3242 5014
284 298 352 365 240
775 323 986 373 rsaaunnnm.

284 490 477 556 conveniunt
511 510 585 556 cum
620 492 660 558 iis
695 512 775 579 quae
805 495 839 558 in
869 494 978 561 vincto
1008 493 1199 562 Prometheo
1226 496 1411 564 invenimus
1442 519 1480 565 ea
1605 528 1606 561 i

284 613 365 679 quae
394 594 477 662 lecta
500 596 628 663 fuerunt
656 600 690 663 in
713 597 818 691 soluto
840 598 1051 680 Prometheo,
1083 601 1140 667 ubi
1162 600 1315 668 Titanum
1338 604 1380 669 ad
1401 603 1479 670 Pro

283 701 450 768 metheum
472 702 569 770 verba
591 708 696 771 erant:

725 887 727 890 y
829 810 1040 892 Φοονοαίπεδίν
1063 815 1094 878 π’

557 912 684 998 ίρυθρῖις
708 918 783 997 ἱερὸν
805 922 918 998 χεῦμα
943 916 1134 998 θαλοίσσνς,

554 1022 801 1104 χαλκοαίραυνίν
824 1048 861 1089 τε
883 1027 957 1105 παρ’
977 1026 1122 1106 Ὠκεανῷ

555 1127 671 1207 λίμναν
693 1129 906 1212 πανποπρίφον
929 1132 1115 1218 Αίίνίπσν,’

554 1231 591 1299 ἵν’
615 1233 629 1297 ί
652 1234 838 1310 πανπίππας
860 1234 968 1311 Ἥλιος
991 1238 1040 1304 ciel

550 1342 645 1420 χρῶτ’
668 1339 822 1407 οίίοίναπον
844 1342 988 1422 κάματόν
1013 1343 1038 1408 θ’
1061 1342 1164 1412 ἵππον

553 1446 678 1525 ίερμαίς
703 1444 813 1521 ὕδατος

552 1556 700 1631 μαλακοῦ
723 1559 872 1635 προχοαῖς
893 1553 1061 1623 ἀναπαύεο.

325 1656 396 1724 Ηοο
424 1657 494 1725 loco
525 1657 618 1736 λίμνη
650 1657 761 1725 eadem
789 1664 852 1737 est,
885 1681 966 1745 quae
989 1661 1074 1737 ἡλίου
1098 1661 1201 1740 πηγαί
1223 1661 1258 1726 in
1280 1660 1474 1729 Prometheo

278 1765 388 1831 vincto
418 1785 465 1832 rs.
490 1762 568 1843 808.
614 1764 663 1831 nx
693 1765 754 1832 hoc
783 1765 875 1845 lacu,
907 1773 946 1832 nt
975 1765 1126 1834 credibile
1155 1773 1219 1846 est,
1251 1768 1314 1835 duo
1336 1767 1473 1835 flumina

279 1872 438 1958 originem
469 1871 605 1949 ducunt,
639 1873 754 1957 quibus
786 1876 931 1939 crescunt
960 1879 1032 1940 tum
1061 1872 1157 1940 Nilus
1178 1878 1251 1939 tum
1272 1853 1380 1939 Indus.
1429 1874 1472 1941 nt
1506 1882 1514 1893 '

277 1996 388 2042 revera
410 1972 555 2042 Gaernlei
577 1976 647 2043 Nili
668 1976 757 2044 lacus
780 1978 848 2044 fons
871 1985 928 2045 est.
964 1978 1067 2068 Regio
1091 1984 1139 2044 est
1158 1977 1333 2056 Κοοοίοαίο,
1353 1979 1389 2044 in
1406 2000 1471 2065 qna

278 2187 318 2252 ab
342 2185 500 2274 Aeschylo
523 2208 559 2254 eo
581 2187 679 2256 fuisse
701 2196 849 2256 remotus.

727 2295 828 2360 Cetera
850 2297 965 2362 οίονυαί.

322 2397 398 2465 Alia
430 2397 580 2466 Kiehlius
612 2399 779 2467 additurus
812 2406 880 2469 erat
913 2402 951 2469 de
981 2400 1035 2469 Ius
1065 2402 1222 2469 erroribus
1251 2403 1285 2466 in
1315 2399 1471 2488 Aeschyli

276 2503 498 2591 supplicibus,
523 2506 578 2572 sed
599 2508 665 2573 feto
683 2508 863 2593 prohibitus
881 2507 953 2573 fuit.
989 2508 1148 2594 liquidem
1168 2504 1266 2574 ehsui
1291 2513 1360 2573 tam
1378 2528 1469 2593 prae

276 2610 360 2677 clero
401 2613 504 2678 amico
544 2613 693 2690 orbatus,
733 2614 938 2700 potissimum
973 2633 1191 2690 commoveor,
1227 2612 1306 2679 dum
1340 2616 1467 2701 cogito,

275 2717 359 2804 quod
383 2719 566 2803 saepissime
589 2718 686 2796 faeie,
716 2739 812 2803 quam
837 2721 928 2784 docus
949 2718 1006 2785 ille
1026 2722 1078 2787 vir
1100 2719 1207 2785 fuerit.
1253 2717 1341 2785 Dum
1364 2724 1468 2785 verte·

273 2823 349 2889 bem
373 2823 622 2909 disputationem
645 2825 851 2908 quantumvis
874 2824 1113 2910 imperfectam,
1138 2822 1327 2910 reputabam
1347 2826 1468 2902 etiam,

274 2950 370 3014 quam
400 2930 544 2995 veriaet
567 2934 713 2995 accurata
735 2931 769 2995 in
793 2950 829 2997 eo
852 2930 989 2995 οίσονοίαο
1013 2933 1138 3006 inesset,
1186 2928 1333 2994 Lectores
1355 2935 1467 2996 autem

274 3037 329 3120 qui
359 3033 528 3100 Kiehlium
558 3056 620 3101 non
650 3036 758 3121 ipsum
789 3041 1022 3123 cognoverunt,
1055 3035 1257 3101 recordentur
1279 3033 1379 3101 velim
1400 3056 1467 3102 non

272 3139 350 3207 haec
372 3161 438 3205 esse
461 3139 580 3206 abillo
603 3140 705 3216 edita,
728 3140 783 3205 sed
806 3140 845 3207 ds
868 3143 936 3228 ejus
956 3141 1064 3208 itinere
1083 3146 1183 3227 rapta.
1217 3139 1378 3225 Quidquid
1389 3141 1466 3207 vitii

272 3245 452 3312 dissertatio
474 3244 588 3324 habet,
614 3266 711 3331 quam
727 3266 790 3311 non
801 3248 986 3313 retractavit
1006 3252 1039 3312 ot
1058 3245 1247 3332 perpolivit,
1273 3248 1300 3311 si
1319 3244 1467 3312 licuisset

235 3410 240 3413 .
273 3351 498 3420 emendaturus
530 3351 643 3417 fuisset
676 3354 753 3437 ipse.
801 3350 863 3432 Qui
897 3351 1067 3419 Kiehlium
1098 3356 1261 3429 amerimt,
1299 3357 1349 3418 sat
1378 3355 1462 3430 scio,

271 3459 358 3548 grati
391 3458 547 3543 accipient
580 3477 660 3543 quae
690 3476 799 3522 eorum
830 3459 1036 3543 potissimum
1067 3460 1101 3523 in
1132 3460 1273 3547 gratiam
1299 3457 1461 3543 descripsi

271 3565 423 3651 Apposite
445 3565 534 3629 venit
555 3561 639 3627 mihi
658 3583 741 3627 nunc
761 3558 874 3628 Cobeti
891 3565 925 3628 in
944 3569 1105 3641 mentem,
1123 3566 1179 3650 qui
1198 3584 1315 3649 nuper,
1334 3562 1394 3628 hoc
1413 3567 1463 3629 est

271 3676 344 3738 aute
364 3672 537 3737 triennium
561 3669 642 3745 fere,
666 3688 767 3753 quum
790 3669 909 3734 festum
929 3668 1015 3734 diem
1035 3690 1109 3734 cum
1121 3669 1284 3736 veteribus
1295 3667 1462 3755 discipulis

270 3782 380 3866 ageret
401 3782 434 3843 et
456 3774 625 3841 Kiehlium
648 3774 882 3855 συμποσίαρχον
905 3795 1009 3841 creare
1031 3773 1145 3853 vellet,
1170 3776 1216 3839 ita
1240 3773 1340 3840 dixit:

451 3887 513 3956 πῶς
540 3881 579 3948 ἂν
604 3880 700 3949 ἔπειτ’
725 3880 872 3956 Ὀδυσῆος
894 3881 955 3958 ἐγὼ
978 3880 1061 3946 ίείοιο
1086 3882 1254 3957 λαίοίμννς

270 4011 333 4077 quo
356 3989 466 4057 audito
496 4009 605 4055 omnes
628 3989 780 4056 convivae
801 3989 835 4053 in
859 3986 1028 4054 Kiehlium
1052 3986 1159 4052 oculos
1182 3989 1406 4055 converterunt
1429 3991 1463 4050 et

269 4097 420 4184 plausum
443 4095 607 4162 dederunt.

315 4203 452 4269 Plausus
474 4205 540 4268 iam
564 4201 621 4267 diu
643 4206 691 4267 est
714 4221 754 4266 ex
776 4222 838 4288 quo
861 4200 1032 4278 conticuit,
1056 4197 1204 4286 planctus
1226 4200 1385 4265 successit.

405 4322 638 4389 omissionem
1034 4346 1071 4421 g
1141 4319 1173 4387 s.
1194 4321 1232 4387 s.
1257 4318 1437 4387 osana:

321 4429 351 4494 s.
377 4427 420 4494 14
443 4449 487 4494 m.
511 4428 602 4496 near.
629 4425 726 4493 1874.
