<?xml version="1.0" encoding="UTF-8"?>
<!DOCTYPE html PUBLIC "-//W3C//DTD XHTML 1.0 Transitional//EN"
    "http://www.w3.org/TR/xhtml1/DTD/xhtml1-transitional.dtd">
<html xmlns="http://www.w3.org/1999/xhtml" xml:lang="en" lang="en">
 <head>
  <title>
</title>
<meta http-equiv="Content-Type" content="text/html;charset=utf-8" />
  <meta name='ocr-system' content='tesseract 3.04.00' />
  <meta name='ocr-capabilities' content='ocr_page ocr_carea ocr_par ocr_line ocrx_word'/>
</head>
<body>
  <div class='ocr_page' id='page_1' title='image "./mnemosynebiblio00servgoog_0337.png"; bbox 0 0 3330 5012; ppageno 0'>
   <div class='ocr_carea' id='block_1_1' title="bbox 274 352 1069 442">
    <p class='ocr_par' dir='ltr' id='par_1_1' title="bbox 274 352 1069 442">
     <span class='ocr_line' id='line_1_1' title="bbox 274 352 1069 442; baseline 0.005 -6"><span class='ocrx_word' id='word_1_1' title='bbox 274 371 341 436; x_wconf 76' lang='lat'><strong>326</strong></span> <span class='ocrx_word' id='word_1_2' title='bbox 672 352 906 440; x_wconf 80' lang='lat' dir='ltr'><strong>ouseursrrours</strong></span> <span class='ocrx_word' id='word_1_3' title='bbox 935 393 1069 442; x_wconf 73' lang='lat' dir='ltr'><strong>currimus</strong></span> 
     </span>
    </p>
   </div>
   <div class='ocr_carea' id='block_1_2' title="bbox 207 557 1507 3162">
    <p class='ocr_par' dir='ltr' id='par_1_2' title="bbox 273 557 1464 1053">
     <span class='ocr_line' id='line_1_2' title="bbox 275 557 1462 650; baseline 0.009 -28"><span class='ocrx_word' id='word_1_4' title='bbox 275 557 439 644; x_wconf 72' lang='lat' dir='ltr'><strong>optativus</strong></span> <span class='ocrx_word' id='word_1_5' title='bbox 462 576 526 645; x_wconf 84' lang='lat' dir='ltr'><strong>quo</strong></span> <span class='ocrx_word' id='word_1_6' title='bbox 548 557 728 626; x_wconf 79' lang='lat' dir='ltr'><strong>referatur:</strong></span> <span class='ocrx_word' id='word_1_7' title='bbox 755 560 833 630; x_wconf 84' lang='lat' dir='ltr'><strong>iatct</strong></span> <span class='ocrx_word' id='word_1_8' title='bbox 856 558 1064 650; x_wconf 78' lang='lat' dir='ltr'><strong>participium</strong></span> <span class='ocrx_word' id='word_1_9' title='bbox 1088 564 1462 644; x_wconf 75' lang='grc' dir='ltr'><strong><em>καταναρκασίείς.</em></strong></span> 
     </span>
     <span class='ocr_line' id='line_1_3' title="bbox 273 661 1464 759; baseline 0.006 -31"><span class='ocrx_word' id='word_1_10' title='bbox 273 661 428 728; x_wconf 72' lang='lat' dir='ltr'><strong>bimatum</strong></span> <span class='ocrx_word' id='word_1_11' title='bbox 453 670 502 729; x_wconf 91' lang='lat' dir='ltr'><strong>est</strong></span> <span class='ocrx_word' id='word_1_12' title='bbox 525 661 636 730; x_wconf 86' lang='lat' dir='ltr'><strong>eodem</strong></span> <span class='ocrx_word' id='word_1_13' title='bbox 660 663 755 731; x_wconf 84' lang='lat' dir='ltr'><strong>mouo</strong></span> <span class='ocrx_word' id='word_1_14' title='bbox 778 667 864 754; x_wconf 80' lang='lat' dir='ltr'><strong>apud</strong></span> <span class='ocrx_word' id='word_1_15' title='bbox 889 665 1053 734; x_wconf 82' lang='lat' dir='ltr'><strong>Platonem</strong></span> <span class='ocrx_word' id='word_1_16' title='bbox 1075 669 1109 733; x_wconf 88' lang='lat' dir='ltr'><strong>iu</strong></span> <span class='ocrx_word' id='word_1_17' title='bbox 1130 668 1268 754; x_wconf 81' lang='lat' dir='ltr'><strong>Legibus</strong></span> <span class='ocrx_word' id='word_1_18' title='bbox 1287 668 1314 737; x_wconf 87' lang='grc' dir='ltr'><strong>ί.</strong></span> <span class='ocrx_word' id='word_1_19' title='bbox 1331 688 1363 756; x_wconf 84' lang='grc' dir='ltr'><strong>ρ.</strong></span> <span class='ocrx_word' id='word_1_20' title='bbox 1379 672 1464 759; x_wconf 66' lang='lat' dir='ltr'><strong>bopo</strong></span> 
     </span>
     <span class='ocr_line' id='line_1_4' title="bbox 273 767 1464 865; baseline 0.007 -34"><span class='ocrx_word' id='word_1_21' title='bbox 273 767 514 847; x_wconf 76' lang='grc' dir='ltr'><strong><em>ρυμνασάμενον</em></strong></span> <span class='ocrx_word' id='word_1_22' title='bbox 533 769 591 848; x_wconf 75' lang='grc' dir='ltr'><strong>μὶν</strong></span> <span class='ocrx_word' id='word_1_23' title='bbox 609 767 644 836; x_wconf 77' lang='grc' dir='ltr'><strong>εὖ</strong></span> <span class='ocrx_word' id='word_1_24' title='bbox 663 769 715 835; x_wconf 82' lang='grc' dir='ltr'><strong>καὶ</strong></span> <span class='ocrx_word' id='word_1_25' title='bbox 736 771 876 854; x_wconf 84' lang='grc' dir='ltr'><strong><em>ἀνδρείας</em></strong></span> <span class='ocrx_word' id='word_1_26' title='bbox 895 772 1025 854; x_wconf 73' lang='grc' dir='ltr'><strong><em>ἀζήμιον</em></strong></span> <span class='ocrx_word' id='word_1_27' title='bbox 1047 773 1270 848; x_wconf 69' lang='grc' dir='ltr'><strong>ἀπαλλάττοις</strong></span> <span class='ocrx_word' id='word_1_28' title='bbox 1288 772 1344 848; x_wconf 83' lang='grc' dir='ltr'><strong>ἀν.</strong></span> <span class='ocrx_word' id='word_1_29' title='bbox 1362 781 1464 865; x_wconf 65' lang='grc' dir='ltr'><strong><em>κακῶς</em></strong></span> 
     </span>
     <span class='ocr_line' id='line_1_5' title="bbox 273 872 1464 966; baseline 0.007 -29"><span class='ocrx_word' id='word_1_30' title='bbox 273 872 304 938; x_wconf 67' lang='grc' dir='ltr'><strong>δὲ</strong></span> <span class='ocrx_word' id='word_1_31' title='bbox 334 872 450 954; x_wconf 84' lang='grc' dir='ltr'><strong><em>ζημίαν</em></strong></span> <span class='ocrx_word' id='word_1_32' title='bbox 479 873 702 951; x_wconf 80' lang='grc' dir='ltr'><strong><em>ίπιτιίείς,</em></strong></span> <span class='ocrx_word' id='word_1_33' title='bbox 735 874 788 941; x_wconf 89' lang='lat' dir='ltr'><strong>ubi</strong></span> <span class='ocrx_word' id='word_1_34' title='bbox 822 877 853 942; x_wconf 89' lang='lat' dir='ltr'><strong>in</strong></span> <span class='ocrx_word' id='word_1_35' title='bbox 887 876 988 943; x_wconf 75' lang='lat' dir='ltr'><strong>citior</strong></span> <span class='ocrx_word' id='word_1_36' title='bbox 1021 879 1253 966; x_wconf 73' lang='lat' dir='ltr'><strong>compositione</strong></span> <span class='ocrx_word' id='word_1_37' title='bbox 1283 878 1464 964; x_wconf 85' lang='lat' dir='ltr'><strong>requiritur</strong></span> 
     </span>
     <span class='ocr_line' id='line_1_6' title="bbox 273 977 511 1053; baseline 0.008 -11"><span class='ocrx_word' id='word_1_38' title='bbox 273 977 511 1053; x_wconf 79' lang='grc' dir='ltr'><strong><em>ίπιτιίείης.</em></strong></span> 
     </span>
    </p>

    <p class='ocr_par' dir='ltr' id='par_1_3' title="bbox 207 1080 1507 3162">
     <span class='ocr_line' id='line_1_7' title="bbox 319 1080 1462 1170; baseline 0.007 -23"><span class='ocrx_word' id='word_1_39' title='bbox 319 1080 514 1169; x_wconf 84' lang='lat' dir='ltr'><strong>Corruptum</strong></span> <span class='ocrx_word' id='word_1_40' title='bbox 539 1102 611 1149; x_wconf 85' lang='lat' dir='ltr'><strong>esse</strong></span> <span class='ocrx_word' id='word_1_41' title='bbox 629 1081 741 1168; x_wconf 81' lang='lat' dir='ltr'><strong>judico</strong></span> <span class='ocrx_word' id='word_1_42' title='bbox 766 1104 795 1170; x_wconf 92' lang='lat' dir='ltr'><strong>p.</strong></span> <span class='ocrx_word' id='word_1_43' title='bbox 816 1088 893 1150; x_wconf 73' lang='lat'><strong>250.</strong></span> <span class='ocrx_word' id='word_1_44' title='bbox 917 1090 960 1151; x_wconf 78' lang='lat'><strong>37</strong></span> <span class='ocrx_word' id='word_1_45' title='bbox 983 1088 1018 1151; x_wconf 74' lang='grc' dir='ltr'><strong>ἐκ</strong></span> <span class='ocrx_word' id='word_1_46' title='bbox 1040 1086 1137 1166; x_wconf 79' lang='grc' dir='ltr'><strong><em>μέσης</em></strong></span> <span class='ocrx_word' id='word_1_47' title='bbox 1161 1094 1218 1162; x_wconf 81' lang='grc' dir='ltr'><strong>της</strong></span> <span class='ocrx_word' id='word_1_48' title='bbox 1240 1085 1391 1161; x_wconf 80' lang='grc' dir='ltr'><strong><em>ἐλλσίδσς</em></strong></span> <span class='ocrx_word' id='word_1_49' title='bbox 1411 1088 1462 1154; x_wconf 61' lang='grc' dir='ltr'><strong>ἀπ’</strong></span> 
     </span>
     <span class='ocr_line' id='line_1_8' title="bbox 274 1188 1463 1279; baseline 0.004 -26"><span class='ocrx_word' id='word_1_50' title='bbox 274 1189 289 1252; x_wconf 85' lang='grc' dir='ltr'><strong><em>ί</em></strong></span> <span class='ocrx_word' id='word_1_51' title='bbox 297 1211 317 1253; x_wconf 95' lang='grc' dir='ltr'><strong><em>σ</em></strong></span> <span class='ocrx_word' id='word_1_52' title='bbox 325 1188 460 1268; x_wconf 80' lang='grc' dir='ltr'><strong><em>χαίτης</em></strong></span> <span class='ocrx_word' id='word_1_53' title='bbox 484 1196 544 1268; x_wconf 75' lang='grc' dir='ltr'><strong>γῆς</strong></span> <span class='ocrx_word' id='word_1_54' title='bbox 568 1189 732 1266; x_wconf 63' lang='lat' dir='ltr'><strong>strumo</strong></span> <span class='ocrx_word' id='word_1_55' title='bbox 754 1191 1019 1271; x_wconf 77' lang='grc' dir='ltr'><strong><em>ἀναπεμφίιῑναι·</em></strong></span> <span class='ocrx_word' id='word_1_56' title='bbox 1044 1200 1205 1279; x_wconf 86' lang='lat' dir='ltr'><strong>expuncto</strong></span> <span class='ocrx_word' id='word_1_57' title='bbox 1229 1192 1358 1259; x_wconf 82' lang='lat' dir='ltr'><strong>nomine</strong></span> <span class='ocrx_word' id='word_1_58' title='bbox 1388 1210 1463 1279; x_wconf 79' lang='lat' dir='ltr'><strong>pro·</strong></span> 
     </span>
     <span class='ocr_line' id='line_1_9' title="bbox 274 1293 1461 1382; baseline 0.003 -22"><span class='ocrx_word' id='word_1_59' title='bbox 274 1295 345 1379; x_wconf 90' lang='lat' dir='ltr'><strong>prio</strong></span> <span class='ocrx_word' id='word_1_60' title='bbox 376 1294 563 1380; x_wconf 74' lang='lat' dir='ltr'><strong>scripserim</strong></span> <span class='ocrx_word' id='word_1_61' title='bbox 597 1294 648 1360; x_wconf 74' lang='grc' dir='ltr'><strong>ἐπ’</strong></span> <span class='ocrx_word' id='word_1_62' title='bbox 678 1293 840 1376; x_wconf 77' lang='grc' dir='ltr'><strong><em>ἔσχατα</em></strong></span> <span class='ocrx_word' id='word_1_63' title='bbox 869 1305 964 1373; x_wconf 69' lang='grc' dir='ltr'><strong><em>νῆν,</em></strong></span> <span class='ocrx_word' id='word_1_64' title='bbox 989 1297 1084 1362; x_wconf 89' lang='lat' dir='ltr'><strong>sicuti</strong></span> <span class='ocrx_word' id='word_1_65' title='bbox 1110 1315 1142 1382; x_wconf 89' lang='lat' dir='ltr'><strong>p.</strong></span> <span class='ocrx_word' id='word_1_66' title='bbox 1158 1300 1234 1363; x_wconf 75' lang='lat'><strong>291.</strong></span> <span class='ocrx_word' id='word_1_67' title='bbox 1260 1302 1303 1363; x_wconf 78' lang='lat' dir='ltr'><strong>bii</strong></span> <span class='ocrx_word' id='word_1_68' title='bbox 1327 1305 1387 1377; x_wconf 75' lang='grc' dir='ltr'><strong>νοῑι</strong></span> <span class='ocrx_word' id='word_1_69' title='bbox 1409 1295 1461 1363; x_wconf 71' lang='grc' dir='ltr'><strong>ἐπ’</strong></span> 
     </span>
     <span class='ocr_line' id='line_1_10' title="bbox 274 1397 1461 1487; baseline 0.002 -23"><span class='ocrx_word' id='word_1_70' title='bbox 274 1397 413 1481; x_wconf 74' lang='grc' dir='ltr'><strong><em>ἔσχατόν</em></strong></span> <span class='ocrx_word' id='word_1_71' title='bbox 435 1423 465 1465; x_wconf 90' lang='grc' dir='ltr'><strong>τι</strong></span> <span class='ocrx_word' id='word_1_72' title='bbox 489 1398 594 1482; x_wconf 78' lang='grc' dir='ltr'><strong><em>τέρας.</em></strong></span> <span class='ocrx_word' id='word_1_73' title='bbox 630 1399 789 1465; x_wconf 82' lang='lat' dir='ltr'><strong>Minutum</strong></span> <span class='ocrx_word' id='word_1_74' title='bbox 814 1418 942 1487; x_wconf 87' lang='lat' dir='ltr'><strong>quoque</strong></span> <span class='ocrx_word' id='word_1_75' title='bbox 963 1401 1079 1468; x_wconf 85' lang='lat' dir='ltr'><strong>vitium</strong></span> <span class='ocrx_word' id='word_1_76' title='bbox 1101 1400 1250 1467; x_wconf 85' lang='lat' dir='ltr'><strong>iectionis</strong></span> <span class='ocrx_word' id='word_1_77' title='bbox 1271 1410 1321 1468; x_wconf 86' lang='lat' dir='ltr'><strong>est</strong></span> <span class='ocrx_word' id='word_1_78' title='bbox 1345 1420 1374 1487; x_wconf 90' lang='lat' dir='ltr'><strong>p.</strong></span> <span class='ocrx_word' id='word_1_79' title='bbox 1385 1405 1461 1467; x_wconf 75' lang='lat' dir='ltr'><strong>ool.</strong></span> 
     </span>
     <span class='ocr_line' id='line_1_11' title="bbox 276 1501 1462 1587; baseline 0.003 -16"><span class='ocrx_word' id='word_1_80' title='bbox 276 1507 319 1571; x_wconf 74' lang='lat'><strong>29</strong></span> <span class='ocrx_word' id='word_1_81' title='bbox 343 1501 418 1571; x_wconf 82' lang='grc' dir='ltr'><strong><em>οὕτω</em></strong></span> <span class='ocrx_word' id='word_1_82' title='bbox 442 1504 499 1583; x_wconf 62' lang='grc' dir='ltr'><strong>μὲν</strong></span> <span class='ocrx_word' id='word_1_83' title='bbox 520 1505 538 1580; x_wconf 72' lang='grc' dir='ltr'><strong><em>σί</em></strong></span> <span class='ocrx_word' id='word_1_84' title='bbox 560 1503 674 1580; x_wconf 79' lang='grc' dir='ltr'><strong><em>κακίτη</em></strong></span> <span class='ocrx_word' id='word_1_85' title='bbox 696 1504 800 1583; x_wconf 79' lang='grc' dir='ltr'><strong><em>Θίσβη</em></strong></span> <span class='ocrx_word' id='word_1_86' title='bbox 821 1505 886 1571; x_wconf 84' lang='grc' dir='ltr'><strong>καί</strong></span> <span class='ocrx_word' id='word_1_87' title='bbox 911 1506 999 1580; x_wconf 90' lang='grc' dir='ltr'><strong><em>δίκας</em></strong></span> <span class='ocrx_word' id='word_1_88' title='bbox 1019 1506 1071 1571; x_wconf 83' lang='grc' dir='ltr'><strong>ὑπ’</strong></span> <span class='ocrx_word' id='word_1_89' title='bbox 1090 1504 1179 1587; x_wconf 77' lang='grc' dir='ltr'><strong><em>ίψοσι</em></strong></span> <span class='ocrx_word' id='word_1_90' title='bbox 1198 1506 1259 1572; x_wconf 82' lang='grc' dir='ltr'><strong><em>νυνί</em></strong></span> <span class='ocrx_word' id='word_1_91' title='bbox 1278 1514 1350 1580; x_wconf 80' lang='grc' dir='ltr'><strong><em>ταῖς</em></strong></span> <span class='ocrx_word' id='word_1_92' title='bbox 1370 1507 1462 1585; x_wconf 62' lang='lat' dir='ltr'><strong>tuere</strong></span> 
     </span>
     <span class='ocr_line' id='line_1_12' title="bbox 273 1602 1462 1692; baseline 0 -16"><span class='ocrx_word' id='word_1_93' title='bbox 273 1611 457 1692; x_wconf 78' lang='grc' dir='ltr'><strong><em>ὑπσσχιῦσα</em></strong></span> <span class='ocrx_word' id='word_1_94' title='bbox 488 1614 546 1674; x_wconf 79' lang='grc' dir='ltr'><strong>τῶν</strong></span> <span class='ocrx_word' id='word_1_95' title='bbox 576 1610 707 1684; x_wconf 70' lang='lat' dir='ltr'><strong>’Aenum</strong></span> <span class='ocrx_word' id='word_1_96' title='bbox 738 1609 915 1688; x_wconf 77' lang='grc' dir='ltr'><strong><em>ἐξέπλευσε.</em></strong></span> <span class='ocrx_word' id='word_1_97' title='bbox 962 1610 1069 1690; x_wconf 84' lang='lat' dir='ltr'><strong>Quum</strong></span> <span class='ocrx_word' id='word_1_98' title='bbox 1103 1602 1213 1676; x_wconf 85' lang='lat' dir='ltr'><strong>notum</strong></span> <span class='ocrx_word' id='word_1_99' title='bbox 1239 1619 1287 1678; x_wconf 82' lang='lat' dir='ltr'><strong>esi</strong></span> <span class='ocrx_word' id='word_1_100' title='bbox 1310 1608 1462 1676; x_wconf 81' lang='lat' dir='ltr'><strong>contundi</strong></span> 
     </span>
     <span class='ocr_line' id='line_1_13' title="bbox 273 1711 1460 1802; baseline 0.001 -23"><span class='ocrx_word' id='word_1_101' title='bbox 273 1713 375 1780; x_wconf 81' lang='lat' dir='ltr'><strong>sotere</strong></span> <span class='ocrx_word' id='word_1_102' title='bbox 394 1712 448 1781; x_wconf 83' lang='grc' dir='ltr'><strong>καὶ</strong></span> <span class='ocrx_word' id='word_1_103' title='bbox 467 1721 501 1781; x_wconf 88' lang='lat' dir='ltr'><strong>et</strong></span> <span class='ocrx_word' id='word_1_104' title='bbox 520 1715 554 1789; x_wconf 75' lang='grc' dir='ltr'><strong>η,</strong></span> <span class='ocrx_word' id='word_1_105' title='bbox 573 1713 609 1791; x_wconf 74' lang='grc' dir='ltr'><strong>ἢ,</strong></span> <span class='ocrx_word' id='word_1_106' title='bbox 628 1712 663 1791; x_wconf 72' lang='grc' dir='ltr'><strong>ἦ,</strong></span> <span class='ocrx_word' id='word_1_107' title='bbox 684 1711 721 1796; x_wconf 70' lang='grc' dir='ltr'><strong>ί,</strong></span> <span class='ocrx_word' id='word_1_108' title='bbox 741 1713 793 1782; x_wconf 85' lang='lat' dir='ltr'><strong>hic</strong></span> <span class='ocrx_word' id='word_1_109' title='bbox 813 1734 940 1802; x_wconf 86' lang='lat' dir='ltr'><strong>quoquc</strong></span> <span class='ocrx_word' id='word_1_110' title='bbox 956 1713 1192 1781; x_wconf 85' lang='lat' dir='ltr'><strong>emendandum</strong></span> <span class='ocrx_word' id='word_1_111' title='bbox 1211 1722 1260 1782; x_wconf 87' lang='lat' dir='ltr'><strong>cst</strong></span> <span class='ocrx_word' id='word_1_112' title='bbox 1280 1719 1297 1792; x_wconf 78' lang='grc' dir='ltr'><strong><em>η</em></strong></span> <span class='ocrx_word' id='word_1_113' title='bbox 1317 1716 1460 1789; x_wconf 74' lang='grc' dir='ltr'><strong><em>δίκας...</em></strong></span> 
     </span>
     <span class='ocr_line' id='line_1_14' title="bbox 207 1817 1461 1906; baseline 0.001 -21"><span class='ocrx_word' id='word_1_114' title='bbox 207 1834 209 1837; x_wconf 78' lang='grc'>’</span> <span class='ocrx_word' id='word_1_115' title='bbox 273 1821 467 1903; x_wconf 78' lang='grc' dir='ltr'><strong><em>ὑποσχιῦσα.</em></strong></span> <span class='ocrx_word' id='word_1_116' title='bbox 515 1817 604 1884; x_wconf 86' lang='lat' dir='ltr'><strong>idem</strong></span> <span class='ocrx_word' id='word_1_117' title='bbox 636 1819 751 1884; x_wconf 85' lang='lat' dir='ltr'><strong>uitium</strong></span> <span class='ocrx_word' id='word_1_118' title='bbox 786 1820 926 1886; x_wconf 75' lang='lat' dir='ltr'><strong>recurrit</strong></span> <span class='ocrx_word' id='word_1_119' title='bbox 950 1818 1034 1885; x_wconf 82' lang='lat' dir='ltr'><strong>inira</strong></span> <span class='ocrx_word' id='word_1_120' title='bbox 1059 1840 1088 1906; x_wconf 89' lang='lat' dir='ltr'><strong>p.</strong></span> <span class='ocrx_word' id='word_1_121' title='bbox 1108 1823 1183 1886; x_wconf 81' lang='lat'><strong>387.</strong></span> <span class='ocrx_word' id='word_1_122' title='bbox 1207 1824 1246 1885; x_wconf 75' lang='grc'><strong>13</strong></span> <span class='ocrx_word' id='word_1_123' title='bbox 1269 1821 1314 1887; x_wconf 79' lang='grc' dir='ltr'><strong><em>τά</em></strong></span> <span class='ocrx_word' id='word_1_124' title='bbox 1336 1820 1461 1902; x_wconf 66' lang='lat' dir='ltr'><strong>propic-</strong></span> 
     </span>
     <span class='ocr_line' id='line_1_15' title="bbox 273 1923 1460 2007; baseline 0.001 -17"><span class='ocrx_word' id='word_1_125' title='bbox 273 1948 366 2002; x_wconf 85' lang='grc' dir='ltr'><strong><em>ματα</em></strong></span> <span class='ocrx_word' id='word_1_126' title='bbox 400 1924 620 2003; x_wconf 73' lang='grc' dir='ltr'><strong><em>γιγνώσκουσιν</em></strong></span> <span class='ocrx_word' id='word_1_127' title='bbox 651 1925 737 1990; x_wconf 74' lang='grc' dir='ltr'><strong><em>αὐτοὶ</em></strong></span> <span class='ocrx_word' id='word_1_128' title='bbox 767 1923 785 2000; x_wconf 75' lang='lat' dir='ltr'><strong>i</strong></span> <span class='ocrx_word' id='word_1_129' title='bbox 818 1923 1040 2005; x_wconf 81' lang='grc' dir='ltr'><strong><em>συνεκίεμίνοις</em></strong></span> <span class='ocrx_word' id='word_1_130' title='bbox 1063 1923 1109 1993; x_wconf 76' lang='lat' dir='ltr'><strong>lsi</strong></span> <span class='ocrx_word' id='word_1_131' title='bbox 1138 1924 1359 2007; x_wconf 72' lang='grc' dir='ltr'><strong><em>γνωρίσματα,</em></strong></span> <span class='ocrx_word' id='word_1_132' title='bbox 1381 1925 1460 2001; x_wconf 79' lang='grc' dir='ltr'><strong><em>ατί..</em></strong></span> 
     </span>
     <span class='ocr_line' id='line_1_16' title="bbox 275 2025 1461 2116; baseline 0.001 -22"><span class='ocrx_word' id='word_1_133' title='bbox 275 2048 349 2094; x_wconf 87' lang='lat' dir='ltr'><strong>num</strong></span> <span class='ocrx_word' id='word_1_134' title='bbox 371 2025 459 2094; x_wconf 87' lang='lat' dir='ltr'><strong>rides</strong></span> <span class='ocrx_word' id='word_1_135' title='bbox 480 2027 601 2114; x_wconf 86' lang='lat' dir='ltr'><strong>requiri</strong></span> <span class='ocrx_word' id='word_1_136' title='bbox 625 2028 692 2093; x_wconf 80' lang='grc' dir='ltr'><strong>καί</strong></span> <span class='ocrx_word' id='word_1_137' title='bbox 715 2029 949 2109; x_wconf 83' lang='grc' dir='ltr'><strong><em>συνοκίιμίνοις.</em></strong></span> <span class='ocrx_word' id='word_1_138' title='bbox 985 2028 1083 2095; x_wconf 83' lang='lat' dir='ltr'><strong>Juvat</strong></span> <span class='ocrx_word' id='word_1_139' title='bbox 1103 2028 1182 2095; x_wconf 86' lang='lat' dir='ltr'><strong>ulios</strong></span> <span class='ocrx_word' id='word_1_140' title='bbox 1201 2030 1357 2116; x_wconf 82' lang='lat' dir='ltr'><strong>quosdam</strong></span> <span class='ocrx_word' id='word_1_141' title='bbox 1375 2028 1461 2096; x_wconf 87' lang='lat' dir='ltr'><strong>iocus</strong></span> 
     </span>
     <span class='ocr_line' id='line_1_17' title="bbox 271 2131 1456 2221; baseline 0.001 -21"><span class='ocrx_word' id='word_1_142' title='bbox 271 2132 390 2201; x_wconf 81' lang='lat' dir='ltr'><strong>addere</strong></span> <span class='ocrx_word' id='word_1_143' title='bbox 415 2131 525 2200; x_wconf 83' lang='lat' dir='ltr'><strong>eudem</strong></span> <span class='ocrx_word' id='word_1_144' title='bbox 551 2133 676 2198; x_wconf 86' lang='lat' dir='ltr'><strong>ratione</strong></span> <span class='ocrx_word' id='word_1_145' title='bbox 699 2141 879 2219; x_wconf 88' lang='lat' dir='ltr'><strong>corruptos.</strong></span> <span class='ocrx_word' id='word_1_146' title='bbox 925 2132 1018 2221; x_wconf 80' lang='lat' dir='ltr'><strong>Apud</strong></span> <span class='ocrx_word' id='word_1_147' title='bbox 1040 2133 1247 2201; x_wconf 82' lang='lat' dir='ltr'><strong>charitouem</strong></span> <span class='ocrx_word' id='word_1_148' title='bbox 1269 2153 1301 2220; x_wconf 85' lang='lat' dir='ltr'><strong>p.</strong></span> <span class='ocrx_word' id='word_1_149' title='bbox 1318 2138 1393 2201; x_wconf 75' lang='lat'><strong>142.</strong></span> <span class='ocrx_word' id='word_1_150' title='bbox 1419 2141 1456 2201; x_wconf 89' lang='lat' dir='ltr'><strong>lt</strong></span> 
     </span>
     <span class='ocr_line' id='line_1_18' title="bbox 272 2236 1458 2321; baseline 0.003 -17"><span class='ocrx_word' id='word_1_151' title='bbox 272 2240 324 2314; x_wconf 90' lang='grc' dir='ltr'><strong>τί,</strong></span> <span class='ocrx_word' id='word_1_152' title='bbox 357 2237 439 2320; x_wconf 82' lang='grc' dir='ltr'><strong><em>ίφη,</em></strong></span> <span class='ocrx_word' id='word_1_153' title='bbox 470 2237 696 2316; x_wconf 72' lang='grc' dir='ltr'><strong><em>βσβσίλενσσιις</em></strong></span> <span class='ocrx_word' id='word_1_154' title='bbox 728 2237 796 2303; x_wconf 82' lang='grc' dir='ltr'><strong>καί</strong></span> <span class='ocrx_word' id='word_1_155' title='bbox 828 2236 1002 2320; x_wconf 87' lang='grc' dir='ltr'><strong><em>Στοίτειραν</em></strong></span> <span class='ocrx_word' id='word_1_156' title='bbox 1035 2238 1128 2317; x_wconf 74' lang='grc' dir='ltr'><strong><em>ἀνσις</em></strong></span> <span class='ocrx_word' id='word_1_157' title='bbox 1162 2240 1205 2313; x_wconf 89' lang='grc' dir='ltr'><strong>είς</strong></span> <span class='ocrx_word' id='word_1_158' title='bbox 1242 2239 1458 2321; x_wconf 78' lang='grc' dir='ltr'><strong><em>Συρακούσαις</em></strong></span> 
     </span>
     <span class='ocr_line' id='line_1_19' title="bbox 272 2336 1460 2429; baseline 0.001 -19"><span class='ocrx_word' id='word_1_159' title='bbox 272 2343 383 2410; x_wconf 81' lang='grc' dir='ltr'><strong><em>ινιυΙίιι]</em></strong></span> <span class='ocrx_word' id='word_1_160' title='bbox 408 2336 427 2417; x_wconf 73' lang='grc' dir='ltr'><em>ἦ</em></span> <span class='ocrx_word' id='word_1_161' title='bbox 446 2340 635 2409; x_wconf 83' lang='lat' dir='ltr'><strong>rescribere.</strong></span> <span class='ocrx_word' id='word_1_162' title='bbox 683 2341 848 2428; x_wconf 83' lang='lat' dir='ltr'><strong>Imprimis</strong></span> <span class='ocrx_word' id='word_1_163' title='bbox 866 2341 952 2429; x_wconf 84' lang='lat' dir='ltr'><strong>apud</strong></span> <span class='ocrx_word' id='word_1_164' title='bbox 976 2343 1154 2409; x_wconf 84' lang='lat' dir='ltr'><strong>Luciairum</strong></span> <span class='ocrx_word' id='word_1_165' title='bbox 1174 2343 1288 2410; x_wconf 87' lang='lat' dir='ltr'><strong>crebro</strong></span> <span class='ocrx_word' id='word_1_166' title='bbox 1306 2345 1353 2409; x_wconf 85' lang='lat' dir='ltr'><strong>sic</strong></span> <span class='ocrx_word' id='word_1_167' title='bbox 1372 2362 1460 2411; x_wconf 80' lang='lat' dir='ltr'><strong>erru-</strong></span> 
     </span>
     <span class='ocr_line' id='line_1_20' title="bbox 271 2445 1460 2530; baseline 0.001 -16"><span class='ocrx_word' id='word_1_168' title='bbox 271 2456 350 2527; x_wconf 82' lang='lat' dir='ltr'><strong>tur,</strong></span> <span class='ocrx_word' id='word_1_169' title='bbox 375 2467 406 2514; x_wconf 79' lang='lat' dir='ltr'><strong>v.</strong></span> <span class='ocrx_word' id='word_1_170' title='bbox 421 2466 451 2515; x_wconf 86' lang='lat' dir='ltr'><strong>o.</strong></span> <span class='ocrx_word' id='word_1_171' title='bbox 476 2446 569 2513; x_wconf 80' lang='lat' dir='ltr'><strong>Dour.</strong></span> <span class='ocrx_word' id='word_1_172' title='bbox 593 2445 674 2512; x_wconf 80' lang='lat' dir='ltr'><strong>Diui.</strong></span> <span class='ocrx_word' id='word_1_173' title='bbox 700 2450 761 2513; x_wconf 72' lang='grc'><strong>26.</strong></span> <span class='ocrx_word' id='word_1_174' title='bbox 784 2454 796 2511; x_wconf 97' lang='lat' dir='ltr'>l</span> <span class='ocrx_word' id='word_1_175' title='bbox 825 2446 949 2529; x_wconf 79' lang='grc' dir='ltr'><strong><em>πίτερος</em></strong></span> <span class='ocrx_word' id='word_1_176' title='bbox 968 2449 982 2513; x_wconf 86' lang='grc' dir='ltr'><strong><em>ί</em></strong></span> <span class='ocrx_word' id='word_1_177' title='bbox 1002 2448 1111 2530; x_wconf 74' lang='grc' dir='ltr'><strong><em>Καίσαρ</em></strong></span> <span class='ocrx_word' id='word_1_178' title='bbox 1134 2449 1179 2519; x_wconf 73' lang='grc' dir='ltr'><strong>ἐς)</strong></span> <span class='ocrx_word' id='word_1_179' title='bbox 1202 2447 1316 2514; x_wconf 77' lang='grc' dir='ltr'><strong><em>τούτων</em></strong></span> <span class='ocrx_word' id='word_1_180' title='bbox 1333 2447 1350 2524; x_wconf 73' lang='lat' dir='ltr'><strong>i</strong></span> <span class='ocrx_word' id='word_1_181' title='bbox 1370 2448 1460 2515; x_wconf 82' lang='grc' dir='ltr'><strong><em>πίσσ·</em></strong></span> 
     </span>
     <span class='ocr_line' id='line_1_21' title="bbox 273 2550 1460 2639; baseline 0.004 -21"><span class='ocrx_word' id='word_1_182' title='bbox 273 2577 320 2634; x_wconf 85' lang='grc' dir='ltr'><strong>ρος</strong></span> <span class='ocrx_word' id='word_1_183' title='bbox 349 2553 363 2618; x_wconf 84' lang='grc' dir='ltr'><strong><em>δ</em></strong></span> <span class='ocrx_word' id='word_1_184' title='bbox 396 2550 607 2633; x_wconf 81' lang='grc' dir='ltr'><strong><em>Πιλυδσύκηςς</em></strong></span> <span class='ocrx_word' id='word_1_185' title='bbox 641 2551 733 2639; x_wconf 74' lang='lat' dir='ltr'><strong>opud</strong></span> <span class='ocrx_word' id='word_1_186' title='bbox 766 2552 896 2618; x_wconf 86' lang='lat' dir='ltr'><strong>Diouem</strong></span> <span class='ocrx_word' id='word_1_187' title='bbox 930 2551 1079 2620; x_wconf 80' lang='lat' dir='ltr'><strong>Cassium</strong></span> <span class='ocrx_word' id='word_1_188' title='bbox 1109 2550 1341 2620; x_wconf 77' lang='lat' dir='ltr'><strong>consideranda</strong></span> <span class='ocrx_word' id='word_1_189' title='bbox 1364 2552 1460 2623; x_wconf 80' lang='lat' dir='ltr'><strong>verbu</strong></span> 
     </span>
     <span class='ocr_line' id='line_1_22' title="bbox 272 2652 1459 2740; baseline -0.001 -15"><span class='ocrx_word' id='word_1_190' title='bbox 272 2666 349 2725; x_wconf 87' lang='lat' dir='ltr'><strong>suut</strong></span> <span class='ocrx_word' id='word_1_191' title='bbox 374 2661 428 2724; x_wconf 88' lang='grc'><strong>38.</strong></span> <span class='ocrx_word' id='word_1_192' title='bbox 463 2660 501 2724; x_wconf 85' lang='grc'><strong>18</strong></span> <span class='ocrx_word' id='word_1_193' title='bbox 534 2657 601 2723; x_wconf 76' lang='grc' dir='ltr'><strong>ἐπεὶ</strong></span> <span class='ocrx_word' id='word_1_194' title='bbox 634 2656 660 2722; x_wconf 82' lang='grc' dir='ltr'><strong>δ’</strong></span> <span class='ocrx_word' id='word_1_195' title='bbox 690 2652 739 2723; x_wconf 75' lang='grc' dir='ltr'><strong>οὖν</strong></span> <span class='ocrx_word' id='word_1_196' title='bbox 770 2658 802 2723; x_wconf 78' lang='grc' dir='ltr'><strong>ἐν</strong></span> <span class='ocrx_word' id='word_1_197' title='bbox 834 2657 931 2739; x_wconf 77' lang='grc' dir='ltr'><strong><em>τούτῳ</em></strong></span> <span class='ocrx_word' id='word_1_198' title='bbox 962 2657 1153 2734; x_wconf 79' lang='grc' dir='ltr'><strong><em>καίίςηκας,</em></strong></span> <span class='ocrx_word' id='word_1_199' title='bbox 1181 2660 1249 2724; x_wconf 80' lang='grc' dir='ltr'><strong>καί</strong></span> <span class='ocrx_word' id='word_1_200' title='bbox 1273 2658 1337 2740; x_wconf 82' lang='grc' dir='ltr'><strong>ριάρ</strong></span> <span class='ocrx_word' id='word_1_201' title='bbox 1359 2657 1398 2724; x_wconf 84' lang='grc' dir='ltr'><strong>ἀν</strong></span> <span class='ocrx_word' id='word_1_202' title='bbox 1428 2683 1459 2724; x_wconf 91' lang='grc' dir='ltr'><strong>τι</strong></span> 
     </span>
     <span class='ocr_line' id='line_1_23' title="bbox 270 2759 1460 2846; baseline 0 -16"><span class='ocrx_word' id='word_1_203' title='bbox 270 2762 472 2846; x_wconf 72' lang='grc' dir='ltr'><strong><em>ἀφελήσαιμί</em></strong></span> <span class='ocrx_word' id='word_1_204' title='bbox 487 2786 522 2828; x_wconf 83' lang='grc' dir='ltr'><strong><em>σε</em></strong></span> <span class='ocrx_word' id='word_1_205' title='bbox 543 2759 764 2840; x_wconf 79' lang='grc' dir='ltr'><strong><em>διαλιξάμενος</em></strong></span> <span class='ocrx_word' id='word_1_206' title='bbox 783 2786 814 2827; x_wconf 88' lang='grc' dir='ltr'><strong>τι</strong></span> <span class='ocrx_word' id='word_1_207' title='bbox 834 2770 893 2829; x_wconf 77' lang='grc' dir='ltr'><strong>τῶν</strong></span> <span class='ocrx_word' id='word_1_208' title='bbox 911 2762 1097 2845; x_wconf 77' lang='grc' dir='ltr'><strong><em>προσφόρων·</em></strong></span> <span class='ocrx_word' id='word_1_209' title='bbox 1120 2761 1250 2829; x_wconf 84' lang='lat' dir='ltr'><strong>Philisci</strong></span> <span class='ocrx_word' id='word_1_210' title='bbox 1270 2762 1366 2829; x_wconf 83' lang='lat' dir='ltr'><strong>uerba</strong></span> <span class='ocrx_word' id='word_1_211' title='bbox 1383 2772 1460 2830; x_wconf 86' lang='lat' dir='ltr'><strong>suut</strong></span> 
     </span>
     <span class='ocr_line' id='line_1_24' title="bbox 270 2863 1507 2956; baseline -0.002 -21"><span class='ocrx_word' id='word_1_212' title='bbox 270 2868 310 2934; x_wconf 82' lang='lat' dir='ltr'><strong>ud</strong></span> <span class='ocrx_word' id='word_1_213' title='bbox 334 2868 519 2935; x_wconf 81' lang='lat' dir='ltr'><strong>Ciceronem</strong></span> <span class='ocrx_word' id='word_1_214' title='bbox 544 2868 576 2933; x_wconf 91' lang='lat' dir='ltr'><strong>in</strong></span> <span class='ocrx_word' id='word_1_215' title='bbox 603 2865 787 2932; x_wconf 77' lang='lat' dir='ltr'><strong>Macedonia</strong></span> <span class='ocrx_word' id='word_1_216' title='bbox 810 2865 977 2933; x_wconf 77' lang='lat' dir='ltr'><strong>exsulem:</strong></span> <span class='ocrx_word' id='word_1_217' title='bbox 1013 2863 1117 2948; x_wconf 74' lang='grc' dir='ltr'><strong>ἦγάρ</strong></span> <span class='ocrx_word' id='word_1_218' title='bbox 1139 2866 1178 2933; x_wconf 77' lang='grc' dir='ltr'><strong>ἄν</strong></span> <span class='ocrx_word' id='word_1_219' title='bbox 1203 2891 1232 2933; x_wconf 88' lang='grc' dir='ltr'><strong>τι</strong></span> <span class='ocrx_word' id='word_1_220' title='bbox 1257 2869 1458 2951; x_wconf 78' lang='grc' dir='ltr'><strong><em>ὧφιλησαιμί</em></strong></span> <span class='ocrx_word' id='word_1_221' title='bbox 1504 2952 1507 2956; x_wconf 10' lang='grc' dir='ltr'><strong>Δ</strong></span> 
     </span>
     <span class='ocr_line' id='line_1_25' title="bbox 269 2969 1459 3059; baseline -0.001 -20"><span class='ocrx_word' id='word_1_222' title='bbox 269 2994 324 3048; x_wconf 76' lang='lat' dir='ltr'><strong>cc:</strong></span> <span class='ocrx_word' id='word_1_223' title='bbox 347 2971 430 3038; x_wconf 76' lang='lat' dir='ltr'><strong>Alibi</strong></span> <span class='ocrx_word' id='word_1_224' title='bbox 462 2980 537 3039; x_wconf 83' lang='lat' dir='ltr'><strong>unic</strong></span> <span class='ocrx_word' id='word_1_225' title='bbox 566 2970 620 3038; x_wconf 81' lang='grc' dir='ltr'><strong>καί</strong></span> <span class='ocrx_word' id='word_1_226' title='bbox 650 2969 770 3037; x_wconf 86' lang='lat' dir='ltr'><strong>excidit</strong></span> <span class='ocrx_word' id='word_1_227' title='bbox 803 2969 838 3047; x_wconf 75' lang='grc' dir='ltr'><strong>ί,</strong></span> <span class='ocrx_word' id='word_1_228' title='bbox 871 2992 902 3039; x_wconf 88' lang='grc' dir='ltr'><strong>ν.</strong></span> <span class='ocrx_word' id='word_1_229' title='bbox 923 2993 951 3038; x_wconf 92' lang='lat' dir='ltr'><strong>c.</strong></span> <span class='ocrx_word' id='word_1_230' title='bbox 976 2971 1060 3059; x_wconf 82' lang='lat' dir='ltr'><strong>apud</strong></span> <span class='ocrx_word' id='word_1_231' title='bbox 1086 2971 1280 3039; x_wconf 82' lang='lat' dir='ltr'><strong>Herodotum</strong></span> <span class='ocrx_word' id='word_1_232' title='bbox 1307 2971 1390 3039; x_wconf 80' lang='lat' dir='ltr'><strong>viii.</strong></span> <span class='ocrx_word' id='word_1_233' title='bbox 1415 2974 1459 3038; x_wconf 94' lang='grc'><strong>88</strong></span> 
     </span>
     <span class='ocr_line' id='line_1_26' title="bbox 269 3073 1458 3162; baseline 0.001 -20"><span class='ocrx_word' id='word_1_234' title='bbox 269 3078 342 3162; x_wconf 79' lang='grc' dir='ltr'><strong><em>ίρᾷς</em></strong></span> <span class='ocrx_word' id='word_1_235' title='bbox 360 3077 557 3158; x_wconf 76' lang='grc' dir='ltr'><strong><em>Ἀρτεμισίην</em></strong></span> <span class='ocrx_word' id='word_1_236' title='bbox 575 3079 614 3150; x_wconf 79' lang='grc' dir='ltr'><strong>ὦς</strong></span> <span class='ocrx_word' id='word_1_237' title='bbox 634 3073 668 3143; x_wconf 80' lang='grc' dir='ltr'><strong>εὖ</strong></span> <span class='ocrx_word' id='word_1_238' title='bbox 684 3074 870 3157; x_wconf 72' lang='grc' dir='ltr'><strong><em>ἀγωνίζεται</em></strong></span> <span class='ocrx_word' id='word_1_239' title='bbox 890 3078 952 3143; x_wconf 86' lang='grc' dir='ltr'><strong>καί</strong></span> <span class='ocrx_word' id='word_1_240' title='bbox 973 3077 1027 3143; x_wconf 73' lang='grc' dir='ltr'><strong>νέα</strong></span> <span class='ocrx_word' id='word_1_241' title='bbox 1042 3084 1102 3144; x_wconf 83' lang='grc' dir='ltr'><strong>τῶν</strong></span> <span class='ocrx_word' id='word_1_242' title='bbox 1122 3076 1276 3157; x_wconf 81' lang='grc' dir='ltr'><strong><em>πολεμίων</em></strong></span> <span class='ocrx_word' id='word_1_243' title='bbox 1292 3076 1458 3154; x_wconf 77' lang='grc' dir='ltr'><strong><em>κατέδυσε,</em></strong></span> 
     </span>
    </p>
   </div>
   <div class='ocr_carea' id='block_1_3' title="bbox 138 3171 1460 3253">
    <p class='ocr_par' dir='ltr' id='par_1_4' title="bbox 138 3171 1460 3253">
     <span class='ocr_line' id='line_1_27' title="bbox 138 3171 1460 3253; baseline 0.004 -10"><span class='ocrx_word' id='word_1_244' title='bbox 138 3238 143 3243; x_wconf 86' lang='grc'><strong>,</strong></span> <span class='ocrx_word' id='word_1_245' title='bbox 271 3181 327 3248; x_wconf 89' lang='lat' dir='ltr'><strong>ubi</strong></span> <span class='ocrx_word' id='word_1_246' title='bbox 353 3180 594 3248; x_wconf 84' lang='lat' dir='ltr'><strong>rescribendum</strong></span> <span class='ocrx_word' id='word_1_247' title='bbox 625 3189 674 3246; x_wconf 87' lang='lat' dir='ltr'><strong>est</strong></span> <span class='ocrx_word' id='word_1_248' title='bbox 706 3171 811 3253; x_wconf 69' lang='grc' dir='ltr'><strong>ἀκαὶ</strong></span> <span class='ocrx_word' id='word_1_249' title='bbox 834 3181 887 3247; x_wconf 77' lang='grc' dir='ltr'><strong>νέα</strong></span> <span class='ocrx_word' id='word_1_250' title='bbox 910 3206 942 3249; x_wconf 92' lang='grc' dir='ltr'><strong>τ.</strong></span> <span class='ocrx_word' id='word_1_251' title='bbox 963 3207 999 3248; x_wconf 88' lang='grc' dir='ltr'><strong>π.</strong></span> <span class='ocrx_word' id='word_1_252' title='bbox 1020 3182 1177 3248; x_wconf 75' lang='grc' dir='ltr'><strong><em>κατέδυσε.</em></strong></span> <span class='ocrx_word' id='word_1_253' title='bbox 1227 3180 1460 3248; x_wconf 78' lang='lat' dir='ltr'><strong>Demosthenes</strong></span> 
     </span>
    </p>
   </div>
   <div class='ocr_carea' id='block_1_4' title="bbox 268 3283 1459 4531">
    <p class='ocr_par' dir='ltr' id='par_1_5' title="bbox 268 3283 1459 4531">
     <span class='ocr_line' id='line_1_28' title="bbox 270 3283 1457 3374; baseline -0.001 -22"><span class='ocrx_word' id='word_1_254' title='bbox 270 3285 418 3352; x_wconf 86' lang='lat' dir='ltr'><strong>creditur</strong></span> <span class='ocrx_word' id='word_1_255' title='bbox 450 3288 484 3351; x_wconf 90' lang='lat' dir='ltr'><strong>in</strong></span> <span class='ocrx_word' id='word_1_256' title='bbox 515 3286 659 3352; x_wconf 85' lang='lat' dir='ltr'><strong>oratioue</strong></span> <span class='ocrx_word' id='word_1_257' title='bbox 691 3283 762 3352; x_wconf 80' lang='lat' dir='ltr'><strong>adu.</strong></span> <span class='ocrx_word' id='word_1_258' title='bbox 811 3286 1043 3353; x_wconf 83' lang='lat' dir='ltr'><strong>Pautuenotum</strong></span> <span class='ocrx_word' id='word_1_259' title='bbox 1076 3289 1160 3371; x_wconf 77' lang='lat'><strong>§55</strong></span> <span class='ocrx_word' id='word_1_260' title='bbox 1192 3287 1361 3374; x_wconf 82' lang='lat' dir='ltr'><strong>scripsisse</strong></span> <span class='ocrx_word' id='word_1_261' title='bbox 1391 3285 1457 3370; x_wconf 74' lang='grc' dir='ltr'><strong>περὶ</strong></span> 
     </span>
     <span class='ocr_line' id='line_1_29' title="bbox 272 3389 1458 3473; baseline -0.001 -15"><span class='ocrx_word' id='word_1_262' title='bbox 272 3398 327 3459; x_wconf 80' lang='grc' dir='ltr'><strong>τοῦ</strong></span> <span class='ocrx_word' id='word_1_263' title='bbox 351 3393 427 3472; x_wconf 82' lang='grc' dir='ltr'><strong><em>ίμοῦ</em></strong></span> <span class='ocrx_word' id='word_1_264' title='bbox 452 3392 653 3471; x_wconf 79' lang='grc' dir='ltr'><strong><em>βαδίσματος</em></strong></span> <span class='ocrx_word' id='word_1_265' title='bbox 677 3389 694 3466; x_wconf 73' lang='lat' dir='ltr'><strong>i</strong></span> <span class='ocrx_word' id='word_1_266' title='bbox 718 3399 775 3465; x_wconf 78' lang='grc' dir='ltr'><strong>της</strong></span> <span class='ocrx_word' id='word_1_267' title='bbox 798 3391 960 3458; x_wconf 74' lang='grc' dir='ltr'><strong><em>διαλέκτου</em></strong></span> <span class='ocrx_word' id='word_1_268' title='bbox 982 3393 1101 3468; x_wconf 73' lang='grc' dir='ltr'><strong><em>τάληθῆ</em></strong></span> <span class='ocrx_word' id='word_1_269' title='bbox 1130 3390 1224 3458; x_wconf 73' lang='grc' dir='ltr'><strong><em>πάντ’</em></strong></span> <span class='ocrx_word' id='word_1_270' title='bbox 1248 3394 1312 3473; x_wconf 77' lang='grc' dir='ltr'><strong><em>ἐρῶ.</em></strong></span> <span class='ocrx_word' id='word_1_271' title='bbox 1359 3392 1458 3460; x_wconf 85' lang='lat' dir='ltr'><strong>Nemo</strong></span> 
     </span>
     <span class='ocr_line' id='line_1_30' title="bbox 272 3494 1458 3584; baseline -0.003 -18"><span class='ocrx_word' id='word_1_272' title='bbox 272 3517 335 3566; x_wconf 88' lang='lat' dir='ltr'><strong>uon</strong></span> <span class='ocrx_word' id='word_1_273' title='bbox 367 3496 454 3564; x_wconf 84' lang='lat' dir='ltr'><strong>videt</strong></span> <span class='ocrx_word' id='word_1_274' title='bbox 485 3496 562 3584; x_wconf 84' lang='lat' dir='ltr'><strong>quid</strong></span> <span class='ocrx_word' id='word_1_275' title='bbox 594 3496 812 3563; x_wconf 84' lang='lat' dir='ltr'><strong>necessarium</strong></span> <span class='ocrx_word' id='word_1_276' title='bbox 845 3494 898 3562; x_wconf 85' lang='lat' dir='ltr'><strong>sit.</strong></span> <span class='ocrx_word' id='word_1_277' title='bbox 945 3497 1045 3583; x_wconf 81' lang='lat' dir='ltr'><strong>iicgis</strong></span> <span class='ocrx_word' id='word_1_278' title='bbox 1078 3497 1176 3563; x_wconf 82' lang='lat' dir='ltr'><strong>etium</strong></span> <span class='ocrx_word' id='word_1_279' title='bbox 1210 3495 1344 3564; x_wconf 85' lang='lat' dir='ltr'><strong>ridicule</strong></span> <span class='ocrx_word' id='word_1_280' title='bbox 1368 3496 1458 3564; x_wconf 83' lang='lat' dir='ltr'><strong>Plato</strong></span> 
     </span>
     <span class='ocr_line' id='line_1_31' title="bbox 270 3599 1459 3688; baseline -0.001 -18"><span class='ocrx_word' id='word_1_281' title='bbox 270 3607 303 3672; x_wconf 88' lang='lat' dir='ltr'><strong>in</strong></span> <span class='ocrx_word' id='word_1_282' title='bbox 329 3602 470 3670; x_wconf 74' lang='lat' dir='ltr'><strong>secutiolo</strong></span> <span class='ocrx_word' id='word_1_283' title='bbox 494 3603 574 3668; x_wconf 78' lang='lat' dir='ltr'><strong>libro</strong></span> <span class='ocrx_word' id='word_1_284' title='bbox 597 3601 636 3668; x_wconf 88' lang='lat' dir='ltr'><strong>de</strong></span> <span class='ocrx_word' id='word_1_285' title='bbox 657 3601 736 3688; x_wconf 86' lang='lat' dir='ltr'><strong>Rep.</strong></span> <span class='ocrx_word' id='word_1_286' title='bbox 762 3620 792 3687; x_wconf 90' lang='lat' dir='ltr'><strong>p.</strong></span> <span class='ocrx_word' id='word_1_287' title='bbox 815 3605 901 3668; x_wconf 80' lang='grc' dir='ltr'><strong>566α</strong></span> <span class='ocrx_word' id='word_1_288' title='bbox 924 3602 954 3669; x_wconf 77' lang='grc' dir='ltr'><strong>ἐν</strong></span> <span class='ocrx_word' id='word_1_289' title='bbox 975 3601 1081 3668; x_wconf 71' lang='grc' dir='ltr'><strong><em>Ἅιδου</em></strong></span> <span class='ocrx_word' id='word_1_290' title='bbox 1103 3602 1188 3677; x_wconf 93' lang='grc' dir='ltr'><strong><em>δίκην</em></strong></span> <span class='ocrx_word' id='word_1_291' title='bbox 1206 3602 1340 3682; x_wconf 72' lang='grc' dir='ltr'><strong><em>δώσομεν</em></strong></span> <span class='ocrx_word' id='word_1_292' title='bbox 1362 3599 1402 3669; x_wconf 78' lang='grc' dir='ltr'><strong>ἀν</strong></span> <span class='ocrx_word' id='word_1_293' title='bbox 1419 3600 1459 3669; x_wconf 77' lang='grc' dir='ltr'><strong>ἀν</strong></span> 
     </span>
     <span class='ocr_line' id='line_1_32' title="bbox 269 3705 1459 3788; baseline -0.003 -11"><span class='ocrx_word' id='word_1_294' title='bbox 269 3709 375 3778; x_wconf 80' lang='grc' dir='ltr'><strong><em>ίνίάδε</em></strong></span> <span class='ocrx_word' id='word_1_295' title='bbox 398 3708 590 3788; x_wconf 69' lang='grc' dir='ltr'><strong><em>ἀδικήσωμεν</em></strong></span> <span class='ocrx_word' id='word_1_296' title='bbox 615 3708 631 3785; x_wconf 71' lang='grc' dir='ltr'><strong><em>ἢ</em></strong></span> <span class='ocrx_word' id='word_1_297' title='bbox 656 3705 743 3775; x_wconf 80' lang='grc' dir='ltr'><strong><em>αὐτοὶ</em></strong></span> <span class='ocrx_word' id='word_1_298' title='bbox 767 3707 785 3783; x_wconf 75' lang='grc' dir='ltr'><strong><em>η</em></strong></span> <span class='ocrx_word' id='word_1_299' title='bbox 810 3707 921 3781; x_wconf 75' lang='grc' dir='ltr'><strong><em>παῖδας</em></strong></span> <span class='ocrx_word' id='word_1_300' title='bbox 952 3706 1069 3775; x_wconf 85' lang='grc' dir='ltr'><strong><em>παίδων</em></strong></span> <span class='ocrx_word' id='word_1_301' title='bbox 1092 3716 1124 3774; x_wconf 91' lang='lat' dir='ltr'><strong>et</strong></span> <span class='ocrx_word' id='word_1_302' title='bbox 1148 3707 1180 3773; x_wconf 90' lang='lat' dir='ltr'><strong>in</strong></span> <span class='ocrx_word' id='word_1_303' title='bbox 1206 3727 1288 3774; x_wconf 89' lang='lat' dir='ltr'><strong>nouo</strong></span> <span class='ocrx_word' id='word_1_304' title='bbox 1311 3706 1393 3773; x_wconf 81' lang='lat' dir='ltr'><strong>libro</strong></span> <span class='ocrx_word' id='word_1_305' title='bbox 1418 3705 1459 3774; x_wconf 83' lang='lat' dir='ltr'><strong>do</strong></span> 
     </span>
     <span class='ocr_line' id='line_1_33' title="bbox 270 3810 1458 3900; baseline -0.003 -18"><span class='ocrx_word' id='word_1_306' title='bbox 270 3814 409 3900; x_wconf 79' lang='lat' dir='ltr'><strong>Legibus</strong></span> <span class='ocrx_word' id='word_1_307' title='bbox 433 3813 520 3880; x_wconf 85' lang='lat' dir='ltr'><strong>862b</strong></span> <span class='ocrx_word' id='word_1_308' title='bbox 553 3813 608 3878; x_wconf 77' lang='grc' dir='ltr'><strong>ἐάν</strong></span> <span class='ocrx_word' id='word_1_309' title='bbox 638 3815 744 3897; x_wconf 63' lang='grc' dir='ltr'><strong><em>ἀφελῆ</em></strong></span> <span class='ocrx_word' id='word_1_310' title='bbox 776 3810 846 3879; x_wconf 85' lang='grc' dir='ltr'><strong>τινά</strong></span> <span class='ocrx_word' id='word_1_311' title='bbox 868 3836 899 3877; x_wconf 92' lang='grc' dir='ltr'><strong>τι</strong></span> <span class='ocrx_word' id='word_1_312' title='bbox 923 3812 990 3878; x_wconf 81' lang='grc' dir='ltr'><strong>καί</strong></span> <span class='ocrx_word' id='word_1_313' title='bbox 1014 3812 1159 3894; x_wconf 80' lang='grc' dir='ltr'><strong><em>βλοίπτη.</em></strong></span> <span class='ocrx_word' id='word_1_314' title='bbox 1206 3812 1357 3899; x_wconf 82' lang='lat' dir='ltr'><strong>Corrupti</strong></span> <span class='ocrx_word' id='word_1_315' title='bbox 1380 3820 1458 3879; x_wconf 84' lang='lat' dir='ltr'><strong>sunt</strong></span> 
     </span>
     <span class='ocr_line' id='line_1_34' title="bbox 270 3916 1458 4003; baseline -0.003 -17"><span class='ocrx_word' id='word_1_316' title='bbox 270 3921 302 3986; x_wconf 89' lang='lat' dir='ltr'><strong>bi</strong></span> <span class='ocrx_word' id='word_1_317' title='bbox 328 3919 387 3985; x_wconf 88' lang='lat' dir='ltr'><strong>ioci</strong></span> <span class='ocrx_word' id='word_1_318' title='bbox 414 3921 456 3985; x_wconf 83' lang='lat' dir='ltr'><strong>ita</strong></span> <span class='ocrx_word' id='word_1_319' title='bbox 491 3931 526 3984; x_wconf 83' lang='lat' dir='ltr'><strong>ut</strong></span> <span class='ocrx_word' id='word_1_320' title='bbox 557 3927 665 3984; x_wconf 83' lang='lat' dir='ltr'><strong>tamen</strong></span> <span class='ocrx_word' id='word_1_321' title='bbox 698 3917 834 4003; x_wconf 81' lang='lat' dir='ltr'><strong>intelligi</strong></span> <span class='ocrx_word' id='word_1_322' title='bbox 860 3918 998 4003; x_wconf 85' lang='lat' dir='ltr'><strong>possint:</strong></span> <span class='ocrx_word' id='word_1_323' title='bbox 1024 3917 1164 3984; x_wconf 87' lang='lat' dir='ltr'><strong>nondum</strong></span> <span class='ocrx_word' id='word_1_324' title='bbox 1197 3916 1358 3984; x_wconf 82' lang='lat' dir='ltr'><strong>intellecta</strong></span> <span class='ocrx_word' id='word_1_325' title='bbox 1382 3924 1458 3983; x_wconf 89' lang='lat' dir='ltr'><strong>suut</strong></span> 
     </span>
     <span class='ocr_line' id='line_1_35' title="bbox 268 4021 1458 4109; baseline -0.003 -18"><span class='ocrx_word' id='word_1_326' title='bbox 268 4032 414 4091; x_wconf 79' lang='lat' dir='ltr'><strong>extrema</strong></span> <span class='ocrx_word' id='word_1_327' title='bbox 445 4023 540 4090; x_wconf 83' lang='lat' dir='ltr'><strong>rerba</strong></span> <span class='ocrx_word' id='word_1_328' title='bbox 572 4024 604 4089; x_wconf 89' lang='lat' dir='ltr'><strong>in</strong></span> <span class='ocrx_word' id='word_1_329' title='bbox 636 4023 778 4109; x_wconf 77' lang='lat' dir='ltr'><strong>Epistola</strong></span> <span class='ocrx_word' id='word_1_330' title='bbox 810 4042 892 4109; x_wconf 85' lang='lat' dir='ltr'><strong>quae</strong></span> <span class='ocrx_word' id='word_1_331' title='bbox 915 4021 1019 4089; x_wconf 80' lang='lat' dir='ltr'><strong>fertur</strong></span> <span class='ocrx_word' id='word_1_332' title='bbox 1044 4021 1185 4088; x_wconf 83' lang='lat' dir='ltr'><strong>Plutonis</strong></span> <span class='ocrx_word' id='word_1_333' title='bbox 1208 4021 1301 4089; x_wconf 84' lang='lat' dir='ltr'><strong>Xlli:</strong></span> <span class='ocrx_word' id='word_1_334' title='bbox 1328 4021 1458 4095; x_wconf 76' lang='grc' dir='ltr'><strong><em>κιοίτην</em></strong></span> 
     </span>
     <span class='ocr_line' id='line_1_36' title="bbox 268 4125 1456 4213; baseline -0.003 -19"><span class='ocrx_word' id='word_1_335' title='bbox 268 4130 414 4204; x_wconf 70' lang='grc' dir='ltr'><strong><em>ίπιςολίςν</em></strong></span> <span class='ocrx_word' id='word_1_336' title='bbox 443 4130 460 4205; x_wconf 71' lang='grc' dir='ltr'><strong><em>ἢ</em></strong></span> <span class='ocrx_word' id='word_1_337' title='bbox 485 4130 580 4205; x_wconf 75' lang='grc' dir='ltr'><strong><em>αὐτην</em></strong></span> <span class='ocrx_word' id='word_1_338' title='bbox 613 4125 679 4205; x_wconf 69' lang='grc' dir='ltr'><strong>ἀεί</strong></span> <span class='ocrx_word' id='word_1_339' title='bbox 709 4129 879 4207; x_wconf 78' lang='grc' dir='ltr'><strong><em>ὑπόμνημα</em></strong></span> <span class='ocrx_word' id='word_1_340' title='bbox 897 4128 1008 4213; x_wconf 60' lang='grc' dir='ltr'><strong>ιαὐτοῖς</strong></span> <span class='ocrx_word' id='word_1_341' title='bbox 1039 4129 1169 4211; x_wconf 80' lang='grc' dir='ltr'><strong><em>σώζεται</em></strong></span> <span class='ocrx_word' id='word_1_342' title='bbox 1194 4127 1246 4193; x_wconf 82' lang='grc' dir='ltr'><strong>καί</strong></span> <span class='ocrx_word' id='word_1_343' title='bbox 1270 4126 1364 4201; x_wconf 74' lang='grc' dir='ltr'><strong><em>αὐτὸς</em></strong></span> <span class='ocrx_word' id='word_1_344' title='bbox 1387 4125 1456 4195; x_wconf 83' lang='grc' dir='ltr'><strong><em>ίσίι.</em></strong></span> 
     </span>
     <span class='ocr_line' id='line_1_37' title="bbox 272 4232 1459 4321; baseline 0.001 -25"><span class='ocrx_word' id='word_1_345' title='bbox 272 4234 374 4300; x_wconf 82' lang='lat' dir='ltr'><strong>Vetus</strong></span> <span class='ocrx_word' id='word_1_346' title='bbox 397 4234 558 4321; x_wconf 73' lang='lat' dir='ltr'><strong>interpres</strong></span> <span class='ocrx_word' id='word_1_347' title='bbox 582 4236 627 4300; x_wconf 84' lang='lat' dir='ltr'><strong>ita</strong></span> <span class='ocrx_word' id='word_1_348' title='bbox 651 4237 767 4301; x_wconf 86' lang='lat' dir='ltr'><strong>uertit:</strong></span> <span class='ocrx_word' id='word_1_349' title='bbox 795 4233 838 4299; x_wconf 79' lang='lat' dir='ltr'><strong>Et</strong></span> <span class='ocrx_word' id='word_1_350' title='bbox 861 4233 1024 4320; x_wconf 77' lang='lat' dir='ltr'><strong>epistolam</strong></span> <span class='ocrx_word' id='word_1_351' title='bbox 1042 4245 1096 4298; x_wconf 84' lang='grc' dir='ltr'><strong>ουο</strong></span> <span class='ocrx_word' id='word_1_352' title='bbox 1112 4235 1213 4320; x_wconf 83' lang='lat' dir='ltr'><strong>ipram</strong></span> <span class='ocrx_word' id='word_1_353' title='bbox 1232 4243 1287 4299; x_wconf 82' lang='lat' dir='ltr'><strong>cut</strong></span> <span class='ocrx_word' id='word_1_354' title='bbox 1310 4234 1337 4298; x_wconf 83' lang='lat' dir='ltr'><strong>si</strong></span> <span class='ocrx_word' id='word_1_355' title='bbox 1360 4232 1459 4321; x_wconf 75' lang='lat' dir='ltr'><strong>ipsius</strong></span> 
     </span>
     <span class='ocr_line' id='line_1_38' title="bbox 269 4336 1459 4428; baseline -0.001 -23"><span class='ocrx_word' id='word_1_356' title='bbox 269 4338 689 4424; x_wconf 57' lang='lat' dir='ltr'><strong>commensuritionem</strong></span> <span class='ocrx_word' id='word_1_357' title='bbox 708 4361 875 4428; x_wconf 76' lang='lat' dir='ltr'><strong>copncsce:</strong></span> <span class='ocrx_word' id='word_1_358' title='bbox 898 4358 980 4426; x_wconf 80' lang='lat' dir='ltr'><strong>quae</strong></span> <span class='ocrx_word' id='word_1_359' title='bbox 1002 4337 1099 4406; x_wconf 83' lang='lat' dir='ltr'><strong>verbu</strong></span> <span class='ocrx_word' id='word_1_360' title='bbox 1115 4341 1246 4426; x_wconf 77' lang='lat' dir='ltr'><strong>egregio</strong></span> <span class='ocrx_word' id='word_1_361' title='bbox 1269 4336 1459 4425; x_wconf 80' lang='lat' dir='ltr'><strong>philosopho</strong></span> 
     </span>
     <span class='ocr_line' id='line_1_39' title="bbox 271 4438 1457 4531; baseline -0.001 -20"><span class='ocrx_word' id='word_1_362' title='bbox 271 4444 320 4512; x_wconf 93' lang='lat' dir='ltr'><strong>uti</strong></span> <span class='ocrx_word' id='word_1_363' title='bbox 344 4442 432 4511; x_wconf 87' lang='lat' dir='ltr'><strong>rides</strong></span> <span class='ocrx_word' id='word_1_364' title='bbox 456 4443 648 4530; x_wconf 79' lang='lat' dir='ltr'><strong>dignissima</strong></span> <span class='ocrx_word' id='word_1_365' title='bbox 670 4438 761 4513; x_wconf 59' lang='lat' dir='ltr'><strong>sunt?</strong></span> <span class='ocrx_word' id='word_1_366' title='bbox 804 4443 888 4523; x_wconf 85' lang='lat' dir='ltr'><strong>Quid</strong></span> <span class='ocrx_word' id='word_1_367' title='bbox 910 4442 1010 4511; x_wconf 76' lang='lat' dir='ltr'><strong>lateat</strong></span> <span class='ocrx_word' id='word_1_368' title='bbox 1028 4442 1185 4512; x_wconf 81' lang='lat' dir='ltr'><strong>doeemur</strong></span> <span class='ocrx_word' id='word_1_369' title='bbox 1206 4441 1366 4513; x_wconf 79' lang='lat' dir='ltr'><strong>secundae</strong></span> <span class='ocrx_word' id='word_1_370' title='bbox 1387 4443 1457 4531; x_wconf 88' lang='lat' dir='ltr'><strong>cpi·</strong></span> 
     </span>
    </p>
   </div>
   <div class='ocr_carea' id='block_1_5' title="bbox 0 0 1670 5012">
    <p class='ocr_par' dir='ltr' id='par_1_6' title="bbox 0 0 1670 5012">
     <span class='ocr_line' id='line_1_40' title="bbox 0 0 1670 5012; baseline 0 1"><span class='ocrx_word' id='word_1_371' title='bbox 0 0 1670 5012; x_wconf 95' lang='lat' dir='ltr'><strong> </strong></span> 
     </span>
    </p>
   </div>
  </div>
 </body>
</html>
