3244 5012
645 368 852 435 ''ATAKTA.
1286 364 1350 432 301

203 559 239 625 In
273 559 418 646 Thucyd.
449 557 502 623 IV.
534 555 587 624 27.
619 562 826 628 Athenienses
857 558 896 623 de
928 557 1086 633 exercitu,
1119 559 1174 641 qui
1204 559 1238 620 in
1267 555 1351 643 Pylo

158 672 242 744 erat,
274 664 405 731 solliciti
435 663 533 730 fuisse
562 672 745 743 narrantur,
778 665 900 745 ὁρῶντες
931 668 990 727 πῶν
1020 685 1055 725 πε
1089 661 1265 733 ἐπιτηδείων
1296 666 1352 738 την

158 774 224 853 περὶ
256 772 310 847 την
339 769 566 846 Πελοπόννησον
596 773 720 851 κομιδὴν
752 770 903 835 ιίδύνοιπον
933 767 1077 845 ἐσομένην
1101 763 1173 843 ἅμα
1198 769 1228 831 ἐν
1250 770 1351 850 χωρίῳ

157 878 276 959 ἐρήμῳ,
307 879 359 942 κοιὶ
392 877 451 942 οὐδ’
476 878 506 942 ἐν
530 876 605 957 όένει
629 874 684 943 οἷοί
707 902 741 942 τε
765 875 847 947 όνπες
874 875 967 940 ίκιονοὶ
991 874 1214 954 περιπέμπειν.
1252 876 1352 961 Atqui

157 985 291 1066 κομίζειν
314 983 378 1048 dici
399 1004 462 1049 non
480 989 584 1069 potest
607 1006 664 1070 pro
687 984 840 1061 πέμπειν,
864 985 972 1068 itaque
996 980 1104 1058 κομιδή
1127 1000 1190 1046 non
1213 980 1253 1046 ab
1272 982 1351 1067 ipsis

157 1090 328 1177 pendebat,
354 1089 409 1155 sed
428 1110 446 1155 a
463 1088 686 1157 Demosthenis
709 1092 824 1175 copiis,
848 1107 928 1173 quoe
947 1088 1010 1152 sibi
1028 1088 1153 1152 victum
1173 1085 1350 1167 κομίζεεόιιι

158 1201 352 1285 cogerentur.
400 1194 489 1260 Adde
520 1197 605 1281 quod
630 1196 719 1263 locus
749 1196 891 1261 desertus
920 1213 983 1259 non
1014 1191 1223 1259 Athenienses
1245 1193 1351 1279 prohi-

157 1302 252 1368 bebat
280 1321 319 1366 ne
349 1307 545 1366 commeatus
573 1303 757 1378 mitterent,
782 1299 837 1366 sed
860 1301 927 1385 ipse
950 1298 1107 1384 praesidio
1128 1300 1255 1364 victum
1278 1320 1351 1385 sup

157 1409 299 1495 peditare
321 1425 384 1472 non
406 1412 539 1492 poterat.
574 1407 696 1474 Deletis
719 1407 786 1484 περὶ
810 1408 865 1480 την
885 1402 1113 1479 Πελοπόννησον
1133 1399 1165 1469 et
1184 1402 1257 1484 νόμον
1278 1412 1351 1472 ante

157 1513 308 1578 ιὶδιίνοιεον
338 1514 441 1597 posito
471 1517 580 1579 omnia
601 1513 789 1599 planissima
811 1510 902 1577 fiunt.
936 1509 1095 1578 Videbunt
1116 1512 1259 1597 primum
1282 1509 1351 1577 fieri

158 1639 220 1686 non
242 1638 333 1704 posse
355 1623 393 1682 nt
415 1618 611 1704 praesidium
633 1620 668 1684 in
690 1617 749 1684 tali
771 1618 840 1685 loco
864 1637 902 1683 ex
919 1615 1178 1703 populationibus
1197 1615 1348 1694 aleretur,

159 1723 272 1819 deiude
294 1744 328 1789 se
349 1745 389 1790 ne
412 1729 531 1791 aestate
554 1725 684 1809 quidem
708 1724 792 1809 quod
815 1726 893 1790 satis
916 1728 998 1789 esset
1021 1722 1238 1789 subvectores.

1034 1936 1293 2017 (θολόίονοιοόόόιιο)

317 2042 437 2110 snm

223 2172 268 2215 m.
293 2149 385 2215 Febr.
412 2146 510 2215 1874.

516 2496 673 2568 ΦιλόνΙκος
698 2515 761 2560 nou
783 2492 979 2568 Φιλόνεικος.

200 2708 333 2795 Saepius
352 2708 549 2773 ostendimus
566 2704 740 2789 φιλόνικος,
765 2706 941 2783 φιλονικίαι,
961 2712 1128 2785 φιλονικεῖν
1147 2707 1266 2792 ubique
1278 2730 1345 2774 esse

155 2814 356 2882 scribendum
383 2820 415 2878 et
447 2813 633 2893 φιλόνΕΙκος
665 2816 777 2875 natum
801 2831 840 2875 ex
862 2812 1089 2877 consuetudine
1112 2832 1222 2878 eorum
1251 2817 1344 2899 quil

154 2922 289 3010 longum
312 2940 367 3006 per
399 2927 438 2984 el
462 2917 649 2984 scribebant.
685 2914 772 2982 Audi
794 2937 878 2981 nunc
901 2910 1113 2983 Scholiastam
1137 2918 1178 2984 ad
1201 2918 1346 2986 Plutonis

155 3027 339 3093 Alcibiadem
369 3045 442 3112 pag.
481 3022 556 3090 122.
581 3041 608 3088 ο.
634 3021 804 3099 πημείιεεοοι
827 3022 1002 3102 φιλονικίαν
1023 3023 1076 3089 διὰ
1099 3029 1152 3089 ποῦ
1178 3035 1189 3088 l
1214 3026 1269 3098 την
1293 3032 1344 3108 φι·

155 3133 227 3197 λίοιν
250 3139 304 3205 τῆς
329 3134 422 3206 νίκης.

1090 3278 1127 3349 O.
1152 3279 1192 3349 G.
1218 3280 1253 3350 0.

566 3641 723 3711 (immas
746 3657 939 3710 cosmarus.

200 3823 316 3890 Editur
346 3824 429 3909 apud
460 3822 622 3890 Galerium
651 3823 717 3902 περὶ
748 3828 807 3889 τῶν
837 3830 893 3897 τῆς
916 3830 1025 3905 ψυχῆς
1053 3825 1157 3889 natos
1183 3824 1276 3893 Tom.
1303 3827 1348 3893 IV

156 3951 230 4018 pag.
266 3926 342 3996 778.
373 3928 495 4010 Kuhn„
514 3928 566 3991 κοιί
597 3928 756 4010 ἄλλοιχόόι
786 3929 852 4009 περ)
884 3931 979 3995 atreb
1011 3936 1088 4012 φησι
1121 3931 1266 4005 Νηλόιος·
1298 3928 1346 4004 ὅς’

156 4035 269 4118 ἐφέηκε
299 4032 479 4115 πολύφρονά
503 4058 559 4115 περ
582 4033 663 4109 μόλ’
687 4036 803 4101 cisium.
850 4034 1025 4122 Interpres:
1059 4043 1087 4100 εό
1118 4037 1194 4100 aliti
1224 4039 1262 4102 de
1283 4040 1348 4124 ipro

156 4142 250 4208 Νοίεν
272 4142 316 4206 εἰς
339 4141 430 4207 canit.
466 4141 568 4207 Abeat
586 4141 705 4207 Neleus
726 4144 822 4208 etita
841 4143 1016 4208 scribatur:
1034 4142 1102 4223 περί
1123 4144 1217 4208 αὑτοῦ
1237 4150 1348 4226 φησιν·

159 4242 244 4333 (οίνος
276 4247 339 4325 γὰρ
369 4245 496 4325 ἀνοίγει)
520 4245 625 4323 ἠλεός,
648 4245 694 4317 ὅς’
718 4248 832 4329 ἐφίηκε
855 4249 1035 4331 πολύφρονά
1058 4273 1115 4329 περ
1138 4248 1219 4326 μόλ’
1243 4252 1347 4318 οίεῑσοιι

157 4375 196 4419 ex
219 4351 360 4439 Odyssea
382 4349 411 4426 ξ.
438 4351 513 4417 464.

1097 4490 1132 4559 O.
1158 4489 1198 4559 G.
1224 4490 1259 4558 O.
