3276 5006
690 371 879 419 ronrenna.
1345 344 1386 413 77

241 544 313 609 bib.
336 541 397 621 IV,
425 541 465 608 17
490 542 509 627 §
531 541 572 608 2:
596 543 686 618 δῆλον
710 543 774 623 γοὶρ
797 545 835 614 ῶς
860 543 949 619 εύιίόιρ
975 542 1027 607 καί
1051 539 1185 617 μοίταιον
1209 538 1289 610 είκὸς
1311 538 1386 619 Φαί·

195 649 295 716 νεσόαι
318 648 370 714 τόν
385 651 517 713 τοιοῦτον
536 643 555 712 ό
559 672 629 713 ταν
650 646 863 729 ύπολαμβοίνρ
881 655 944 720 τοῖς
961 645 1066 726 λόγοις
1087 644 1306 725 ἕπικρύψεσόαι
1326 643 1387 715 τῶς

194 757 258 822 τῶν.
278 753 476 836 πραγμοίτων
508 754 679 833 ἐναργείας.
726 753 815 819 Iino:
849 745 887 826 ός
918 750 973 818 όν.
1021 752 1103 819 Ibid.
1129 749 1173 817 24
1196 751 1215 835 ᾖ
1238 749 1259 815 6
1282 749 1387 829 ἐπαγ·

196 860 392 940 γολλομὲνων
417 898 459 910 -
484 866 627 925 ποιεῖν.
676 859 815 945 Requiro
839 859 1035 935 ποιιίσειν.
1085 854 1133 925 Of.
1158 855 1202 922 23
1226 857 1245 941 §
1268 854 1299 921 6.
1326 854 1386 922 ·Ib.

197 965 241 1034 63
263 966 326 1053 §2
357 968 412 1042 τὴν
442 1002 485 1015 -
517 964 607 1031 πόλιν
639 1003 681 1015 -
713 965 878 1046 παρέλαβε
903 1002 946 1015 -
969 964 1063 1047 ἀφείς
1091 960 1294 1035 ὑποσπόνδους
1317 962 1387 1034 τοὺς

196 1072 316 1145 όντας
339 1077 400 1137 τῶν
422 1072 578 1138 Αίτωλῶν.
625 1069 695 1138 Imo
718 1069 895 1144 ἐνόντας.
945 1067 993 1138 Of.
1018 1090 1114 1157 supra
1135 1071 1154 1155 §
1178 1068 1210 1136 2.

241 1177 312 1244 Lib.
337 1175 383 1253 V,
409 1175 429 1242 6
460 1180 550 1242 init:
577 1177 758 1257 Δορίμαχος
790 1178 822 1243 δὲ
854 1177 925 1251 τοὺς
954 1177 1073 1254 ἡμίσεις
1097 1173 1178 1258 ἔχων
1202 1176 1386 1240 Αἰτωλῶν.

194 1281 303 1348 Huius
324 1281 388 1348 leci
413 1288 461 1348 cst
492 1282 588 1369 (τῶν)
622 1283 782 1358 Αἰτωλῶν,
812 1287 851 1348 ut
881 1288 966 1349 recte
989 1282 1249 1367 infrascriptum
1271 1278 1292 1346 6
1315 1281 1333 1365 §
1356 1278 1387 1344 4.

242 1388 314 1454 Lib.
339 1386 401 1466 VI,
426 1387 470 1453 23
493 1389 512 1473 ᾖ
535 1387 566 1452 4.
591 1384 659 1468 ἔχει
683 1387 715 1453 δὲ
740 1393 895 1469 (scutum)
918 1386 986 1466 περὶ
1010 1388 1066 1460 τὴν
1088 1385 1152 1451 zeba
1175 1387 1209 1452 ἐκ
1232 1392 1292 1452 τῶν
1314 1382 1389 1451 ῶνω·

197 1497 245 1560 ύεν
268 1492 321 1559 καί
346 1492 481 1563 κοίτωόεν
503 1500 599 1573 μερῶν
623 1492 755 1573 σιδκροῶν
778 1491 943 1570 σιοίλωμα,
970 1491 1007 1557 δι’
1028 1489 1062 1557 ού
1088 1492 1210 1579 (πρός)
1242 1490 1316 1564 τός
1345 1514 1388 1554 τε

198 1600 383 1683 καταφορόις
408 1605 466 1665 τῶν
489 1606 655 1680 μαχαιρῶν
677 1598 892 1682 οὶσφαλίζεται
915 1600 968 1664 καί
991 1599 1050 1671 τὰς
1075 1597 1146 1677 πρός
1171 1598 1225 1673 τῶν
1246 1603 1305 1676 γῆν
1327 1595 1388 1674 &Es-

198 1706 317 1784 ρείτεις.
366 1704 414 1770 De
445 1724 517 1770 meo
548 1706 669 1770 inserui
699 1704 847 1771 voculam
870 1705 1079 1771 necessariam
1101 1702 1184 1782 πρός.
1231 1700 1390 1771 Similiter

199 1810 241 1877 21
266 1813 284 1897 §
309 1809 351 1876 10
374 1809 608 1897 suppleverim:
641 1810 695 1876 ἐῶν
726 1811 758 1876 δὲ
790 1811 914 1882 πλείους
936 1817 996 1875 τῶν
1019 1810 1276 1890 τετρακισχιλίων
1299 1807 1388 1889 (καί

198 1918 429 1997 διακοσίων)
452 1913 515 1981 ὦσι.

244 2021 315 2088 Lib.
338 2019 415 2100 VII,
455 2020 493 2087 11
519 2022 538 2109 ᾗ
562 2019 582 2087 6
605 2041 651 2106 sq.
682 2042 744 2087 non
775 2022 907 2108 expedio
937 2025 1001 2088 nisi
1029 2021 1181 2107 remnpto
1212 2021 1296 2097 λέγω
1332 2038 1389 2106 pre

198 2127 310 2207 λέγων.
356 2126 404 2193 lb.
431 2126 473 2193 16
497 2128 515 2212 ᾖ
540 2125 558 2192 l
583 2125 731 2213 suppleo:
762 2132 826 2193 τῶν
850 2127 937 2207 γένος
961 2126 1080 2208 ἐνέδρας
1103 2125 1284 2206 ῶντενέδρας
1308 2125 1388 2191 ἐπι·

200 2233 344 2305 όέσεως
368 2232 654 2313 (ύντεπιόέσεω
666 2240 695 2314 ς)
715 2229 942 2313 ἐξεύρισκόντων
964 2239 1023 2298 τῶν
1043 2239 1216 2313 σρατιιντῶν
1235 2233 1307 2297 κατ’
1331 2232 1389 2297 cib·

198 2341 311 2416 λίπον.
786 2328 791 2335 ’

244 2444 315 2511 Lib.
339 2443 432 2523 VIII,
468 2443 512 2511 25
536 2447 554 2529 ᾖ
578 2443 597 2509 6
622 2444 753 2531 suppleo
774 2450 806 2510 et
830 2448 970 2532 corrigo:
1006 2445 1031 2509 οί
1060 2443 1118 2520 μίν
1147 2440 1195 2510 οὖν
1226 2443 1308 2512 πισοί
1331 2448 1390 2507 τῶν

199 2550 299 2632 Φίλων
328 2553 382 2616 οὐκ
413 2549 551 2632 ἔφασκον
581 2550 641 2616 δεῖν
665 2550 820 2629 τροίεσόαι
851 2549 918 2613 τόν
953 2553 1085 2630 (καιρὸν,
1115 2548 1200 2628 τόν)
1235 2549 1390 2615 νεανίσκον

200 2657 354 2734 λαβόντα
378 2662 448 2742 (pro
471 2653 656 2735 λαβόντος)
679 2656 722 2728 είς
743 2663 854 2737 χεῖρας
877 2656 965 2720 ῶλλοδ
989 2655 1207 2733 συνεβούλευον
1230 2653 1295 2718 κτὲ,

245 2762 316 2828 Lib.
340 2761 388 2838 X,
424 2758 466 2824 33
489 2760 507 2844 §
531 2758 568 2825 6:
600 2765 705 2826 ταῦτα
733 2762 790 2837 μὲν
813 2756 862 2826 οὖν
887 2761 1008 2841 είρνίσόω
1032 2783 1083 2837 μοι
1107 2760 1178 2840 πρός
1203 2758 1273 2829 τούς
1297 2757 1314 2834 ἢ
1339 2755 1391 2821 διὰ

201 2864 371 2942 κενοδοξίαν
395 2866 412 2942 ἦ
439 2866 620 2944 μειρακιῶδκ
656 2866 775 2935 τοίσιν
798 2868 1040 2946 περιπίπτοντας
1064 2875 1128 2939 τοῖς
1152 2865 1295 2936 τοιούτοις
1319 2864 1390 2929 ῶλο·

201 2976 340 3054 γίμασιν
365 2971 382 3047 ἢ
408 2972 445 3036 δι’
470 2974 612 3051 ἀπειρίαν
632 2973 648 3048 ό
673 2973 724 3039 διόι
748 2972 988 3054 καταφρόνησιν.
1024 2972 1062 3038 In
1083 2973 1276 3059 praegressis
1296 2972 1392 3056 scrip

200 3085 251 3146 tor
268 3077 460 3145 Hannibalis
479 3077 637 3143 cautelam
655 3079 858 3158 laudaverat,
880 3101 919 3145 ne
938 3082 1005 3166 ipse
1024 3100 1115 3145 suam
1127 3081 1230 3144 ritem
1242 3075 1393 3163 periculis

199 3187 298 3250 nimis
332 3188 509 3269 exponeret.
561 3183 625 3249 Hic
658 3185 769 3270 procul
803 3186 899 3252 dubio
934 3188 1124 3271 requiritur:
1161 3184 1177 3259 ἢ
1211 3182 1392 3262 μειρακιώδη

200 3289 458 3372 παρύςασιν,
483 3292 504 3355 i.
518 3311 544 3356 e.
564 3291 697 3368 τόλμαν.
711 3330 754 3340 -
766 3292 848 3358 Ibid.
870 3291 911 3356 41
930 3288 1394 3376 οπωηοιειίὶιοζναείὶεροτίοιιίίε

200 3418 280 3483 quae
311 3399 517 3463 imminerent
547 3399 688 3484 undique
719 3398 888 3484 Philippo,
924 3398 1082 3485 Polybius
1104 3399 1122 3482 ξ
1147 3396 1167 3462 6
1190 3399 1237 3462 ita
1267 3398 1392 3483 pergit:

202 3504 285 3569 δοκεῖ
307 3501 337 3566 δέ
367 3525 418 3580 μοι
449 3503 507 3576 τοὶς
532 3503 679 3577 τοιαύτας
705 3506 880 3584 περιςοίσεις
912 3503 1047 3582 εὐλόγως
1072 3501 1110 3567 ῶν
1134 3525 1181 3576 τις
1205 3502 1394 3577 ἐπισημήνα-

202 3612 270 3674 σόαι
300 3609 353 3673 καί
387 3609 599 3689 σννεφιςόνειν
622 3610 693 3682 τοὺς
728 3612 1040 3689 ἀναγιγνώσκοντας,
1077 3607 1107 3671 όν
1139 3601 1189 3679 αίς
1221 3613 1313 3687 πείρα
1340 3606 1394 3671 καί

199 3714 339 3793 βόσανος
373 3717 498 3791 όλκόινὴ
529 3714 676 3792 γίγνεται
704 3716 790 3781 κατόν
813 3717 872 3788 τὰς
897 3712 1141 3791 σωματικῶς
1168 3710 1313 3790 δννοίμεις
1336 3717 1395 3776 τῶν

201 3819 368 3899 ἡγεμόνων.
415 3821 488 3887 Non
518 3822 577 3893 τόις
610 3824 793 3898 σωματικῶς
828 3822 882 3887 sed
916 3821 989 3893 τόις
1027 3818 1218 3893 νοκτικόισ
1251 3819 1395 3893 δννοίμεις

200 3949 266 3995 esee
297 3932 375 4013 puto
405 3933 464 3990 τῶν
496 3925 670 4005 ἡγεμόνων,
703 3926 742 3991 de
772 3927 889 4012 quibus
912 3927 946 3989 in
969 3923 1127 3990 eiusmodi
1151 3922 1394 3989 difficultatibus

200 4031 256 4100 fiat
279 4032 469 4119 periculum.
495 4069 538 4081 -
562 4031 642 4096 Ibid.
669 4029 712 4096 43
735 4032 753 4116 §
778 4029 796 4096 7
821 4032 962 4118 corrigo:
993 4026 1039 4094 ὅτι
1063 4029 1120 4106 μὲν
1144 4024 1192 4093 οὖν
1216 4029 1258 4102 είς
1283 4029 1395 4109 Ὠρεόν

202 4137 219 4214 ἢ
243 4144 313 4224 (pro
336 4138 427 4221 καί)
453 4136 631 4218 Πεπόριρόον
655 4138 671 4212 ἦ
698 4136 843 4202 Χαλκίδα
866 4133 976 4215 πόρεςι
1003 4133 1090 4205 τύλος
1114 4136 1181 4200 xri.

246 4242 501 4329 Transpositione
531 4244 669 4309 sanando
698 4266 778 4330 quae
808 4243 961 4330 leguntur
989 4241 1050 4306 XV
1081 4241 1125 4307 22
1163 4239 1240 4327 §42
1277 4240 1334 4305 ύπδ
1370 4240 1396 4304 δ’

202 4349 313 4414 ἐκείνου
346 4350 717 4430 παρακαλούμενοι
752 4349 818 4413 καί
854 4346 1155 4424 διαγελύμενοι
1188 4348 1257 4412 καθ’
1281 4346 1397 4429 ἡμέραν

202 4455 358 4519 αὐτόπται
388 4453 530 4533 γενέσθαι
563 4459 627 4521 κτὲ.
683 4456 769 4523 Nam
799 4456 876 4539 quia
905 4453 1085 4519 infinitivus
1116 4454 1233 4540 pendet
1263 4475 1282 4520 a
1315 4459 1397 4539 part.
