3276 5006
281 328 344 394 136
676 342 719 393 λυ
742 344 899 397 Pueuoura
922 342 1077 397 ooaamu.

323 517 492 583 Ravennae
520 524 628 583 eontra
658 517 849 585 sententiam
878 524 911 584 et
939 524 1082 584 metrum
1110 516 1273 582 πεύθεσθαι
1297 516 1469 595 (πείθεσθαι

279 622 438 701 voluerat)
460 624 494 687 iu
517 623 630 687 Αοῖίαι
652 642 700 687 τε.
727 618 802 686 163.

486 725 504 803 ἦ
526 727 602 807 μέγ’
625 728 709 808 ἐνορῶ
733 728 884 805 βούλευμ’
911 730 941 793 ἰν
965 730 1081 811 θρνίθοιν
1105 728 1187 807 γένει
1228 784 1239 793 .

486 834 540 899 καί
563 833 704 910 δύναμιν.
729 831 746 909 ἣ
770 833 882 911 γίνοιτ’
908 833 947 900 δν
971 837 996 899 εἰ
1022 832 1155 900 πίθοισθέ
1178 856 1244 912 μοι.

420 976 462 989 -
486 939 519 1005 τί
542 963 586 1005 σοι
610 939 766 1017 πιθύροεθ’;
793 976 835 991 —-
860 936 890 1009 θ’.
914 963 944 1004 τι
968 942 1112 1016 τίθησθα

327 1045 494 1112 Ravennae
525 1045 654 1111 exhibet
684 1046 709 1109 εἰ
743 1046 902 1111 πείθεσθαί
914 1054 919 1063 ’
932 1070 983 1125 μοι
1008 1053 1040 1112 et
1063 1047 1095 1111 τί
1119 1068 1163 1110 σοι
1188 1043 1381 1122 πειθύροεσθ,
1405 1040 1421 1107 d
1442 1067 1475 1108 τι

281 1152 440 1218 πείθοισθε.
486 1150 524 1215 ln
547 1151 685 1216 Notitae
707 1172 754 1216 va.
779 1148 846 1215 852
870 1151 973 1217 Beki.

487 1252 542 1322 οἷδ’
566 1255 662 1331 ἑξέτει
685 1279 730 1321 σοι
753 1257 953 1335 τραυλίσαντι
976 1255 1147 1335 πιθόμενος.

328 1362 495 1427 Ravennae
521 1366 552 1427 et
581 1382 692 1426 omnes
714 1361 913 1438 πεῖθόμενοτ.
962 1359 1012 1428 Of.
1036 1361 1159 1427 ibidem
1180 1355 1228 1427 ue.
1253 1358 1308 1426 88.
1333 1360 1391 1425 ubi
1415 1380 1474 1445 pro

282 1468 315 1532 τί
337 1464 386 1533 οὖν
412 1469 593 1545 πίθωμαι
617 1467 696 1542 tart
721 1491 765 1533 σοι
789 1470 823 1532 in
841 1468 1026 1535 Rauennate
1045 1474 1094 1534 eat
1112 1467 1278 1545 πείθομαι,
1302 1469 1338 1530 in
1356 1465 1477 1532 Veneto

283 1575 454 1640 barbarum
476 1575 633 1650 πιθοῦμαι.
663 1572 748 1652 Quid
772 1578 881 1639 autem
897 1576 975 1640 iatoa
993 1578 1028 1639 in
1042 1573 1177 1639 Platone
1193 1566 1230 1638 et'
1241 1570 1473 1648 Demosthene,

284 1680 361 1764 quid
383 1681 418 1743 in
439 1678 601 1745 Herodoto
623 1684 656 1744 et
677 1678 865 1765 Thueydide
881 1681 1061 1767 designasse
1083 1684 1189 1765 putea.
1214 1680 1269 1762 qui
1290 1676 1475 1760 Aristopha-

284 1806 359 1850 nem
381 1790 450 1850 tam
471 1784 561 1851 foede
583 1782 809 1869 corruperunt?
844 1783 967 1871 Spretis
988 1787 1091 1872 igitur
1112 1783 1204 1850 libris
1227 1785 1375 1850 omnibus
1398 1783 1475 1868 quid

284 1911 399 1956 verum
420 1893 463 1955 ait
486 1893 568 1955 ratio
590 1895 622 1955 te
642 1890 761 1975 ubique
785 1889 919 1957 docebit.

330 2102 411 2189 Pag.
435 2098 511 2166 487.
536 2119 565 2166 u.
602 2102 644 2173 εἰς
676 2106 817 2167 τοσούτου
849 2101 1001 2183 αἰσχύνης
1033 2102 1220 2176 ἐληλύθασιν
1251 2097 1309 2169 dee
1341 2099 1409 2187 [διὰ
1439 2101 1474 2165 τὸ

286 2206 503 2294 αἰσχύνεσθαι]
539 2214 645 2290 τολμᾷ
677 2208 818 2287 ἑκοίτερος
850 2208 952 2273 αὐτῶν
982 2206 1075 2279 αύτδς
1105 2207 1189 2288 αύτῷ
1216 2206 1343 2272 ἐναντία
1372 2208 1476 2287 λέγειν

287 2312 421 2379 ἐναντίον
444 2320 566 2378 πολλῶν
589 2313 776 2396 ἀνθρώπων]
817 2312 914 2379 Estne
937 2313 997 2378 hoo
1019 2312 1227 2379 manifestum
1250 2310 1410 2380 emblema
1432 2314 1474 2387 εἰς

287 2424 429 2485 τοσοῦτον
451 2420 603 2500 αἰσχύνης
628 2457 673 2469 -
697 2419 763 2502 [δια
786 2419 822 2483 τὸ
845 2416 1088 2502 αἰσχύνεσθαῆἰ

330 2633 409 2699 Post
430 2652 531 2718 pauca
554 2632 676 2697 editur:
708 2631 910 2709 εὐλαβεῖσθαι
943 2630 1182 2710 παρεκελεύσαθ’
1213 2630 1364 2705 οἰλλνίλοις
1396 2627 1476 2703 ὅπως

286 2744 330 2818 μη
354 2739 434 2819 πέρα
461 2743 515 2802 τοῦ
539 2738 653 2804 δέοντος
678 2742 887 2817 σοΦΩΤΕΡοι
911 2736 1068 2814 γενόμενοι
1092 2737 1206 2811 λύσετε
1229 2733 1473 2822 διαφθαρέντες]

286 2851 342 2913 aut
364 2845 527 2924 σοφώτεροι
550 2848 604 2908 τοῦ
627 2843 744 2915 δέοντος
767 2843 884 2908 dieitur
906 2847 963 2908 aut
981 2840 1061 2923 πέρα
1079 2847 1132 2908 τοῦ
1153 2841 1267 2913 δέοντος
1287 2842 1395 2923 σοφοί,
1415 2861 1477 2907 non

288 2951 461 3035 σοφώτεροι.

332 3161 411 3248 Peg.
436 3158 512 3225 489.
537 3176 565 3225 ο.
590 3160 607 3235 ἢ
632 3158 683 3225 οἰει
713 3184 755 3237 με
786 3161 890 3238 λέγειν
922 3160 976 3226 θοίν
1006 3160 1157 3243 συρφετὸς
1189 3170 1332 3243 συλλογῇ
1365 3159 1476 3226 δούλων

288 3268 340 3333 καί
363 3268 567 3332 παντοδαπῶν
599 3266 758 3344 οἰνθρύπυν
790 3266 917 3344 μηδενὸς
948 3264 1041 3343 οἰξίονν
1072 3268 1156 3343 πλην
1185 3264 1256 3340 ίσυς
1288 3268 1330 3347 τῷ
1353 3268 1476 3346 edeam

287 3373 525 3456 ἰσχυρίσασθαι,
558 3371 610 3437 καί
636 3367 715 3436 ούτοι
739 3377 837 3451 Φύσιν
861 3381 979 3438 ATTA
1003 3372 1096 3438 ταῦτ’
1120 3368 1198 3438 εἰναι
1222 3370 1376 3455 νύμιροαη]
1409 3371 1478 3437 Sta

286 3476 350 3549 tim
379 3480 531 3568 vulgatae
561 3479 715 3544 mendum
744 3478 907 3564 apparebit
938 3480 966 3543 ei
996 3481 1026 3544 ei
1056 3499 1132 3544 vera
1159 3476 1255 3544 leotio
1285 3484 1475 3564 opponetur,

287 3609 367 3675 quae
397 3587 475 3652 haec
505 3591 569 3651 est:
605 3584 657 3649 καί
690 3579 773 3649 ούτοί
799 3589 896 3664 Φύσιν
925 3586 1086 3662 '‘ATTA‚
1122 3586 1215 3649 ταῦτ’
1248 3579 1326 3650 εἰναι
1350 3584 1476 3663 νόμιμα.

286 3695 479 3779 Saepissime
509 3689 593 3756 ύττα
625 3690 710 3776 apud
739 3689 908 3756 Platonem
936 3692 982 3755 oio
1009 3693 1155 3776 ponitur,
1187 3692 1283 3755 utin
1303 3690 1380 3775 Itep.
1403 3711 1476 3777 pag.

287 3800 363 3866 449.
388 3819 417 3865 Β.
443 3795 552 3875 ἔλεγεν
584 3794 669 3860 οἰττα
701 3794 928 3876 προσκεκυφώς.
962 3795 1087 3878 tophet.
1118 3815 1192 3881 pag.
1218 3792 1295 3860 236.
1319 3814 1349 3861 u.
1373 3793 1479 3873 λέγειν

285 3908 342 3985 μὲν
364 3903 450 3970 οἰττα
474 3904 572 3977 οἰληθῆ
597 3904 628 3967 δὲ
652 3901 717 3978 μθ,
743 3906 776 3966 et
798 3902 928 3986 passim.
968 3900 1079 3986 Neque
1102 3892 1212 3965 autem
1235 3903 1334 3981 φῶσιν
1356 3901 1477 3967 obiecto

285 4033 389 4080 carere
411 4011 518 4095 potuit
541 4009 630 4073 etin
654 4008 739 4072 adada
763 4013 870 4071 ταῦτα
892 4005 978 4072 male
1002 4007 1143 4072 abundat
1166 4005 1263 4072 αὐτοὶ.

329 4117 469 4204 Egregie
501 4113 684 4179 emendavit
714 4113 828 4178 Editor
858 4133 930 4200 pag.
958 4112 1010 4177 16.
1034 4112 1143 4179 locum
1169 4115 1204 4177 in
1229 4114 1381 4179 Pteaeteto
1402 4133 1473 4200 pag.

287 4221 362 4289 158.
380 4239 408 4287 ο.
432 4218 454 4287 οἰ
478 4244 513 4285 τε
535 4221 598 4297 χοίρ
623 4217 905 4317 νυυίαδιειλέχμεθα
927 4219 1010 4284 otta
1034 4219 1143 4284 κωλύει
1167 4220 1220 4285 καί
1241 4224 1272 4285 ἔν
1290 4222 1332 4301 τῷ
1351 4220 1475 4298 ἐνυπνίῳ

285 4329 381 4394 δοκεῖν
411 4327 559 4400 οἰλλύλοις
592 4323 811 4400 &reiteretur
843 4323 896 4388 καί
928 4318 1003 4388 ύταν
1027 4322 1061 4398 δη
1086 4325 1155 4403 ὄναρ
1179 4325 1321 4405 ὀνείρατα
1344 4326 1475 4402 δοκῶμεν

284 4433 455 4508 διηγεῖσθαι
478 4430 592 4498 οἰτοτος
618 4431 635 4500 ύ
660 4429 798 4501 ύμοιύτητ
824 4428 937 4492 τούτων
962 4430 1094 4501 ἐκείνοις.
1134 4429 1290 4497 Restituit
1314 4433 1402 4497 enim
1425 4430 1474 4495 καί
