3296 5022
266 331 309 397 56
694 348 738 398 nn
762 346 1028 398 runoeuaasuuu.

263 512 352 584 mam
382 517 471 582 locus
500 516 708 602 Theophrasti
735 519 998 607 redintegrandus
1021 525 1069 583 est
1091 520 1155 583 sio:
1188 518 1353 596 tto'causa
1379 521 1456 601 (non

267 622 404 706 ε’θθομεν)
426 623 451 686 ci
476 622 637 703 πρυτάνεις
661 634 700 707 τῇ
723 626 815 704 μητρί
838 632 897 690 τῶν
917 627 986 690 θεῶν
1005 624 1058 689 καὶ
1078 623 1189 702 γέγονε
1209 624 1252 688 τίν
1269 623 1336 704 ἱεροὶ
1355 633 1454 689 Alata

266 736 342 810 (non
365 725 454 814 ι’ίξια)
479 728 532 793 καί
555 726 651 792 καλοί.
694 728 861 794 Praeterea
884 734 985 795 orasin
1008 732 1150 795 Atticam
1173 733 1303 794 restitue
1328 728 1455 810 δέχεσθε

267 832 415 913 τιὶγαθιί,
438 854 501 898 non
523 831 566 897 τὰ
590 832 710 911 ἀγαθοί.
746 833 783 897 In
806 837 900 898 cartis
918 835 1081 900 vocabulis
1099 836 1185 899 enim
1202 842 1354 919 perpetua
1371 834 1456 918 apud

268 941 392 1006 Atticos
423 940 519 1002 orasis
541 939 679 1024 obtinet,
711 944 749 1003 ut
770 941 804 1003 in
827 941 1002 1018 τοῖργθριον,
1032 938 1241 1013 τάπιτήδεια,
1273 938 1454 1014 τάπινίκια,

267 1043 506 1119 τάναλώματα,
530 1042 721 1120 τάπιτίμια,
747 1050 779 1108 et
801 1045 847 1108 sio
869 1065 993 1128 semper
1014 1045 1152 1121 τοίγαθθν
1176 1048 1208 1108 et
1230 1044 1370 1120 τοίγαθιί.
1396 1042 1458 1108 Re·

268 1147 397 1214 solvunt
426 1147 504 1211 haee
532 1146 652 1212 soribae
681 1148 735 1213 sed
764 1148 851 1212 fraus
880 1148 1032 1235 deprensa
1049 1156 1120 1243 ¹ost.
1166 1147 1220 1214 Sia
1241 1158 1274 1214 et
1304 1148 1457 1225 θοιμιίτιον

267 1259 300 1317 et
323 1240 476 1331 θαιμοίτια
499 1256 677 1317 constanter
697 1253 945 1318 rescribendum.

313 1458 390 1547 Gap.
413 1459 519 1527 XXII.
544 1464 782 1543 Ἀνελευθερίας.

314 1567 366 1632 καί
390 1576 429 1649 τῇ
452 1568 576 1644 γυναικί
600 1567 632 1633 δὲ
656 1606 698 1616 -
721 1569 766 1645 μὴ
789 1567 935 1648 πρίασθαι
959 1568 1144 1649 θεράπαιναν
1167 1568 1257 1633 οὶλλθι
1275 1568 1460 1646 μισθοῦσθαῑ

270 1676 304 1740 ἐκ
326 1679 382 1748 τῆς
411 1672 591 1751 γυναικείας
622 1672 740 1737 παιδισν
771 1672 807 1737 τὸ
834 1671 1116 1757 συνακολουθῆσον.]
1167 1672 1385 1758 Supplendum
1410 1681 1462 1737 est

270 1781 305 1843 ia
327 1786 383 1854 τῆς
406 1779 587 1858 γυναικείας
613 1776 771 1865 (ἀγορᾶς),
804 1783 842 1842 ut
864 1799 930 1864 eap.
957 1778 988 1843 2.
1013 1778 1124 1855 οὶμίλει
1149 1778 1179 1842 δὲ
1204 1778 1256 1842 καί
1280 1779 1321 1842 τα
1346 1779 1379 1841 ἐκ
1402 1786 1460 1851 τῆς

271 1882 450 1963 γυναικείας
473 1885 590 1963 ἀγοραῖς
613 1881 789 1957 διακονῆσαι
813 1880 938 1956 δυνατὸς
963 1884 1103 1950 οῖπνευςί.

316 2091 393 2179 Gap.
416 2090 538 2157 XXIII.
562 2092 772 2173 Ἀλαζονείας.

316 2201 330 2263 θ
353 2199 386 2264 δὲ
411 2197 537 2279 ἀλαζὼν
559 2198 692 2269 τοιοῦτθς
715 2221 762 2270 τις
786 2192 844 2271 olon
868 2198 899 2261 ἐν
921 2199 963 2279 τῷ
987 2196 1241 2277 ΔιαζεθγΜΑΤΙ
1266 2201 1377 2275 ἓςκκὼς
1398 2203 1459 2274 δικ·

271 2305 394 2384 γεῖσθαι
428 2302 520 2381 ξένοις
555 2304 594 2372 τίς
626 2301 732 2367 πολλοὶ
762 2304 918 2384 χρήματα
949 2304 1032 2384 αὐτῷ
1067 2305 1129 2372 ἕσιν
1158 2304 1188 2367 ἐν
1217 2313 1256 2383 τῇ
1286 2303 1458 2391 daldorp]

271 2410 359 2477 Olim
382 2429 401 2474 a
424 2405 608 2474 casaubono
638 2413 762 2493 reperta
792 2407 870 2472 felix
894 2413 933 2473 et
959 2415 1044 2474 serta
1073 2410 1253 2475 emendatio
1283 2409 1462 2475 inconsulto
1519 2410 1524 2419 '

271 2515 311 2580 ab
335 2515 482 2578 omnibus
503 2518 608 2599 spreta
629 2518 686 2577 est.
733 2512 880 2597 Namque
905 2515 1110 2577 verissimum
1134 2514 1287 2598 estquod
1309 2517 1461 2580 coniecit:

271 2620 368 2700 ἐντῷ
393 2627 571 2695 ΔΕΙΓματι
601 2618 722 2692 inaneis.
771 2616 856 2696 Quid
885 2620 992 2683 notius
1022 2638 1119 2702 quam
1149 2619 1183 2682 τθ
1218 2627 1349 2697 Δεῖγμα
1371 2620 1406 2685 σθ
1429 2620 1462 2682 ἕν

271 2730 426 2805 Πειραιεῖ,
452 2743 514 2808 quo
537 2744 646 2789 omnes
667 2722 808 2807 undique
830 2728 1018 2788 mercatores
1038 2721 1256 2788 confluebant?
1301 2723 1462 2807 Frequens

271 2834 325 2895 τοῦ
350 2828 531 2906 Δείγματορ
554 2830 676 2893 mentio
698 2828 783 2913 apud
804 2828 1062 2911 Xenophonteo,
1092 2827 1242 2913 Lysiam,
1275 2828 1462 2893 Demosthe

270 2956 345 3000 nem
368 2939 400 2998 et
423 2933 511 2997 ahos.
534 2914 804 3017 vidJHapocrat.
821 2953 852 2997 v.
875 2940 1017 3008 Δεῖγμα.
1052 2930 1244 2997 Plutarchus
1262 2934 1300 2996 ιθο
1321 2934 1459 2997 θυιθοείθ.

270 3059 344 3125 pag.
359 3034 434 3101 519.
447 3056 479 3102 ιι.
503 3038 529 3101 οί
554 3036 586 3100 δὲ
609 3035 868 3115 πολυπράγμονες
889 3074 932 3085 -
950 3037 993 3107 είς
1016 3035 1051 3100 τὸ
1077 3044 1209 3114 Δεῖγμα
1232 3037 1285 3101 καὶ
1308 3041 1363 3113 τὴν
1385 3040 1461 3116 οἰγο-

272 3143 327 3223 ρθον
350 3141 403 3205 καί
434 3141 504 3214 τοὺς
536 3140 665 3217 λιμένας
695 3141 837 3204 ὠθοῦνται
861 3142 905 3217 μυί
929 3164 959 3205 τι
982 3138 1103 3216 καινίν;
1128 3140 1192 3206 Ubi
1213 3144 1316 3229 igitur
1338 3148 1413 3207 sunt
1435 3145 1461 3207 σί

272 3243 532 3323 πολυπράγμονες
563 3244 614 3309 καί
647 3247 673 3309 οἱ
703 3245 858 3321 λογοποιοί
886 3248 921 3309 in
947 3266 1065 3331 magara
1085 3251 1299 3312 mercatorum
1323 3255 1355 3313 et
1375 3268 1461 3332 pere-

272 3353 439 3439 grinorum
460 3349 555 3414 turba
576 3349 697 3414 ibidem
719 3355 752 3414 et
773 3350 842 3422 τοὺς
865 3348 1023 3431 οῖλαζθνας
1047 3354 1166 3417 κυνιστὶ
1186 3354 1257 3436 quis
1271 3351 1461 3418 mirabitur?

317 3561 398 3627 lbid.
422 3558 474 3625 καί
499 3556 704 3636 συνοδοιπόρον
728 3558 759 3622 δὲ
782 3559 962 3623 θπολαῦσαι
983 3559 1019 3622 ’ἐν
1042 3568 1080 3641 τῇ
1104 3559 1159 3639 ὁδῷ
1184 3559 1276 3633 δεινὸς
1301 3562 1402 3639 λέγων
1420 3564 1460 3633 ὡς

272 3692 356 3745 μετα
379 3665 521 3744 εθιίνθρυυ
551 3663 758 3741 ἕτρατεθσατσ
782 3665 834 3727 καὶ
858 3666 897 3736 ὥς
923 3664 1009 3743 αὐτῷ
1031 3660 1130 3749 εἶχε]
1167 3664 1221 3729 Sic
1243 3670 1290 3731 est
1313 3668 1347 3729 in
1369 3664 1461 3731 Pala-

271 3777 339 3838 tino
358 3769 482 3838 Codice.
519 3768 606 3832 Olim
626 3774 787 3852 repertum
806 3776 854 3834 est
872 3772 910 3841 ὡς
929 3772 1001 3846 μετ’
1022 3768 1222 3850 Ἀλεξάνδρου
1240 3767 1458 3849 ἐτρατεθσατο.

272 3879 439 3943 Praeterea
473 3875 591 3939 scribe:
625 3873 827 3953 συνοδοιπθρου
860 3874 891 3937 δὲ
922 3875 1123 3940 οίπολαθσΑΟ
1155 3877 1186 3939 ἕν
1218 3884 1257 3955 τῇ
1289 3876 1343 3954 aad
1367 3874 1459 3946 δεινὸς

271 3982 404 4060 aspera.
452 3978 574 4045 Deinde
602 3979 748 4064 suppleta
775 3984 881 4045 vetere
909 3978 1023 4043 laouua
1052 3982 1174 4066 corrigo
1197 3980 1249 4043 καὶ
1276 3977 1459 4065 (oniense

271 4087 356 4167 αὐτῷ
380 4082 458 4164 εἶχε.
505 4084 626 4149 Naotus
656 4086 779 4149 itineris
809 4086 960 4149 comitem
982 4086 1016 4147 in
1038 4086 1092 4149 via
1114 4086 1211 4149 iactat
1233 4106 1266 4149 se
1288 4084 1460 4149 Alexandri

270 4196 364 4280 signa
393 4198 538 4256 secutum
560 4192 647 4255 etin
670 4190 740 4255 eius
766 4190 944 4254 amicitiam
966 4194 998 4254 et
1019 4188 1273 4254 familiaritatem
1297 4194 1460 4274 receptum

270 4298 377 4363 fuisse.
426 4297 553 4368 Οίκείυρ
578 4293 667 4375 ἔχειν,
684 4300 717 4359 et
742 4295 913 4359 διακεῖσθαί
933 4316 991 4359 τινι
1015 4294 1145 4378 perinde
1168 4295 1286 4359 dieitur
1307 4290 1326 4358 ί
1345 4317 1381 4358 τε
1403 4301 1461 4375 Φι·

271 4409 330 4467 λῶν
363 4403 415 4467 καί
439 4402 453 4467 θ
477 4400 678 4483 Φιλοθμενος,
711 4405 748 4462 ut
777 4398 869 4479 φίλον
899 4394 985 4464 εἶναι,
1035 4397 1088 4463 Sia
1111 4405 1143 4464 et
1165 4405 1295 4479 φιλικῶς
1319 4396 1404 4480 ἔχειν
1427 4404 1461 4463 et
