3340 5014
581 343 772 393 unicornuum
797 347 833 392 ιι
856 345 982 392 curruca.
1312 329 1374 394 127

183 513 303 590 πιδα,
327 514 476 595 χιλίαν
497 513 530 578 δὲ
552 512 694 593 ἵππον,
719 535 793 583 nam
815 516 863 582 sic
886 523 1012 583 ueteres
1028 513 1259 602 loquebantur,
1286 524 1321 583 ut
1341 517 1375 583 io

184 619 324 686 Ambae
348 618 373 685 l.
398 624 428 686 7.
468 625 508 686 10
530 626 589 686 τῶν
620 622 775 697 Ἑλλήνων
807 621 904 696 ricmis
927 623 1042 705 puple,
1064 629 1097 688 et
1122 621 1156 686 iu
1183 622 1295 710 Cprcp.
1321 623 1376 690 lv.

185 729 217 791 6.
243 729 273 790 2.
298 722 390 792 ἵππον
411 726 543 806 χιλίαν,
576 736 607 794 et
639 728 703 794 duo
730 728 895 795 collectiva
927 730 974 795 sic
1005 728 1151 815 componi
1175 728 1289 795 solent.
1337 729 1374 796 ln

184 851 256 919 cap.
281 835 323 897 22
348 830 577 917 corrigendum
602 833 636 913 ἐξ
658 835 826 910 Ἀθηναίων
848 834 994 901 Ardores
1013 854 1071 921 pro
1089 833 1214 901 πανπιιν
1236 843 1374 901 excocta

184 935 334 1004 formula.

233 1044 268 1109 ln
292 1041 389 1109 rebus
413 1043 453 1111 ab
479 1044 621 1112 Aristide
644 1048 745 1133 gestis
760 1045 951 1115 enarrandis
973 1044 1166 1112 Plutarchus
1189 1044 1256 1113 iere
1280 1046 1375 1113 Hero·

186 1148 297 1214 dotum
323 1151 472 1235 sequitur
492 1160 546 1216 aut
572 1162 660 1219 certe
684 1151 843 1240 aliquem,
869 1152 925 1240 qui
948 1170 987 1217 ex
1008 1150 1166 1218 Herodoto
1190 1160 1278 1218 totus
1298 1173 1376 1240 peu·

187 1254 282 1322 debat
302 1255 356 1321 sed
378 1257 423 1321 ita
436 1264 472 1322 ut
491 1257 635 1324 nonnihil
650 1261 722 1324 nori
736 1258 866 1326 adderet
879 1266 937 1324 aut
953 1255 993 1323 ab
1015 1256 1176 1324 Herodoto
1194 1257 1375 1345 neglectum

188 1371 244 1426 aut
279 1380 298 1427 a
330 1360 564 1428 recenlioribus
594 1361 722 1431 lictuiu.
771 1363 873 1430 Ferox
907 1362 1152 1430 Atheniensium
1185 1384 1375 1452 responsum

188 1465 368 1534 Alexandro
400 1466 563 1534 Macedoni
593 1477 626 1535 et
653 1468 791 1536 alterum
816 1468 1048 1555 Spartanorum
1075 1468 1188 1555 legatis
1212 1469 1375 1536 redditum

188 1581 345 1640 meumrat
381 1571 534 1640 historiae
564 1584 656 1661 pater
689 1574 772 1640 tlh.
808 1578 868 1639 145
900 1582 933 1640 et
960 1577 1034 1639 itt.
1070 1572 1259 1640 Adscribam
1286 1576 1377 1661 prins

187 1687 225 1746 ut
247 1677 426 1745 emendem.
475 1679 608 1746 Editur:
632 1684 682 1746 νῦν
706 1705 743 1746 σε
766 1679 964 1760 ἀπάγγελλε
979 1680 1137 1760 Μαρδονίῳ
1156 1682 1199 1754 ’ὥς
1224 1683 1375 1756 Ἀθηναῖοι

187 1783 312 1864 atroces
335 1782 380 1854 ἶς’
404 1783 442 1851 ἂν
466 1786 480 1851 i
504 1784 585 1862 ἥλιος
608 1788 663 1862 rip
685 1788 783 1863 αὐτὴν
807 1785 871 1852 ὁδὸν
894 1786 924 1868 ip
946 1795 985 1869 spi
1009 1784 1061 1851 καὶ
1087 1791 1137 1853 νῦν
1161 1783 1287 1868 ἔρχεται
1315 1787 1377 1866 psl·

188 1914 258 1957 νοτε
288 1892 490 1971 ὁμολογήσειν
522 1891 621 1970 ipim
653 1891 764 1975 Ξέρξη,
797 1899 959 1978 expuncto
989 1890 1101 1978 putido
1125 1892 1316 1958 emblemate
1337 1895 1377 1964 uis

187 1999 339 2075 Ἀθηναῖοι
368 1998 511 2077 λέγουσι,
536 1997 619 2084 quod
645 1998 704 2064 loci
733 1998 997 2084 compositionem
1031 1997 1160 2083 penitus
1183 1996 1377 2075 conturbat,

189 2105 394 2191 reponeris
419 2103 495 2193 (uon
519 2113 573 2186 τῇ)
597 2104 650 2171 και
675 2109 724 2170 νῦν
748 2100 875 2185 ἔρχεται
892 2107 927 2190 ¹).
965 2103 1052 2169 Haec
1066 2104 1167 2189 igitur
1184 2102 1376 2170 Plutarchus

188 2229 257 2295 cap.
286 2214 326 2275 10
357 2211 462 2296 ipsum
496 2208 672 2276 Aristidem
702 2209 905 2297 respondisse
938 2220 1065 2277 narrat:
1097 2207 1190 2292 ἄχρις
1222 2208 1260 2275 ἄν
1290 2206 1377 2282 οὗτος

190 2317 253 2405 (τὸν
276 2316 359 2396 ἥλιον
383 2316 523 2402 δείξας),
548 2315 630 2398 ἔφη,
655 2315 774 2393 ταύτην
798 2316 966 2398 πορεύηται
989 2318 1046 2392 σὺν
1077 2315 1200 2397 πορείαν
1224 2316 1376 2390 Ἀθηναῖοι

189 2426 397 2504 πολεμήσουσι
420 2423 553 2504 Πέρσαις
578 2423 643 2487 eri.
669 2422 723 2487 ubi
748 2421 972 2490 scribendum:
1006 2420 1082 2505 ἄχρι
1108 2421 1183 2510 (ιιοιι
1207 2418 1312 2509 iimcc)
1338 2418 1378 2487 av

189 2526 273 2603 οὗτος
297 2569 341 2581 -
364 2530 419 2605 cip
443 2527 540 2603 aiche
564 2529 729 2608 πορεύηται
753 2528 887 2611 πορείαν.
936 2526 970 2593 Si
995 2526 1073 2594 haec
1098 2528 1199 2614 ipsius
1225 2524 1378 2592 Aristidis

190 2636 285 2703 rerba
316 2632 473 2714 luissent,
505 2653 568 2699 nou
599 2634 713 2719 opioor
744 2632 776 2699 id
814 2631 1011 2701 Herodotum
1044 2634 1242 2699 omissurum
1275 2630 1378 2699 luisse

190 2742 244 2828 qui
281 2739 454 2806 Aristidem
487 2740 631 2827 impense
661 2737 893 2805 admirabatur.
941 2738 1025 2806 Sunt
1057 2736 1135 2806 llaec
1159 2739 1377 2804 recentiorum

189 2847 408 2914 additamenta
431 2855 464 2913 et
492 2845 552 2912 lide
584 2844 735 2932 indigua,
760 2853 796 2912 ut
826 2846 981 2911 contiuuo
1011 2843 1189 2932 apparebit.
1239 2843 1381 2909 Mittitur

191 2955 339 3042 Spartam
364 2952 491 3039 legatio.
540 2949 719 3018 Herodotus
748 2951 928 3038 legatorum
960 2952 1106 3017 norninat
1137 2951 1298 3017 neminem
1326 2949 1379 3017 lX.

190 3066 267 3128 det
300 3065 331 3126 7.
364 3056 556 3125 Plutarchus
588 3057 762 3123 Aristidem
788 3057 834 3123 illi
871 3057 1022 3143 legationi
1054 3055 1232 3151 praefuisse
1269 3063 1381 3122 narrat

190 3188 260 3255 cap.
300 3171 340 3233 10
374 3166 542 3247 Ἀριπείδνς
577 3165 733 3246 πεμφθεὶς
769 3164 842 3247 πρὸς
876 3164 1102 3243 Λακεδαίμονα
1137 3163 1201 3228 κπὲ.
1238 3171 1271 3228 el
1303 3161 1380 3249 quid

191 3273 309 3340 dixerit
343 3281 376 3338 et
410 3269 487 3358 quid
523 3271 627 3356 egerit
661 3269 787 3356 copiose
818 3271 957 3356 exponit.
1006 3268 1066 3335 Sed
1101 3267 1179 3355 quid
1215 3271 1242 3333 si
1267 3269 1380 3334 Aristi·

191 3379 262 3448 dein
286 3379 418 3446 ursinico
454 3396 493 3443 ne
525 3376 661 3442 missum
690 3375 820 3462 quidem
854 3375 1004 3463 Spartam
1029 3373 1171 3461 legatum
1204 3373 1379 3461 appareat?

191 3487 279 3554 Hissi
304 3494 381 3552 sunt
411 3483 521 3548 Cimon
553 3490 585 3547 et
616 3480 750 3547 Periclis
780 3490 872 3569 pater
902 3481 1106 3568 Xanthippus
1130 3487 1163 3547 et
1187 3478 1382 3568 Hyronides.

194 3591 282 3659 Unde
307 3589 410 3657 nosti?
435 3608 473 3655 ex
492 3590 561 3674 ipso
584 3585 820 3674 psephismate,
844 3586 928 3675 quod
953 3585 1052 3653 deca
1080 3584 1238 3671 legatione
1263 3585 1382 3651 Aristi·

192 3700 248 3767 des
279 3698 346 3785 ipsc
376 3694 518 3782 scripsit.
568 3692 704 3760 Ubinam
734 3702 784 3760 est
815 3691 1019 3781 psephisma?
1051 3689 1136 3777 apud
1168 3689 1388 3758 Plutarchum-

192 3868 388 3886 ff

227 3954 252 4019 1)
270 3954 347 4004 Hune
363 3964 462 4017 quoquc
480 3949 603 4000 Herodoti
618 3948 702 3999 locum
718 3954 746 3997 ut
763 3948 825 3998 alios
842 3948 927 4014 plures
942 3947 1079 3998 admiratus
1097 3945 1236 4011 Sophocles
1253 3946 1280 3997 in
1295 3947 1382 4012 podria

191 4051 262 4087 mam
278 4036 372 4100 recepit
388 4033 499 4084 Philoct.
517 4047 553 4083 us.
572 4032 646 4081 lass.

463 4113 511 4162 sal
530 4111 643 4163 παῦλαν
660 4110 725 4161 ἴσθι
743 4109 830 4176 τῆσδε
847 4110 950 4176 μήποτ’
967 4108 1001 4159 ἂν
1018 4115 1117 4175 τυχεῖν

458 4198 539 4247 νόσου
554 4197 674 4262 βαρείας
691 4193 728 4253 ἔς*
746 4194 780 4243 ἂν
798 4191 975 4260 abseedimus

460 4281 552 4347 ταύτῃ
570 4277 620 4341 μὶν
639 4277 704 4346 cipp
723 4277 794 4343 τῇδε
811 4276 838 4326 d'
857 4262 892 4326 urii
912 4276 983 4343 turp
1001 4273 1092 4326 πάλιν.

191 4366 235 4416 ubl
252 4365 362 4430 recipere
378 4365 487 4416 debebat
507 4363 653 4412 Diodorfius
676 4362 799 4413 Brunckii
822 4362 991 4413 coniecturum
1013 4357 1050 4418 te·
1076 4355 1111 4408 du
1126 4374 1172 4425 pro
1196 4355 1231 4417 cie
1245 4357 1291 4421 bv,
1308 4376 1384 4428 quem

191 4447 263 4500 ride·
278 4462 313 4502 cx
331 4447 463 4500 Herodoto
479 4447 664 4499 confirmatam.
