3254 5034
619 356 812 404 noroonoorcn
839 359 874 403 nr
897 359 1026 407 onrncn.
1395 344 1414 404 7

213 524 255 596 ιές
278 523 465 603 προαγωγὸν
484 523 664 605 εἰσάγοντος
688 527 784 593 αὐτοῦ
807 529 863 604 την
886 527 959 595 θεάν.
997 526 1085 595 Zoilo
1103 526 1165 595 istit
1188 526 1416 615 multomagis

216 648 316 714 qoam
341 627 480 696 eruditis
503 630 634 697 Criticis
660 630 758 717 iligna
782 641 871 700 sunt.

262 837 379 928 Odyss.
407 852 447 908 0.
473 845 517 908 88

352 946 589 1027 {lamparilla
614 950 727 1015 νεῖσθαι
752 951 805 1031 ἐφ’
829 949 962 1031 ἡμέτερ’.
986 951 1019 1017 οὗ
1039 949 1102 1033 γάρ
1122 949 1242 1019 άπισθεν

354 1047 434 1134 οὖρον
457 1054 507 1119 tto
528 1053 712 1120 κατέλειπον
736 1056 786 1122 ἐπὶ
811 1056 995 1123 κτεάτεσσιν
1018 1057 1153 1134 ἐμοῖσιν·

351 1162 396 1238 μη
421 1159 530 1240 πατέρ’
554 1159 688 1226 άντθθεον
712 1159 867 1241 διζήμενος
890 1164 984 1235 αὐτὸς
1008 1161 1150 1242 tannae,

351 1266 369 1342 il
393 1264 426 1329 ri
449 1287 500 1342 μοι
524 1266 559 1330 ἐκ
581 1265 727 1347 μεγάρων
749 1269 906 1347 κειμήλιον
930 1267 1038 1333 έσθλθν
1060 1266 1182 1344 έληται.

261 1367 410 1436 Scholion
437 1369 488 1458 (ari
515 1390 561 1437 rs.
590 1374 633 1436 90
655 1373 747 1446 αὐτὸς
779 1372 927 1461 θλαμαι);
960 1374 1028 1440 άντὶ
1052 1375 1193 1439 τοῦτὸν
1217 1373 1306 1452 βέον
1330 1395 1405 1452 μον

213 1473 412 1558 άπολέση.
447 1480 536 1543 τοῦτο
566 1476 597 1542 δὲ
629 1478 839 1557 άγνοησαντες
870 1478 1072 1561 προσένειμαν
1103 1488 1166 1553 τοῖς
1200 1478 1286 1558 ἑξῆς·
1319 1475 1405 1548 θέει

212 1581 436 1664 σμικρολθγον,
460 1584 498 1657 ὥς
521 1582 726 1666 Ἀριτοφάνης
747 1586 836 1668 Φησθ.

260 1687 404 1753 Pessime
428 1686 568 1754 mulcata
594 1687 672 1755 haec
692 1700 768 1757 sont
792 1690 846 1757 sed
870 1688 957 1756 hand
981 1687 1156 1757 difficulter
1179 1690 1211 1755 in
1237 1690 1400 1774 integrum

214 1794 343 1858 restitui
365 1801 509 1880 possunt.
543 1793 773 1862 Scribonium:
794 1795 862 1863 oivrl
883 1800 937 1863 roi
960 1797 1012 1863 riv
1030 1795 1099 1875 βίον
1121 1819 1181 1875 μιν
1203 1794 1403 1870 άπολέσιο.

214 1918 278 1964 non
300 1899 455 1981 άπιλέση,
484 1918 559 1965 naor
591 1901 638 1966 sic
664 1901 894 1988 Aristophanes
927 1901 1021 1968 rerba
1050 1902 1144 1975 αθτθς
1168 1901 1288 1981 ὄλωμαι
1315 1901 1403 1967 acci·

214 2004 329 2092 pientia
354 2025 424 2072 esse
448 2003 589 2072 docebat.
639 2004 728 2086 Quod
760 2028 861 2095 quom
888 2007 1071 2095 probaveris
1097 2006 1267 2074 manifesto
1290 2026 1403 2074 conse·

213 2111 328 2199 quitor
350 2120 538 2198 sequentem
562 2112 757 2179 versiculum

372 2217 390 2293 ἥ
413 2217 446 2283 τέ
468 2240 519 2297 μοι
543 2217 578 2283 ix
599 2217 744 2301 μεγάρων
768 2220 923 2298 κειμήλιον
942 2218 1049 2286 έεθλθν
1072 2217 1199 2295 θληται.

213 2322 298 2391 male
321 2322 485 2390 atrurntare
502 2331 532 2391 et
555 2325 703 2410 spurium
728 2345 808 2391 esse.
846 2325 879 2391 hl
902 2327 1006 2413 ipsum
1030 2324 1257 2412 Aristophanes
1276 2320 1402 2388 dixerat

214 2430 266 2496 his
290 2429 412 2496 veihis:
437 2434 525 2496 τοῦτο
555 2430 586 2497 δέ
614 2429 825 2510 ἀγνοήσαντες
848 2455 959 2506 τινες
984 2430 1186 2512 προσένειμαν
1216 2429 1284 2496 τὸν
1313 2427 1403 2506 ἑξῆς,

213 2535 276 2601 nisi
304 2533 388 2623 qnod
415 2555 473 2620 pm
496 2535 697 2616 προσένειμαν
721 2536 839 2602 melius
862 2538 895 2601 in
922 2536 977 2602 tali
1003 2555 1037 2602 re
1061 2535 1249 2618 προσέθηκαν
1276 2533 1400 2599 dictnm

210 2642 286 2708 erit.
334 2638 424 2721 Quot
450 2661 549 2728 quum
576 2642 739 2707 nescirent
763 2640 928 2721 nonnulli,
960 2642 1087 2728 inquit,
1112 2639 1306 2708 addiderunt
1330 2661 1401 2705 ver·

212 2768 283 2811 ιιιιιι
313 2757 498 2833 sequentem.
548 2744 666 2813 Eodem
698 2746 791 2813 molo
823 2745 937 2836 Odyss.
968 2758 1008 2813 lt.
1032 2750 1076 2814 99
1100 2754 1290 2813 annotetur:
1322 2737 1401 2824 tun

212 2850 373 2930 νοάσαντές
392 2876 473 2927 τινες
490 2850 678 2935 προσέθηκαν
700 2853 741 2918 τθ
768 2851 864 2919 »έλθοι
887 2851 1086 2930 άλητεύσιν.”
1112 2852 1165 2917 nhi
1186 2850 1290 2919 scribe
1312 2875 1399 2932 προσ·

210 2958 322 3034 έθηκαν
341 2958 423 3036 τὸν,
450 2978 564 3046 nempe
582 2960 690 3041 ςθχον,
708 2978 791 3045 qnae
812 2971 964 3046 perpetua
985 2967 1035 3026 est
1052 2958 1084 3024 in
1105 2956 1224 3025 talibus
1244 2956 1374 3045 ellipsis.

256 3166 370 3258 odyss.
396 3179 435 3235 0.
461 3173 515 3235 72.

390 3272 454 3342 έσέν
477 3299 524 3343 τοι
544 3275 637 3342 κακάν
661 3276 723 3342 έσθ’
746 3274 777 3352 άς
801 3279 831 3343 τ’
856 3279 910 3343 οὐκ
932 3276 1076 3343 ἐθέλοντα
1098 3274 1216 3343 νέεσθαι

390 3381 485 3461 ξεῖνον
505 3382 660 3465 ἐποτρύνει
683 3383 736 3448 καὶ
761 3376 792 3458 ὃς
818 3382 983 3461 ἐσσύμενον
1007 3383 1185 3463 κατερύκει.

388 3490 451 3570 χρη
474 3486 569 3564 ξεῖνον
590 3488 747 3569 παριέντα
769 3495 874 3572 Φιλεῖν
897 3488 1040 3555 έθέλοντα
1062 3487 1093 3555 δέ
1117 3487 1261 3566 πέμπειν.

254 3590 402 3658 Scholion
420 3592 460 3659 ad
479 3614 526 3662 vs.
550 3597 610 3661 rt:
633 3594 663 3660 έν
686 3603 813 3671 πολλοῖς
831 3596 884 3662 οὐκ
908 3594 1052 3677 ἐφέρετο.
1076 3593 1129 3660 καὶ
1149 3590 1212 3664 irre
1235 3588 1397 3665 Ἡσιθθειος

205 3706 264 3775 τοῖς
298 3697 440 3782 Φράσιος
474 3703 489 3765 θ
518 3701 702 3783 χαρακτήρ.
731 3702 758 3767 ri
781 3701 813 3768 ll
840 3701 1010 3783 θεχοέμεθα
1041 3699 1135 3767 αὐτὸν
1166 3699 1222 3781 πρὸ
1251 3704 1309 3764 τῶν
1341 3696 1397 3780 πρὸ

207 3804 320 3871 ἑαυτοῦ
344 3804 395 3871 δύο
419 3805 517 3887 sizna
540 3808 659 3889 θΦεέλιι
683 3807 871 3889 γράφεσθαι.

256 3908 403 3977 Scholion
428 3921 478 3977 est
508 3913 679 4001 antiquum
707 3922 739 3979 et
764 3914 903 4000 optimae
929 3922 1032 3977 notae.
1081 3910 1172 3975 inuti
1196 3916 1230 3975 et
1253 3907 1394 3974 circom-

206 4019 309 4103 speoti
341 4017 452 4084 critiri
484 4027 533 4084 est
564 4027 596 4084 et
627 4017 816 4084 acutissime
846 4016 1033 4085 indicantis.
1093 4015 1128 4083 Si
1161 4010 1399 4099 transposueris

208 4142 338 4190 remum
372 4131 459 4189 stare
483 4126 618 4210 poterit,
649 4122 705 4190 sed
734 4123 850 4190 melios
874 4132 922 4188 est
956 4130 993 4187 ut
1016 4121 1318 4203 παριμβεβλημένον
1340 4118 1396 4186 eli·

207 4230 346 4294 minare.
393 4228 499 4295 Etiam
527 4231 558 4295 in
583 4228 752 4296 tlotlicihos
776 4230 831 4316 qui
861 4227 899 4295 ad
924 4248 981 4293 nos
1006 4238 1221 4315 pervenerunt
1253 4228 1284 4293 in
1312 4245 1394 4291 niar-

207 4334 285 4420 gine
314 4334 477 4423 adscripta
508 4334 661 4421 leguntur
693 4336 812 4422 passim
843 4355 879 4401 ea
911 4354 993 4422 quae
1017 4334 1157 4423 aliquam
1184 4333 1393 4420 insigniorem

207 4441 388 4508 senitentiae
413 4443 444 4508 in
470 4451 622 4511 contexto
647 4441 770 4528 positae
793 4440 1040 4509 siorilitnrlinem
1063 4461 1140 4528 prae
1164 4459 1199 4507 se
1223 4437 1343 4507 lerunt.
