3296 5022
558 350 601 397 nn
625 348 801 399 eumenum
824 352 945 400 τινοιν
968 353 1000 398 x.
1332 336 1371 399 31

191 519 358 584 habiturus
381 521 541 598 νεύματος
564 519 658 600 χάριν
686 522 744 587 has
765 520 846 587 solas
868 527 1003 605 quatuor
1025 522 1217 586 coniecturas
1238 522 1375 605 proferre

187 625 265 688 satis
298 644 365 689 esse
387 626 580 690 existimavi.
624 626 668 690 nt
689 626 767 710 quid
796 626 926 691 tandem
953 628 1118 710 scripserat
1148 624 1375 691 Philodemus?

188 727 378 793 oxonienses
401 727 583 793 ediderunt:

414 839 891 898 ΑΔΟΘΕΝΤΟΕΔΕΤΟΤΝΘ
916 882 923 898 .
946 885 953 898 .
980 842 1124 899 eN'roc

416 943 870 1002 ΟΤΤΩΟΑΝΤΕΚΟΨΕΤΟ
889 985 918 1001 ..
941 947 1118 1003 ΘΕΩΡΟΥ

414 1047 493 1103 clN.

187 1144 267 1209 duae
291 1142 437 1209 litemlae
459 1146 637 1228 perierunt:
670 1144 746 1229 quid
777 1143 876 1213 latet?
906 1145 990 1211 nihil
1018 1145 1107 1210 aliud
1134 1165 1230 1229 quem
1261 1146 1374 1211 ΔΙαδο·

187 1249 285 1319 θέντος
317 1248 350 1313 ii
379 1252 434 1314 τοῦ
465 1250 677 1322 ΛΕΧΘθντος.
725 1249 848 1313 Βῖιθαια
881 1249 1110 1316 Timocreontis
1140 1269 1285 1334 sparsum
1318 1270 1374 1334 per

187 1372 295 1417 omnes
317 1373 450 1438 gravem
472 1355 633 1439 arroganti
655 1353 778 1419 homini
800 1354 957 1420 invidiam
979 1353 1137 1419 conflavit.

230 1456 330 1521 Plane
352 1455 528 1543 gemellum
552 1462 599 1522 eat
621 1457 705 1542 quod
722 1462 829 1522 narrat
847 1456 993 1523 Valerius
1011 1458 1176 1523 Maximus
1197 1457 1266 1523 VII.
1288 1459 1318 1523 5.
1339 1458 1372 1523 2.

189 1609 206 1637 ,‚
217 1561 254 1627 P.
278 1559 384 1645 Scipio
406 1560 523 1627 Nasica
552 1598 595 1609 -
626 1582 701 1627 cum
728 1558 924 1633 aedilitatem
947 1561 1091 1626 curulem
1121 1562 1298 1628 adolescens
1320 1583 1372 1648 pe·

186 1673 266 1731 teret
287 1685 481 1749 manumque
504 1664 670 1730 cuiusdam
692 1667 811 1731 rustico
832 1686 923 1750 opere
946 1665 1093 1730 duratam
1118 1686 1206 1731 more
1228 1667 1373 1733 candida

187 1776 292 1837 torum
308 1771 449 1835 tenacius
468 1770 723 1854 apprehendisset
739 1771 802 1833 ioci
816 1772 921 1855 gratia
940 1772 1151 1856 interrogavit
1169 1791 1245 1836 eum
1263 1794 1284 1833 η
1292 1791 1371 1834 num

189 1875 334 1941 manibus
357 1873 470 1938 solitus
493 1879 575 1941 esset
597 1873 791 1939 ambulare.''
836 1875 923 1955 Quod
942 1875 1052 1938 θναιιιιι
1074 1898 1094 1938 ο
1116 1875 1372 1940 circumeuntibus

188 1986 332 2061 ιοοορθιιιιι
354 1980 397 2042 ud
409 1979 554 2062 populum
582 1979 714 2043 πααονθθ
740 1999 930 2063 causamque
953 1977 1095 2063 repulsae
1125 1977 1266 2064 Scipioni
1289 1986 1372 2045 attu-

188 2081 256 2148 lit.”
288 2082 400 2157 διεδθθη
423 2082 454 2146 δὲ
477 2082 513 2147 σθ
534 2081 646 2161 λεχθὲν
661 2081 715 2147 καῖ
733 2079 827 2156 οὕτως
849 2083 1000 2164 οῖντέκοφε
1021 2090 1083 2155 τοῖς
1107 2084 1137 2147 ἐν
1160 2093 1198 2166 τῇ
1222 2085 1372 2167 ἐκκλησία

187 2184 245 2255 der
267 2192 323 2265 τῆς
342 2189 444 2267 αρχῆς
467 2187 647 2265 ἀποτυχεῖν.

236 2395 273 2459 ln
295 2392 363 2461 Col.
386 2393 488 2461 XVII.
516 2398 648 2466 τοιοῦτος
676 2393 738 2473 γαρ
761 2395 841 2471 ε’σιν,
866 2396 960 2474 φησὶν
982 2397 996 2461 θ
1021 2396 1164 2476 Ἀρία-ον,
1196 2391 1252 2467 οἶος
1276 2396 1307 2458 ἐν
1331 2406 1368 2476 τῦ

188 2498 316 2580 μοθκσρμ
340 2500 444 2579 θερμὸν
469 2499 486 2572 ἣ
510 2500 628 2578 ψυχρὸν
654 2500 753 2563 αῖτεῖν
775 2501 820 2576 μη
841 2500 1060 2579 προανακρῖνατ
1079 2500 1131 2563 τθν
1152 2497 1369 2575 συμβεβηκότ’

188 2605 213 2666 εἰ
239 2604 431 2684 κακεῖίΝΟΟ
453 2601 551 2667 σαθτθ
574 2602 679 2687 θέλει).
715 2602 862 2679 Rectius,
887 2605 993 2679 eredo,
1019 2601 1232 2687 supplebitur:
1260 2603 1286 2666 ει·
1310 2604 1370 2666 καὶ·

188 2704 333 2789 κεί(ΝΩΙ
357 2703 432 2771 οὕτω
454 2705 558 2788 δοκεῖ).
818 2698 822 2704 ’

232 2912 268 2977 In
292 2913 349 2979 col.
366 2913 489 2979 ‘XVIIL
513 2913 528 2977 d
552 2913 685 2989 αὐθάδης
716 2913 753 2978 δι’
776 2912 869 2987 οἴησιν
901 2913 931 2978 δὲ
964 2911 1158 3001 (ἦγμθμενοτ
1188 2918 1306 2994 φρονεῖν
1335 2915 1369 2976 in

187 3016 303 3089 Codice
326 3030 373 3083 eat
395 3020 433 3083 δι’
456 3017 550 3092 οἴησιν
573 3019 604 3082 δὲ
628 3027 717 3084 ΤΟΥ
741 3025 897 3083 ΜΟΝΟΩ
917 3025 1046 3098 φρονεῖν.

232 3227 310 3292 Post
332 3244 448 3311 pauca:
473 3225 532 3291 κᾶν
553 3228 764 3308 προσερωτηση
785 3250 832 3297 τις
848 3226 881 3291 σι’
898 3226 1008 3305 μέλλει
1028 3233 1123 3291 ποιεῖν
1148 3222 1247 3301 ,,Οἶθ’
1270 3225 1370 3304 ἐγώ.”

187 3332 291 3409 λέγειν
323 3331 382 3395 κᾶν
410 3329 580 3408 μέμφηταῖ
609 3355 655 3403 τις
687 3332 902 3399 'emulator
933 3331 1040 3408 ,,Ἐμὲ
1071 3330 1147 3406 σύ;”
1177 3351 1240 3396 non
1270 3330 1371 3396 solent

188 3436 333 3502 homines
356 3435 394 3499 de
417 3455 531 3521 genere
558 3436 617 3499 hoc
640 3435 833 3513 tripertitio,
865 3436 948 3519 quod
974 3435 1121 3501 blandius
1142 3441 1203 3511 est,
1223 3433 1279 3499 sed
1301 3454 1371 3498 con·

189 3542 317 3605 temtim
339 3537 569 3616 ’ΤΠΟμειδιιῖα
605 3538 715 3622 Itaque
737 3541 783 3604 sio
805 3539 925 3623 expleri
947 3539 1059 3604 lacuna
1081 3538 1240 3603 debueret.

233 3743 270 3810 ln
293 3743 361 3811 001.
385 3744 503 3810 XXIV.
533 3748 567 3810 in
594 3764 769 3830 papyraceo
789 3744 872 3809 libro
900 3749 964 3810 est:
996 3743 1101 3815 πθντα
1125 3745 1188 3824 γαρ
1216 3744 1307 3816 δεινὸς
1331 3745 1369 3806 σὺ

187 3847 450 3926 ἑτοιμάσασθαι,
482 3869 544 3914 non
575 3849 657 3933 quod
687 3848 792 3913 editur
821 3848 912 3923 δεινὸς
935 3848 973 3912 σὺ
998 3844 1041 3912 εἶ.
1071 3851 1159 3913 etin
1182 3869 1228 3933 sq.
1257 3864 1368 3913 vomu:

187 3951 246 4017 ndo
277 3951 403 4033 σονὲλθη
432 3962 525 4023 ΤΟΝ
560 3951 858 4029 καταπληττόμενον
890 3952 1054 4032 ἐμφαίνει,
1093 3973 1156 4017 non
1196 3950 1305 4017 αὐτόν.
1339 3955 1371 4015 et

186 4058 361 4125 rectissime
384 4059 429 4121 sie
454 4059 572 4122 dicitur
598 4056 743 4137 ἐμφαίνει
776 4056 843 4120 τὸν
866 4055 1161 4133 καταπληττόμενον
1192 4076 1249 4141 pro
1271 4079 1371 4120 κατα·

187 4161 380 4233 πλήττεσθαι
400 4168 608 4240 προσποιεῖται
631 4163 809 4225 vehementer
830 4159 1008 4223 αθιιιθοσπθὶν
1032 4161 1153 4242 speciem
1169 4162 1301 4245 praebet.

232 4367 309 4434 Post
331 4391 432 4454 peuce
454 4390 510 4453 pro
534 4378 604 4434 ΚΑΙ
629 4369 901 4447 ΔΙΑγελοθσαντος
927 4371 1064 4450 ,Ὀρθῶς
1088 4393 1146 4445 μου
1166 4376 1370 4452 καταφρονεῖς
