3388 5010
606 363 761 413 numeram
784 363 820 411 ιτ
843 363 996 414 coortum.
1333 345 1398 410 tss't

205 531 254 598 sic
273 528 481 613 Fleckeisen,
501 529 575 599 libri
596 530 682 621 apud
705 532 841 601 Paceurn
864 535 996 601 ecsicm.
1023 531 1125 599 Varro
1146 531 1182 600 b.
1206 530 1241 598 b.
1257 529 1293 597 V.
1316 532 1399 595 110:

207 637 336 704 ‚issicio
371 638 411 704 ab
444 658 482 705 eo
516 637 601 725 quod
635 642 753 707 incocto
787 643 898 709 caro’'.
947 640 990 707 ut
1024 639 1072 704 sic
1099 637 1290 704 subsicivum
1323 653 1400 722 pars

206 743 376 831 quaepiam
398 763 495 833 parra
520 744 667 823 desecta,
692 754 743 820 et,
769 747 999 815 conuenienter
1024 744 1136 812 butino
1161 743 1242 810 mori
1266 748 1400 829 propter

206 859 377 918 accentum
403 848 560 937 producta
580 852 706 938 priore,
730 852 806 921 sico.

253 955 321 1023 XV.
349 961 408 1037 14,
432 976 524 1044 seqq.
550 957 786 1043 Fragmentum
813 958 872 1026 boc
898 961 947 1026 sic
970 956 1084 1026 scribit
1108 956 1170 1023 ll:

389 1062 476 1130 bunc
501 1062 600 1130 millai
625 1083 755 1152 passum
780 1066 836 1154 qui
862 1066 976 1133 uicerit
1001 1073 1099 1151 atque
1123 1060 1249 1129 duobus

344 1216 347 1221 ·
392 1167 578 1259 Campanus
601 1171 744 1259 sonipes,
771 1187 927 1238 succusor
951 1170 1211 1257 nollu’scquetur

390 1277 523 1343 maiorei
549 1278 670 1365 spatio,
694 1294 732 1344 ac
757 1275 900 1345 dirersu'
924 1276 1087 1345 videbitur
1111 1277 1170 1342 ire.

256 1383 298 1449 At
326 1383 486 1449 sententia
510 1391 574 1450 est:
599 1383 782 1471 Campanus
805 1385 935 1472 sonipes
959 1402 1132 1451 succussor
1154 1379 1321 1471 (pravus),
1346 1381 1401 1468 qui

209 1486 297 1557 bunc
327 1508 423 1576 quem
455 1487 610 1577 descripsi
641 1509 760 1578 equum
792 1489 929 1556 celerem
964 1510 1020 1578 per
1052 1490 1140 1556 mille
1166 1507 1320 1576 passuum
1346 1495 1402 1554 aut

208 1594 275 1663 duo
305 1594 385 1662 adeo
416 1596 505 1662 milia
535 1615 635 1663 cursu
662 1597 881 1684 superaverit,
908 1605 1016 1663 tamen
1039 1595 1183 1682 longiore
1207 1596 1278 1662 riae
1299 1595 1404 1683 spatio

210 1701 345 1769 minione
368 1700 531 1789 eeqrrabit.
580 1702 666 1789 lingo
689 1701 956 1788 distinguendum
981 1708 1053 1790 post
1078 1722 1241 1769 oucmrsor
1257 1709 1289 1768 et
1309 1700 1403 1767 branc.

209 1808 328 1876 Nullos
361 1816 411 1875 est
441 1810 462 1876 i.
493 1829 525 1896 q.
558 1829 620 1875 non
654 1809 702 1876 vel
737 1827 862 1888 noenu,
894 1817 930 1875 ut
962 1808 1039 1875 alibi
1070 1807 1147 1874 buc.
1180 1806 1297 1896 (XXX.
1334 1806 1403 1896 25).

210 1916 279 1984 Non
304 1913 461 2002 estquod
483 1914 518 1980 io
543 1924 613 2003 post
637 1916 755 1982 maiore
778 1915 811 1982 in
837 1914 931 1983 Gellii
951 1914 1043 1983 libris
1063 1912 1183 1983 lectum
1204 1916 1404 1982 omittamus.

212 2023 388 2092 Lucretius
413 2021 454 2088 ll.
481 2027 540 2089 ts:

349 2128 448 2216 inque
471 2125 560 2195 brevi
584 2128 688 2217 spatio
713 2134 883 2197 mutantur
904 2128 1009 2197 saecla
1032 2129 1236 2197 animantum

350 2243 383 2302 et
407 2235 499 2322 quasi
523 2253 674 2301 cursores
698 2222 775 2302 vitai
799 2234 946 2325 lampada
971 2234 1116 2303 tradunt.

263 2344 316 2409 19.
341 2340 480 2408 vilicum
506 2340 756 2421 Aristocratem,
781 2341 1028 2410 mediastrinum
1053 2349 1151 2429 atque
1175 2340 1351 2409 bubulcum

344 2445 622 2515 conmanducatus
645 2449 817 2534 consopit,
839 2446 879 2514 ad
904 2449 1004 2516 incita
1027 2446 1147 2535 adegit.

260 2553 365 2621 Verbo
387 2570 591 2641 corrumpere
621 2552 812 2629 bionullus
841 2554 933 2623 locus
959 2562 1027 2633 cat,
1051 2552 1154 2621 mrrlto
1178 2553 1287 2620 minus
1311 2553 1407 2621 verbo

213 2682 398 2748 corrupere,-
422 2661 514 2749 prius
534 2681 597 2726 nou
621 2661 744 2749 patitur
769 2662 948 2738 sententia,
972 2661 1110 2727 alterum
1136 2659 1260 2746 respuit
1284 2679 1408 2727 uersus.

202 2768 384 2836 fortasse:
419 2765 730 2834 »commanducatur
753 2767 880 2855 corupit
904 2774 937 2833 et
961 2765 1000 2833 ad
1026 2765 1125 2830 incita
1149 2762 1291 2850 adegit.'’
1316 2763 1408 2846 Quod

214 2874 331 2943 dicunt
359 2871 481 2955 ὕστερον
505 2873 645 2957 πρότερον
672 2875 703 2975 ⁵2¹¹
728 2874 1006 2941 commanducatur
1028 2872 1148 2960 occepit
1173 2891 1234 2938 non
1258 2870 1410 2951 oliendit,

215 2981 368 3070 quoniam
386 2979 486 3047 alium
511 2979 661 3059 devorat,
685 2979 785 3048 alium
810 2980 942 3068 arripit;
967 2980 1006 3048 de
1028 2978 1176 3067 pluribus
1195 2979 1281 3046 enim
1303 2997 1410 3046 sermo

216 3096 275 3155 est.
308 3086 434 3175 Gorupr‘t
458 3088 562 3174 prima
586 3097 754 3174 correpta,
779 3094 815 3154 ut
840 3089 871 3153 in
897 3107 971 3155 »ore
995 3084 1153 3174 corupto''
1179 3084 1236 3153 tx.
1266 3092 1301 3165 l,
1325 3083 1410 3172 quod

216 3193 340 3261 diserte
364 3201 505 3261 testatur
534 3191 739 3262 Consentius.
787 3192 851 3260 Nec
881 3194 906 3260 it
938 3192 1152 3282 productum,
1184 3212 1243 3259 nec
1274 3191 1412 3258 mutatio

217 3309 402 3387 temporum
423 3301 631 3368 excusatione
648 3309 755 3387 egent.
805 3299 1053 3367 Comoodrtcotur
1072 3298 1167 3367 lrabet
1188 3300 1261 3366 Par.
1277 3299 1312 3365 in
1331 3298 1412 3386 ipsis

217 3404 335 3474 Lucilii
358 3404 468 3473 verbis
492 3428 524 3495 p.
551 3411 627 3474 tae.
653 3411 686 3474 b.

333 3517 387 3580 35.
413 3511 496 3580 (lum
522 3521 683 3593 tecumst,
706 3512 835 3601 quidvis
859 3513 939 3579 satis
961 3520 1022 3581 est.
1046 3512 1148 3580 visuri
1173 3511 1269 3580 alieni

409 3619 471 3685 rint
494 3617 658 3699 bonrines,
682 3621 803 3708 spiras,
827 3618 965 3708 pallam,
987 3616 1178 3687 redimicula
1203 3617 1333 3706 promit.

265 3724 514 3793 Coniunctirum
549 3725 600 3793 bic
637 3745 698 3792 non
731 3733 843 3814 aptum
878 3746 948 3794 esse
980 3724 1140 3792 docebunt
1171 3723 1205 3791 bi
1226 3723 1306 3791 loci:
1335 3722 1412 3790 lior.

221 3830 323 3919 Epist.
356 3831 382 3899 1.
423 3838 449 3898 1.
485 3835 546 3900 28:
583 3830 671 3898 »Non
696 3833 800 3915 possis
824 3833 917 3900 oculo
940 3832 1139 3919 qrrantum”,
1163 3830 1233 3898 rell.
1257 3829 1328 3897 l'ib.
1354 3829 1411 3897 tv,

224 3941 254 4005 1.
278 3942 359 4007 113:
382 3938 538 4006 »dentum
559 3937 713 4005 lecundos
732 3939 828 4005 Titan
847 3939 1048 4005 renovaverit
1068 3956 1191 4016 annos,
1215 3937 1286 4023 lpse
1305 3945 1414 4004 tamen

221 4042 312 4111 velox
344 4043 480 4112 colerem
515 4062 613 4133 super
643 4045 738 4112 edere
763 4064 880 4130 corpus
901 4042 1028 4111 Gaudet
1050 4044 1213 4130 equum²':
1240 4041 1295 4109 ubi
1320 4043 1349 4109 ai
1371 4068 1416 4109 =

222 4150 371 4229 etiamsi,
394 4149 434 4219 de
457 4151 646 4219 condicione
669 4171 732 4218 non
756 4149 932 4240 probabili,
956 4156 1112 4236 sequente
1133 4148 1313 4236 negatione.
1349 4147 1414 4216 llic.

224 4253 315 4325 Verr.
344 4256 401 4325 lll.
427 4262 464 4324 t:
492 4257 632 4326 »Furem
657 4256 797 4345 aliquem
822 4266 879 4325 aut
903 4275 1052 4344 rapacem
1079 4256 1261 4324 accusaris:
1285 4253 1415 4322 uitanda

226 4362 282 4430 tibi
309 4383 438 4452 semper
468 4366 531 4432 erit
560 4366 667 4433 omnis
700 4364 856 4432 avaritiae
887 4363 1036 4452 suspitio.
1092 4359 1270 4431 blalelieum
1302 4380 1417 4449 quem·

225 4469 310 4555 piam
342 4460 517 4541 adduxeris
547 4482 604 4540 aut
635 4469 818 4541 crudelem:
850 4471 1029 4540 carendum
1054 4470 1118 4538 erit
1141 4488 1270 4558 semper
1292 4488 1332 4536 nc
1352 4486 1416 4555 qua
