3242 5014
483 1140 987 1233 PLATONIOA.

523 1462 666 1514 sosresrr
689 1443 724 1514 G.
749 1442 790 1513 G.
813 1442 959 1513 OOBii'i'.

608 1740 870 1774 ψ

733 1974 763 2045 Ι.

502 2196 546 2244 so
569 2176 733 2245 Puurorus
755 2176 977 2245 Mursxrrruu.

192 2368 272 2457 Peg.
297 2367 373 2436 234.
397 2390 429 2436 A.
453 2372 486 2437 τί
505 2371 631 2451 μάλιςοι
653 2382 703 2438 CT
720 2373 793 2453 πρὸς
808 2372 1040 2453 βονλεωτιὶριονς
1063 2369 1333 2455 Psequeutissimo

145 2475 182 2539 in
204 2473 296 2541 libris
319 2476 460 2545 confusio
481 2480 566 2544 inter
588 2477 626 2544 rt
650 2484 682 2543 et
703 2477 752 2543 σοι’
776 2478 861 2544 huno
883 2496 1007 2562 quoque
1028 2472 1136 2541 looum
1157 2475 1333 2559 corrupisse

146 2579 284 2645 videtur.
319 2579 413 2647 Pluto
440 2582 580 2649 dixerat:
613 2583 689 2668 quid
714 2584 833 2648 οοιιάοιιι
858 2582 916 2647 tibi
936 2588 980 2646 eet
1001 2602 1066 2645 οιιιιι
1086 2579 1173 2644 οκνίο
1195 2575 1332 2661 motii?

146 2684 179 2750 τί
200 2683 327 2763 μάλιςοι
351 2695 421 2751 001
444 2686 518 2769 πρὸς
539 2686 769 2768 βοολενπιὶριονς

190 2892 270 2982 Peg.
295 2892 372 2960 285.
394 2914 426 2960 A.
458 2894 511 2960 κω)
542 2896 597 2971 τῖςν
626 2894 716 2962 πάλιν
743 2895 988 2978 ἐγκωμιάζοντες
1009 2931 1052 2944 -
1072 2892 1124 2959 κοί
1147 2892 1218 2965 τοὺς
1241 2914 1330 2957 τετε·

145 2999 336 3073 λενπκκίτοις
349 2999 458 3065 -κοιί
482 3001 552 3074 τοὺς
574 3000 735 3082 προγόνους
759 3004 844 3080 ἡμῶν
857 3038 900 3051 -
913 3001 965 3066 ιιοιί
986 2999 1099 3072 αὐτοὺς
1119 2999 1202 3077 ἡμεῖς
1224 2997 1329 3083 [έπιοι-

146 3105 290 3189 νοῦντες].
326 3102 442 3170 Omnie
470 3104 549 3171 hueo
578 3106 716 3192 pendent
745 3128 784 3173 ex
814 3104 1076 3188 ἐγκωμιάζοντες,
1107 3102 1162 3170 sed
1183 3100 1275 3168 soioh‘
1296 3102 1331 3168 in

36 3206 41 3215 ’
146 3212 286 3276 oratioue
307 3208 416 3296 paullo
438 3209 566 3299 longius
587 3217 745 3296 protracte
767 3212 806 3278 de
828 3233 916 3279 more
938 3210 1055 3278 inutile
1076 3208 1217 3276 fulorum
1240 3206 1329 3274 ἐποι-

147 3318 265 3389 ιοῦντες
289 3321 530 3401 supposuerunt.

191 3492 359 3560 Soloeoum
381 3498 430 3560 est
450 3515 524 3585 ρος,
548 3492 626 3561 285.
649 3514 679 3561 Β.
703 3495 874 3577 πωροιμένει
904 3496 1021 3578 ιίμέριις
1045 3492 1172 3561 πλείω
1196 3492 1214 3569 ἣ
1238 3498 1330 3573 τρεῖς.

145 3599 292 3665 Attieum
315 3605 363 3665 est
385 3606 507 3666 πλεῖν
530 3601 548 3676 ιῖ
571 3609 669 3681 τρεῖς,
693 3606 732 3665 ut
751 3601 835 3687 opud
853 3599 1098 3686 Aristophanem
1109 3599 1240 3663 Αοάοειι.
1253 3594 1330 3663 858.

462 3713 584 3771 πλεῖν
607 3706 625 3781 ἢ
649 3703 797 3787 τριάκονθ’
820 3703 935 3785 ἡμέροις

505 3811 560 3874 τοῦ
583 3808 676 3889 μηνὸς
701 3792 829 3877 ἑκάτοιο.

190 3911 308 4001 Multis
340 3913 446 3979 modis
478 3914 624 3979 Atticum
653 3921 788 3980 nAeiN
819 3933 838 3979 e
867 3912 979 3979 scribis
1008 3914 1239 3999 corrumpitur,
1274 3914 1330 3998 qui

145 4016 253 4095 πλέον,
289 4028 413 4095 πλεῖον,
444 4018 540 4083 πλείω
573 4023 606 4084 et
634 4020 718 4094 πλιὶν
749 4019 940 4085 substituere
967 4010 1082 4082 solent.¹
1113 4016 1217 4083 Reddi
1238 4023 1331 4082 πλεῖν

146 4127 294 4208 coeptum
317 4130 366 4189 est
388 4122 595 4190 Demostheni
617 4129 650 4190 et
672 4123 753 4190 aliis.
795 4122 906 4208 lteque
928 4120 1055 4188 Plutoni
1077 4142 1201 4209 quoque
1220 4121 1330 4188 reddu-
1358 4178 1361 4183 ,

19 4217 21 4222 ’
146 4231 200 4292 tur
222 4248 331 4294 censeo
354 4233 387 4292 et
409 4231 443 4292 in
465 4227 611 4312 Symposio
633 4249 707 4317 pag.
733 4226 808 4296 175.
831 4247 861 4293 s.
887 4228 917 4291 έν
936 4225 1071 4307 μάρτυσι
1093 4234 1152 4293 τῶν
1174 4228 1330 4303 Ἑλλήνων

145 4340 265 4398 πλεῖν
289 4331 402 4420 (vulgo
425 4330 530 4420 πλέον)
556 4331 573 4409 ἢ
597 4331 777 4414 δισμυρίοις,
801 4338 833 4399 et
855 4334 889 4399 in
908 4332 1025 4417 Hippia
1043 4334 1154 4398 maiore
1163 4353 1237 4422 pag.
1251 4331 1328 4399 282.

145 4456 175 4505 u.
200 4443 322 4504 πλεῖν
344 4437 362 4512 ἢ
386 4433 480 4502 εἴκοσι
503 4441 606 4516 μνάς.
633 4446 666 4505 et
688 4440 813 4524 saepius
837 4436 924 4505 olibi.

1158 4546 1188 4591 ιο
