3340 5014
621 402 813 457 nnnocoama
837 402 873 454 er
896 400 1023 455 carrica.
1351 388 1414 452 loli

224 603 258 670 p.
277 584 359 648 tte:
382 576 524 653 ι’ίσοιντες
542 576 699 654 οίκηκίατε
724 578 869 646 Καλλίαν
886 577 938 645 τὸν
957 554 1130 644 Ἰππονίκου
1147 571 1267 651 ταύτην
1285 578 1341 654 τήν
1358 575 1416 642 ὑπὸ

119 684 127 689 ’
223 687 349 756 πάντων
382 684 582 768 θρυλουμένην
614 685 729 767 εἰρήνην
761 686 1001 767 πρεσβεύσαντα
1026 681 1150 750 ἵππου
1181 681 1251 760 μέν
1273 682 1337 764 δρί
1344 705 1418 762 μον

224 794 379 877 ήμέρατ
410 791 489 876 πεζή
512 793 557 871 μή
579 790 786 869 καταβαίνειν
809 792 861 857 ἐπὶ
885 792 941 866 τήν
965 789 1128 856 ίοίλατταν
1149 787 1309 869 βασιλέα,
1335 790 1417 862 ἐντὸς

224 903 255 969 δέ
277 902 458 968 Χελιδονεῶν
481 897 534 963 καί
559 903 698 963 Κυανεῶν
717 899 811 980 πλοίερ
834 899 943 980 μακρῷ
966 899 1011 975 μή
1036 903 1126 962 πλεῖν
1147 895 1211 961 κτὲ.
1238 894 1321 962 unde
1343 896 1418 962 Plu·

225 1007 338 1075 tarcbo
361 1004 458 1071 redde
481 1003 662 1070 Χελιδονεῶν
686 1013 719 1069 el
742 1010 882 1070 Κυανεῶν
907 1011 938 1071 el
962 1010 1053 1071 πλεῖν
1078 1022 1135 1088 pro
1158 999 1276 1067 πλέειν.

269 1111 361 1178 Illam
382 1110 562 1193 περιβόητον
584 1109 636 1175 καί
662 1108 720 1174 ὑπὸ
744 1110 868 1177 ποίντων
886 1108 1085 1193 θρυλουμένην
1104 1108 1218 1188 είρήνην
1240 1126 1416 1196 numquam

226 1238 295 1286 esse
330 1219 562 1304 conspositam,
596 1214 651 1282 sed
684 1214 723 1281 ab
758 1213 1010 1283 Atheniensibus
1043 1213 1150 1281 liciam
1176 1233 1263 1280 nunc
1287 1213 1417 1300 quidem

226 1334 352 1390 constat
384 1323 470 1388 inter
500 1340 622 1387 onrnes.
671 1319 781 1409 Lepidi
814 1320 1030 1388 Athenienses
1053 1320 1277 1386 monstrabant
1310 1331 1417 1386 tamen

226 1430 322 1506 ςήλην
351 1430 481 1507 λιίίνην,
513 1427 546 1492 io
579 1446 642 1513 qua
673 1425 760 1492 illius
793 1427 882 1514 pacis
907 1426 992 1514 leges
1025 1424 1207 1493 luculentae
1238 1425 1418 1513 insculptae

225 1535 433 1623 legebantur,
464 1533 520 1601 scd
551 1533 738 1599 acutissime
774 1532 998 1620 Theopompus
1028 1531 1175 1598 fraudem
1212 1530 1418 1598 manifestam

226 1641 406 1728 redarguit.
462 1638 699 1706 animadvertit
741 1640 828 1706 enim
871 1642 927 1717 τήν
960 1642 1057 1717 τήλην
1098 1639 1131 1704 οὐ
1165 1645 1228 1714 τοῖς
1263 1640 1420 1712 Ἀττικοῖς

225 1747 413 1832 γράμμασιν
443 1747 532 1814 aua
562 1754 622 1821 τοῖς
657 1752 716 1812 τῶν
744 1747 848 1813 'raom
878 1766 949 1813 esse
982 1745 1188 1832 inscriptam:
1222 1746 1330 1831 itaque
1352 1754 1422 1830 post

228 1854 395 1921 Euclidem
430 1852 560 1920 demum
597 1853 807 1939 suppositam.
854 1850 900 1921 ut.
931 1853 1162 1939 Harpocration
1199 1871 1228 1917 ν.
1264 1854 1421 1926 Ἀττικοῖς

226 1961 410 2044 γράμμασι.
456 1957 542 2025 Nihil
574 1957 649 2024 huic
678 1966 871 2044 argumento
895 1959 1010 2045 opponi
1037 1969 1157 2045 potest,
1183 1968 1291 2026 tamen
1313 1957 1422 2025 surdis

226 2067 345 2133 cecinit
376 2064 530 2144 auribus,
564 2066 595 2132 έν
627 2065 659 2131 δέ
689 2072 753 2138 τοῖς
784 2066 988 2149 ψηφίσμασιν
1020 2065 1043 2130 ἃ
1074 2068 1237 2147 συνήγαγε
1268 2065 1420 2149 Κρατερὸς

225 2174 411 2255 ἀντίγραφα
432 2174 582 2247 συνίηκῶν
603 2173 643 2247 είς
667 2170 837 2252 γενομένων
860 2171 1118 2250 κατατέτακται,
1149 2183 1186 2239 ul
1210 2171 1325 2240 scribit
1350 2171 1422 2237 Plu·

207 2265 361 2345 'turchos
385 2277 417 2343 in
441 2278 573 2344 Cimone
597 2278 617 2344 l.
639 2276 660 2345 l.

273 2384 354 2449 llioc
385 2382 483 2450 simul
519 2382 732 2471 intelligimus
754 2384 923 2452 Craterum
954 2404 1017 2450 noo
1050 2392 1177 2451 tantum
1202 2405 1240 2453 ex
1262 2382 1423 2451 tabulario

226 2498 371 2557 veterum
396 2498 680 2557 monumentorum
708 2492 894 2573 ἀντίγραφα
919 2489 1066 2572 dedisse,
1091 2491 1163 2570 sed,
1190 2501 1225 2558 ut
1251 2492 1376 2557 Polemo
1408 2491 1422 2556 i

224 2596 402 2672 ςηλοκίπας
426 2605 534 2683 postea
553 2594 628 2662 lecit
649 2599 680 2662 in
702 2595 774 2661 aliis
786 2595 939 2664 Graeciae
960 2595 1114 2676 urbibus,
1140 2598 1187 2663 sic
1200 2616 1273 2664 eum
1288 2595 1423 2663 lltbcnis

226 2703 262 2769 ε’κ
284 2709 344 2769 τῶν
358 2711 457 2779 πηλῶν
478 2708 537 2769 τῶν
557 2701 690 2789 δημοσίρι
706 2701 851 2782 κειμένων
870 2708 930 2770 τῶν
949 2728 986 2770 τε
1005 2709 1135 2783 χαλκῶν
1157 2704 1209 2770 καί
1230 2708 1288 2769 τῶν
1307 2703 1423 2768 λιίίνων

225 2809 360 2896 antiqua
383 2807 576 2875 documenta
600 2808 788 2897 collegisse,
814 2808 953 2876 undeet
978 2809 1093 2877 titulus
1117 2810 1223 2898 operis
1247 2806 1422 2891 Ψηφισμα-

226 2939 287 2982 των
311 2917 553 2996 Συναγωγή.

275 3021 319 3088 lle
342 3018 461 3088 litteris
489 3020 606 3088 Atticis
636 3021 781 3109 antiquis
813 3029 845 3088 et
877 3021 1013 3103 ionicis,
1048 3042 1129 3110 quas
1161 3031 1230 3109 post
1253 3019 1421 3088 Euclidem

227 3126 360 3195 demum
384 3125 595 3194 Athenienses
615 3126 742 3214 publice
755 3138 968 3215 receperunt,
989 3129 1097 3196 omnia
1116 3137 1190 3195 nuta
1212 3136 1299 3194 sunt.
1334 3126 1424 3194 addo

227 3234 399 3320 antiquum
414 3233 556 3299 scholion
579 3232 619 3299 ed
638 3232 729 3300 tltad.
755 3243 793 3300 H.
820 3239 892 3302 teu.
909 3236 971 3319 οὐχ
990 3235 1014 3301 οί
1036 3234 1124 3301 αιἰτοί
1147 3233 1224 3313 ἦσαν
1241 3234 1328 3316 παρὰ
1348 3237 1426 3300 τῖισι

213 3347 292 3414 «τοῖς
302 3337 437 3415 Ἕλλησι
450 3348 664 3424 χαρακτῆρες.
692 3338 826 3424 διοίφορα
853 3341 886 3408 δέ
905 3341 957 3408 καί
975 3342 1018 3408 τοὶ
1042 3348 1102 3408 τῶν
1118 3340 1259 3422 τοιχείων
1270 3339 1427 3420 ίνίματα,

227 3448 269 3520 ὥς
290 3448 326 3513 τὸ
350 3443 437 3512 σοίν.
471 3447 688 3529 Καλλίςρατος
720 3447 752 3514 δέ
781 3448 795 3513 ί
821 3446 941 3527 Σοίμιος
965 3448 1015 3514 rat
1040 3449 1100 3513 τῶν
1136 3451 1426 3522 Πελοποννησιακῶν

227 3550 348 3628 ταύτην
369 3554 544 3633 μετήνεγκε
565 3554 622 3628 τήν
653 3556 879 3635 γραμματικήν
903 3553 956 3619 καί
980 3554 1154 3637 παρέδωκεν
1182 3553 1352 3628 Ἀίηναίοις
1374 3552 1424 3617 iul

228 3655 379 3741 ἄρχοντος
412 3659 594 3740 Εὐκλήτου,
627 3657 666 3732 aa
699 3664 795 3743 Φησιν
821 3659 975 3744 Ἔφορος,
1008 3660 1073 3726 imo
1105 3679 1181 3727 vero
1204 3659 1254 3725 έπί
1280 3656 1427 3744 ἄρχοντος

227 3765 464 3833 Εὐκλείδου.

275 3977 398 4044 lterum
422 3979 602 4045 bleinclrins
634 3978 740 4045 utitur
771 3977 839 4044 loco
870 3977 1036 4045 Plutarchi
1068 3978 1242 4065 depravato
1265 3995 1296 4065 p.
1318 3980 1384 4043 717
1409 3994 1427 4042 e

229 4083 296 4149 rita
323 4084 475 4151 Aristidis
500 4089 553 4151 26.
586 4085 757 4164 Craterus,
784 4084 908 4172 inquit,
932 4084 1107 4150 memoriae
1132 4082 1274 4172 prodidit
1297 4084 1428 4164 'Arrest-

229 4190 283 4266 δην
299 4191 417 4257 οίλῶναι
436 4189 612 4273 δωροδοκίας
634 4191 812 4274 Διοφοίντον
829 4195 884 4259 τοῦ
903 4192 1156 4276 ’λμΦιτροπήίεν
1173 4197 1425 4275 κατηγοροῦντος,

229 4299 269 4370 ὥς
283 4293 335 4363 irs
355 4297 426 4372 τοὺς
445 4296 556 4379 φόρους
579 4295 755 4379 ἔπραττε
778 4299 866 4381 παρα
883 4305 942 4366 τῶν
965 4298 1069 4366 Ἰώνων
1087 4302 1244 4383 χρήματα
1255 4298 1429 4379 λαβόντος,

230 4402 352 4470 έκτῒσαι
376 4403 402 4470 δ’
425 4405 479 4469 οὐκ
502 4402 618 4487 έχοντα
646 4409 701 4483 τήν
732 4405 903 4483 καταδίκην
935 4408 1126 4483 πεντήκοντα
1154 4413 1236 4487 μνῶν
1260 4402 1352 4474 οὖσαν
1375 4406 1427 4471 έκ·

231 4514 366 4576 πλεῦσαι
392 4511 445 4575 καὶ
470 4510 536 4594 περὶ
560 4512 616 4587 τήν
639 4513 756 4581 Ἰωνίαν
774 4514 948 4582 αποίανεῒν.
984 4511 1070 4578 Nihil
1091 4521 1196 4601 potest
1216 4533 1286 4581 esse
1306 4512 1428 4578 certius
