3200 5066
313 325 379 390 404
694 345 934 395 aanorrnouns
957 347 1117 397 annueris

362 512 515 577 Libanins
537 512 627 579 acm.
653 514 678 578 I.
701 535 775 603 pag.
801 514 876 594 352,
903 516 955 581 10.
983 517 1132 582 laudibus
1154 516 1310 584 extollens
1332 518 1484 584 amoenita-

315 626 381 683 tem
405 626 460 692 τῆς
484 618 617 702 Δάφνης
641 621 679 689 de
703 641 740 686 ea
758 621 854 686 dicit:
880 612 896 694 ἢ
916 622 969 686 καί
989 622 1146 699 Ῥωμαίων
1166 619 1250 695 ίσονς
1270 623 1389 696 θεατάς
1400 620 1484 698 ἔλαβε

314 724 448 797 νενίκηκε
472 724 611 789 πείσασα
633 725 744 802 μνκίτο
766 727 821 801 τὴν
843 734 1084 792 ΓΑΛΙΑΑΙΑΝ
1104 727 1208 805 ὑμνεῖν
1225 728 1261 800 ὥς
1283 728 1436 803 άνὶττντον
1450 725 1484 790 τά

313 834 454 893 τοιαῦτα.
500 839 527 894 0
560 830 709 895 stolidam
739 830 908 896 lectionem
937 832 992 905 risa
1023 832 1217 909 Γαλιλαίαν,
1248 835 1344 917 quasi
1365 831 1485 897 Romani

313 953 388 1016 prae
408 937 539 999 caeteris
558 936 706 1000 omnibus
723 933 801 999 locis
820 938 961 1000 amoenis
979 936 1147 1000 Galilaeae»
1158 937 1402 1002 admirarentur.
1423 933 1484 999 Sina

313 1058 403 1103 mora
425 1038 640 1123 reponendum
663 1039 717 1113 aba
741 1040 946 1106 ἸΤΑΛῙΑΝ.
981 1038 1076 1105 Italia
1094 1045 1133 1105 nt
1151 1062 1234 1107 nunc
1252 1041 1355 1105 Italic
1372 1042 1405 1103 lc
1420 1039 1485 1102 acac

312 1143 448 1220 dicitur,
469 1147 515 1209 sic
534 1143 613 1211 olim
632 1143 757 1209 Ἰταλία
779 1144 796 1220 ἡ
817 1146 898 1219 καλή
919 1145 1100 1222 dicebatur,
1121 1145 1326 1210 eteratolim
1338 1144 1483 1228 aliquanto

307 1267 407 1332 quam
439 1270 522 1315 nunc
553 1256 585 1315 et
614 1258 746 1314 naturae
776 1255 809 1313 et
831 1252 950 1314 artium
973 1249 1167 1315 admirandis
1189 1250 1411 1315 abundantior.
1442 1246 1484 1310 li·

310 1353 423 1418 laenius
453 1352 478 1418 I.
513 1373 587 1441 pag.
612 1352 688 1418 559.
724 1353 908 1433 apotactitas
943 1354 999 1431 μὲν
1033 1354 1173 1418 Ἰταλίαν
1203 1362 1295 1418 ΤΗΝ
1329 1358 1482 1426 ΚΛΛΗΝ,

310 1459 492 1535 προσλαβὼν
517 1457 546 1522 δ’
568 1459 729 1540 Ἰλλνρίονς
750 1457 820 1531 τοὺς
840 1457 1100 1539 μαχιμωτάτους.
1124 1457 1217 1523 Hanc
1235 1460 1342 1546 igitur
1362 1455 1483 1523 Romani

305 1562 409 1629 solam
439 1563 605 1629 laudantes
634 1569 756 1629 caetera
789 1563 1040 1628 contemnebant.
1076 1561 1203 1627 Plinius
1224 1564 1259 1626 in
1282 1565 1375 1629 exitu
1395 1561 1483 1626 aaa

306 1669 374 1731 riae
403 1667 582 1732 Naturalia:
615 1668 715 1750 ,Εσρο
745 1669 779 1731 ia
809 1675 868 1732 tcto
889 1669 957 1733 orbe
979 1673 1008 1731 et
1029 1689 1209 1753 quocumque
1231 1669 1307 1731 coeli
1330 1665 1483 1732 οσασασὶίαο

306 1773 403 1854 carpit
424 1771 640 1858 pulcherrima
662 1778 710 1838 est
733 1774 878 1838 omnium
900 1772 1042 1857 retiaque
1063 1772 1166 1836 meritc
1180 1771 1391 1855 primatem
1408 1774 1481 1833 sae

305 1900 359 1941 νασ
380 1876 514 1941 obtineas
534 1876 658 1943 ltalic”

351 1982 519 2047 Praeterea
540 1982 642 2047 scribe
664 1976 749 2054 άσονς
773 1982 887 2056 θεατάς
911 1982 1043 2059 ίλοιβεΝ
1063 1985 1213 2060 ἩΙΡνκε,
1234 1984 1326 2066 cepit.

350 2190 493 2277 Explebo
523 2191 672 2258 lacunam
703 2191 786 2278 apud
816 2191 989 2257 Libanium
1017 2191 1043 2257 1.
1075 2212 1149 2279 pag.
1174 2190 1250 2257 464.
1279 2189 1367 2258 εἷπον
1389 2189 1426 2257 άν
1443 2212 1480 2254 σον

306 2295 469 2379 Ξίρξνν-
485 2296 588 2363 ίδάντα
613 2296 810 2374 Θεμνςοκλία
832 2297 885 2361 τὸν
907 2294 1028 2376 ἔχίνςον
1050 2299 1089 2369 άς
1112 2297 1204 2378 Φίλον
1226 2297 1278 2361 καί
1302 2300 1347 2380 τῷ
1369 2298 1413 2375 μὴ
1433 2310 1479 2360 λα

303 2404 372 2480 βεῑν
402 2403 486 2477 δίκην
509 2402 683 2481 ’προσθέντα
713 2402 748 2467 τὸ
780 2400 832 2466 καί
867 2400 967 2465 δοῦναι
996 2400 1107 2481 δωρεάς
1135 2400 1319 2480 Λάμψακον
1344 2406 1478 2469 Μυοῦντα

302 2508 494 2586 Μαγνησίαν
517 2507 657 2586 Μέγαρα
680 2508 744 2571 τάσ
769 2504 871 2587 πρεσβ
1154 2506 1272 2578 ἐκείνας
1295 2507 1477 2587 ναυμαχίας.

301 2613 374 2678 Non
397 2612 488 2677 oredo
508 2633 618 2698 regem
637 2612 807 2677 Persarum
826 2612 955 2691 Μοροτσ
973 2629 1097 2694 qnoque
1117 2610 1327 2679 Themistocli
1345 2615 1476 2685 donam,

302 2718 355 2783 sed
376 2720 420 2781 sic
439 2716 661 2781 scribendum:
684 2724 809 2781 ΜΕΤΑ
831 2715 890 2786 σάς
910 2715 1135 2789 ΠΕΡΙΒοάτονς
1156 2715 1273 2789 ἐκείνας
1292 2714 1476 2798 ναυμαχίας.
1526 2704 1529 2713 ’

344 2929 499 2995 Libanins
520 2928 639 3003 Iuliani
661 2949 771 2994 necem
794 2928 958 3013 deplorans
982 2925 1072 2992 Τοῖα.
1094 2927 1120 2992 1.
1144 2948 1217 3016 pag.
1243 2927 1329 3006 508,
1356 2928 1407 2993 10.
1425 2928 1476 2991 ira

300 3036 399 3099 scitur
428 3033 499 3098 Diis
530 3033 785 3111 immortalibus;
817 3032 886 3098 τίνα
917 3031 1036 3111 μέντοι,
1069 3032 1140 3097 τίνα
1168 3034 1238 3099 ίεῶν
1269 3028 1475 3107 αίτοοοτίονςῖρ

299 3137 423 3215 πάντας
447 3138 573 3215 ὀμοίοςς
597 3159 735 3223 namque
758 3158 868 3203 omnes
890 3137 1015 3204 assidue
1034 3138 1156 3204 colebat
1175 3124 1257 3205 Deos¹
1276 3144 1371 3223 atquc
1387 3138 1476 3203 Deae:

300 3247 332 3308 οὐ
360 3243 423 3323 γάρ
446 3243 516 3314 τοὺς
539 3243 596 3320 μὲν
619 3244 729 3323 εὐώχεε
753 3243 823 3313 τοὺς
846 3242 873 3306 δ’
897 3242 1237 3322 ὑπερίβαννεν-άλλ’
1260 3239 1347 3317 άσονς
1370 3245 1396 3309 σί
1419 3263 1477 3305 τον·

300 3347 372 3422 naal
403 3345 575 3428 παρέδοσαν
603 3346 742 3427 πατέρας
766 3345 877 3412 τεκαὶ
902 3347 1020 3418 παῖδας
1042 3346 1124 3420 άεοάς
1148 3346 1257 3412 τεκαὶ
1282 3348 1354 3421 θεάς
1378 3347 1475 3429 άρχον·

299 3453 359 3527 τάς
382 3478 417 3519 τε
441 3453 494 3518 καί
518 3453 707 3535 άρχσμένονς
731 3449 850 3518 άπασνν
873 3450 998 3517 ἔσπενδέ
1024 3476 1059 3515 τε
1083 3452 1136 3517 καί
1159 3452 1230 3524 τοὺς
1253 3453 1401 3518 άπάντσνν
1422 3452 1477 3515 ἕνε-

299 3562 427 3637 πίμπλν
450 3560 575 3637 βωμοὺς
599 3559 693 3638 άρνῶν
716 3557 768 3621 καί
790 3558 880 3635 βοῶν.
915 3557 1036 3623 Deinde
1060 3558 1258 3623 excandescit
1281 3565 1314 3624 et
1334 3558 1417 3625 Deos
1437 3558 1476 3619 in-

298 3669 453 3731 sectatur:
479 3666 504 3728 οί
528 3663 559 3728 δὲ
586 3662 669 3749 (daci)
693 3660 785 3733 οὕτως
808 3660 869 3741 άρα
895 3656 971 3735 ἦσαν
995 3662 1102 3727 δίκαιον
1126 3660 1184 3732 cicc
1208 3673 1309 3745 πολλῇ
1327 3665 1386 3742 μὲν
1404 3662 1476 3729 ἔτεα·

296 3769 398 3842 θέντες
418 3772 521 3853 κνίσγ,
554 3766 691 3848 λαμπρά
718 3766 749 3832 δὲ
773 3765 977 3847 ὑποσχόμενον
990 3773 1249 3842 -τελεντῶντες
1273 3768 1315 3833 τά
1338 3792 1374 3833 τε
1396 3766 1476 3833 ἄλλο

297 3876 450 3955 σννέχεαν
473 3875 526 3940 καί
550 3876 647 3939 αὐτοῦ
671 3870 921 3953 προσαπίςνσαν.
961 3871 1046 3937 'lum
1069 3873 1271 3940 acerbissime
1293 3876 1340 3939 ita
1361 3871 1474 3960 pergit:

297 3981 429 4059 άμείνων
460 3980 522 4061 άρα
556 3973 589 4054 ἦν
614 3985 837 4044 [loricatae
861 3977 875 4041 ί
897 3976 973 4048 τέως
996 3978 1271 4058 καταγελώμενος,
1296 3972 1327 4052 ὃς
1351 3978 1476 4054 πόλεμον

297 4088 370 4165 ὑμῖν
396 4085 547 4167 άράμενσς
574 4084 671 4151 πολνίν
694 4107 730 4149 σε
752 4081 806 4148 καί
830 4081 957 4165 σφοδρὸν
979 4082 1032 4147 καί
1055 4081 1199 4152 άπανςον
1218 4080 1330 4162 ἔσβεσε
1349 4084 1405 4162 μίν
1423 4083 1474 4157 πῦρ

296 4192 372 4271 ἱερὸν
380 4240 390 4271 ,
415 4191 534 4271 ἐπέσχε
558 4192 588 4257 δὲ
613 4191 718 4256 dcccciv
740 4187 861 4265 ἡδονάν,
887 4226 930 4238 —-
953 4188 1029 4252 άλλ’
1054 4185 1134 4264 ὅμως
1159 4188 1173 4253 d
1198 4190 1387 4267 Σαλμωνεὺς
1407 4189 1475 4251 ἐκεῖ·

296 4319 341 4367 νος
366 4296 383 4373 ἢ
409 4303 585 4378 Λυκοῦργος
609 4294 662 4360 καί
686 4292 758 4375 πράς
783 4299 816 4370 γ’
840 4292 884 4358 ἔτι
913 4294 1091 4369 Μελντνῒνς
1116 4294 1281 4381 (οὐδὲγάρ
1305 4300 1353 4360 νοῦ
1375 4296 1473 4371 μετεῖ·

294 4426 352 4483 χεν
382 4402 448 4466 οὐδὲ
479 4402 560 4475 πολὺ
589 4400 724 4482 βελτίων
746 4404 805 4464 τῶν
829 4401 859 4464 ἕν
882 4409 953 4473 ταῖς
977 4407 1120 4483 γραφαῖς
1145 4396 1179 4476 ἦν
1202 4400 1218 4475 ἢ
1243 4406 1307 4465 τῶν.
1324 4392 1471 4479 πνρλίνον.)
