3254 5034
276 301 320 366 66
825 319 928 370 vaura.

280 487 402 553 etnicos
443 498 571 557 sumtus
605 511 676 557 esse
710 490 908 569 reiciendus,
952 489 1011 557 liae
1046 499 1141 558 utens
1172 489 1470 576 argumentatione:

281 594 314 659 si
345 604 469 662 erunt
500 597 540 662 iu
572 595 722 663 cilicio
753 602 900 678 arnici,
935 598 1112 687 pecunia
1145 616 1220 662 non
1252 594 1406 669 deerit;
1441 597 1474 660 si

282 720 360 766 nou
401 711 539 777 erunt,
583 713 625 769 tu
662 702 838 772 efficere
874 716 942 772 tua
979 703 1154 791 pecunia
1190 721 1265 767 non
1303 701 1472 788 poteris.

282 803 450 872 llssiciendi
476 808 606 874 vertum
631 829 760 876 cassum
784 819 814 877 et
841 813 937 877 inane
961 819 1026 881 est.
1052 809 1114 875 nisi
1139 810 1284 874 oratione
1307 818 1363 874 aut
1387 810 1475 893 cogi·

283 915 403 979 tatione
429 912 459 978 id
484 914 568 1000 quod
592 912 733 981 efficitur
764 917 930 982 inferatur.
967 915 1001 982 ld
1027 915 1086 981 hnc
1112 913 1179 979 loco
1198 934 1235 979 ex
1255 913 1476 1000 superioribus

283 1019 511 1085 arcessendum
537 1029 603 1098 cst,
627 1040 664 1086 ea
689 1023 861 1100 sententia,
886 1031 922 1087 ut
946 1020 1092 1086 dicatur:
1117 1030 1152 1085 tu
1177 1029 1230 1085 tun
1254 1022 1390 1107 peccunia
1413 1040 1474 1086 nou

283 1125 404 1209 poteris
435 1121 561 1192 efficere
594 1132 629 1190 ut
660 1126 757 1190 arnici
789 1129 857 1193 sint
887 1128 918 1192 in
944 1124 1057 1191 ossicio.
1106 1126 1204 1212 Atqui
1227 1127 1259 1191 io
1283 1123 1388 1191 officio
1406 1146 1476 1192 esse

285 1228 437 1295 hocloco
463 1239 512 1297 est
535 1229 612 1296 dare
636 1234 817 1317 pecuniam.
857 1233 942 1318 Ergo
966 1231 1044 1297 haec
1067 1233 1217 1297 exiliunt:
1242 1240 1277 1296 tu
1304 1240 1357 1295 toa
1384 1251 1475 1316 pecu·

285 1335 338 1400 nio
370 1355 430 1401 non
464 1337 583 1422 poteris
615 1334 760 1412 efficere,
795 1345 830 1403 ut
861 1337 937 1404 dent
963 1339 1059 1403 arctici
1086 1341 1265 1423 pecrtmam.
1314 1341 1477 1423 Assequnr

283 1442 349 1507 vim
369 1443 553 1528 argumenti
575 1444 601 1507 si
625 1442 754 1528 scripsit
769 1444 879 1509 Cicero
901 1454 943 1508 tu
963 1452 1187 1509 sumcere-
1201 1463 1276 1509 nou
1298 1444 1475 1529 poteris.

195 1558 199 1565 '
283 1547 343 1615 hac
376 1551 550 1615 sententia:
583 1556 658 1614 tuae
681 1567 758 1634 opes
781 1569 842 1613 noo
869 1556 976 1616 tantae
1002 1559 1098 1627 sunt,
1132 1556 1167 1615 ut
1190 1551 1292 1635 possis
1315 1549 1380 1615 sola
1404 1569 1476 1614 om·

284 1675 340 1722 nes
361 1654 474 1720 lrormn
498 1664 678 1742 temporum
699 1664 828 1721 sumtus
846 1658 1023 1729 sustinere;
1047 1675 1124 1739 ergo
1150 1655 1213 1721 nisi
1239 1656 1335 1721 amici
1358 1654 1475 1721 subve-

284 1762 379 1828 niunt
398 1769 506 1828 tamen
529 1760 693 1847 periimus.
725 1761 839 1847 ltaque
859 1768 895 1826 tu
917 1781 956 1828 ne
976 1781 1044 1828 rem
1059 1771 1148 1826 tuam
1162 1760 1323 1827 inutiliter
1335 1759 1475 1827 accidas.

330 1971 377 2039 dd
402 1971 437 2053 Q.
464 1969 502 2036 ir.
527 1970 552 2036 l.
579 1970 639 2056 Ep.
669 1974 703 2046 i,
728 1974 782 2035 22.

331 2077 438 2144 tratri
470 2096 550 2162 quas
574 2076 607 2141 in
633 2075 821 2161 provinciali
854 2076 1078 2143 iurisdictione
1110 2077 1258 2143 imitetur
1285 2078 1321 2146 Ο.
1351 2078 1476 2149 Octavii

285 2185 318 2249 in
344 2190 494 2269 praetura
521 2181 641 2247 urbana
663 2183 811 2268 proponit
835 2181 1037 2260 facilitatem,
1061 2182 1240 2261 leuitatem,
1262 2182 1476 2271 diligentiam.

286 2287 440 2371 Quodsi
465 2286 561 2353 haec
586 2286 743 2353 lenitas
766 2297 885 2375 grata
913 2291 1058 2356 Rortrae
1080 2297 1163 2368 cst,
1191 2289 1258 2355 ubi
1283 2300 1399 2358 tanta
1420 2313 1476 2359 ar·

287 2393 480 2481 rogantia
501 2394 1477 2471 est,tarninrnroderatalibcrtas‚taniinfinita

287 2501 495 2568 hominum
534 2499 731 2577 licentia,
767 2499 948 2588 denique
984 2511 1044 2568 tot
1080 2503 1378 2588 magistratus,
1417 2514 1478 2573 tot

287 2606 466 2685 auxilia,
493 2614 612 2671 tanta
642 2606 722 2681 ris,
749 2615 864 2673 tanta
885 2616 1058 2675 senatus
1077 2610 1333 2686 auctoritas,
1357 2631 1476 2697 quam

285 2711 465 2781 iucunda
499 2709 660 2776 tandem
692 2717 905 2798 praetoris
934 2715 1110 2781 comitas
1140 2716 1178 2779 in
1211 2715 1305 2781 Asia
1336 2725 1478 2802 potest

285 2839 387 2887 esse.
435 2816 679 2886 Enumerantur
714 2822 856 2888 remedia
891 2820 930 2887 ad
967 2820 1174 2888 acerbitatem
1212 2822 1407 2907 praetoriam
1444 2825 1475 2889 in

287 2925 365 2993 urhe
390 2933 518 3011 parata,
550 2945 625 2991 com
650 2947 686 2992 ea
711 2947 793 3013 quae
818 2929 850 2993 la
875 2927 993 3014 seipsi
1020 2925 1133 2992 urbani
1160 2925 1307 2993 homiues
1332 2928 1478 2996 invenire

286 3031 449 3106 solebant,
473 3028 587 3097 lortem
620 3032 765 3097 animum
789 3042 822 3100 ct
845 3033 990 3119 linguam
1016 3039 1194 3118 promtam.
1218 3033 1303 3111 slve,
1329 3044 1363 3099 ot
1387 3034 1478 3101 Cice·

287 3137 357 3203 roni
387 3135 574 3212 ridebatur.
607 3140 845 3222 arrogantiam,
870 3136 1114 3203 immoderatam
1140 3137 1341 3217 libertatem,
1367 3140 1476 3207 inlini-

288 3253 352 3309 tam
379 3241 563 3320 licentiam,
590 3251 657 3308 turn
679 3264 716 3309 ea
736 3264 818 3330 quae
836 3246 1039 3311 extrinsecus
1052 3243 1187 3328 petenda
1200 3244 1233 3309 iu
1247 3247 1352 3333 capite
1365 3265 1476 3313 rerum

287 3348 414 3415 lucilius
447 3365 543 3435 quam
578 3353 610 3414 iu
642 3352 808 3435 provincia
838 3349 1123 3437 coroparabantur.
1171 3349 1205 3415 ln
1233 3350 1352 3437 quihus
1373 3354 1478 3439 primo

287 3454 356 3521 loco
383 3464 549 3541 pontrntur
569 3457 820 3541 roragistratuum
841 3457 979 3531 auxilia,
1006 3476 1088 3543 quae
1109 3476 1166 3542 par
1183 3457 1323 3524 maiorve
1337 3466 1478 3545 potestas

286 3558 515 3627 intercedendo
545 3557 683 3637 ferebam
715 3570 784 3628 tum
817 3565 956 3631 alterum
990 3560 1168 3649 quoddam,
1200 3562 1284 3649 quod
1316 3563 1411 3650 quale
1435 3566 1478 3631 sit

288 3670 320 3734 in
353 3665 466 3733 mutila
498 3669 642 3733 oratione
674 3687 735 3733 non
768 3667 958 3756 dispicitur;
1000 3670 1095 3736 tertia
1126 3675 1258 3734 senatus
1288 3671 1477 3736 auctoritas.

286 3773 323 3840 ln
354 3792 391 3839 ea
423 3774 666 3839 enumeratione
692 3776 920 3860 praetermissa
946 3774 1096 3851 videtur,
1128 3793 1210 3860 quae
1232 3775 1366 3841 minime
1388 3796 1478 3862 prae-

288 3882 426 3946 termitti
462 3888 605 3965 poterat,
642 3879 705 3945 vis
739 3889 989 3947 moruorum.
1039 3880 1117 3947 Nam
1150 3880 1240 3946 abest
1271 3880 1476 3948 tribunorum

289 3985 428 4063 mentio,
454 3987 509 4072 qui
535 3989 699 4051 communi
724 3987 975 4073 magistratuum
1001 3985 1212 4073 appellatione
1235 3988 1394 4054 contineri
1413 4007 1477 4055 nnn

289 4090 448 4164 solebant:
474 4110 576 4177 oeque
601 4101 747 4178 poterant
773 4093 899 4170 abesse,
923 4112 1004 4179 qtros
1022 4094 1102 4159 satis
1117 4090 1284 4158 constabat
1297 4102 1409 4159 contra
1423 4093 1476 4159 de-

289 4205 414 4264 cretum
447 4198 605 4283 praetoris
636 4198 787 4285 appellari
821 4220 854 4265 sc
887 4201 950 4286 pati
971 4208 1002 4265 et
1028 4197 1184 4265 iudicium
1211 4198 1331 4265 tollere.
1379 4200 1478 4266 Cuius

289 4302 418 4392 generis
448 4322 477 4369 e.
502 4323 533 4388 g.
566 4301 643 4370 illud
676 4306 873 4391 iniquissimi
907 4307 1131 4371 intercessoris
1163 4303 1353 4372 beneficium
1379 4305 1478 4372 luisse

290 4410 440 4488 ridetur,
464 4407 504 4477 de
527 4428 591 4497 quo
614 4411 725 4478 Cicero
748 4413 780 4478 in
805 4413 979 4478 Antonium
1005 4410 1047 4479 ll.
1072 4409 1109 4501 S.
1135 4416 1167 4478 5.
