3388 5010
623 368 777 415 succurunt
801 368 839 415 nr
862 367 1016 415 lucianea.
1345 349 1407 413 281

272 538 325 603 ol.
354 534 393 605 llt
417 537 445 605 si
469 534 655 625 progeniem
680 535 865 621 antiquam,
894 554 957 622 qua
981 541 1031 602 ost
1053 533 1206 603 lissima’
1229 532 1387 615 Quintus,

351 661 415 730 qua
438 641 598 709 varicosu'
622 648 727 706 votas.

227 744 261 810 ln
286 748 511 822 annotatione,
535 746 627 831 quasi
652 744 684 810 in
709 742 920 830 explicatione
939 741 1037 810 huius
1060 741 1232 829 fragmenti
1256 742 1337 809 nillil
1350 743 1411 810 du·

226 848 314 916 hium
348 852 408 931 sit,
438 852 623 937 disputatur
646 847 685 914 dc
717 849 923 935 praenomine
956 847 1140 930 »Quintus¹'
1173 850 1347 936 postposito
1378 859 1411 916 et

226 950 266 1019 tle
296 956 426 1022 nominc
454 965 571 1034 oatox,
605 953 644 1020 de
675 954 768 1020 cuius
798 962 906 1020 tamen
939 960 1095 1039 potestate
1126 961 1158 1019 et
1191 962 1300 1042 etprno
1330 953 1412 1023 nihil

227 1055 379 1126 refertur.
426 1059 472 1126 lle
496 1057 555 1124 hoe
579 1056 760 1143 fragmento
783 1076 866 1142 quac
892 1056 968 1123 olim
993 1057 1155 1144 disputari
1181 1057 1286 1146 (conl.
1314 1058 1354 1127 ll.
1378 1079 1410 1146 p.

228 1162 284 1248 89)
320 1161 456 1229 tortasse
488 1183 551 1228 non
586 1164 685 1227 ninnis
714 1164 884 1249 perspicua
916 1170 1004 1230 sunt.
1061 1161 1124 1229 iles
1154 1164 1202 1229 sio
1233 1182 1268 1229 se
1302 1162 1410 1232 labet.

225 1265 320 1332 Nonii
352 1267 442 1334 loeus
474 1267 526 1333 hic
550 1277 597 1333 est
625 1269 695 1353 (25.
724 1266 794 1348 til:

274 1371 421 1437 »vinnm
444 1380 476 1438 et
498 1390 678 1437 varnrcosos
701 1369 834 1457 pedibus
858 1370 993 1437 vitiosis.
1017 1371 1094 1437 Luc.
1120 1369 1172 1437 lib.
1198 1370 1350 1438 xxviii:
1376 1382 1413 1439 ot

225 1476 255 1541 si
279 1477 462 1563 progeniem
485 1477 673 1563 antiquarn3
698 1495 761 1561 qua
786 1483 835 1541 est
858 1474 1017 1541 Maximus
1040 1472 1181 1556 Quintus
1203 1496 1322 1554 vacas,
1346 1496 1410 1565 qua

224 1581 391 1647 varicosus
414 1583 542 1647 vatax'’.

269 1684 393 1752 Nonius
428 1685 617 1752 vocabulum
653 1683 781 1772 aliquorl
819 1685 916 1771 legit,
952 1683 1038 1770 quod
1069 1682 1109 1751 de
1140 1682 1275 1771 pedibus
1305 1694 1412 1772 posset

223 1788 392 1877 explicari.
428 1789 498 1856 ilua
521 1797 647 1856 tantum
673 1798 767 1867 sunt,
791 1808 927 1877 quorum
949 1789 1033 1855 ratio
1050 1789 1151 1875 possit
1163 1787 1293 1854 haberi:
1316 1812 1413 1857 soram

223 1903 258 1960 et
280 1894 394 1972 uaria,
419 1891 503 1979 quod
527 1903 575 1961 est
601 1893 751 1960 toberin
777 1892 938 1961 cruribus.
975 1898 999 1961 Α
1024 1901 1139 1961 neutro
1162 1893 1315 1960 uocabulo
1335 1894 1411 1963 duci

225 2006 332 2086 potest
355 2007 467 2063 ostrea
491 2006 524 2064 et
548 2008 664 2079 omos,
689 2006 795 2085 potest
815 2019 927 2065 uorax.
962 1997 1042 2064 Nam
1073 2017 1213 2063 uoraxa
1237 2000 1331 2065 uaria
1357 1999 1412 2068 de·

224 2101 380 2170 scandere
410 2112 534 2189 potest,
567 2112 769 2170 contractum
795 2122 833 2169 ex
857 2101 996 2169 eoricus.
1044 2101 1136 2193 Legit
1165 2103 1267 2188 igitur
1289 2102 1412 2171 Nonius

223 2229 328 2274 uorax
350 2216 382 2274 et
398 2206 643 2275 restituendum
666 2217 733 2274 est:
1134 2202 1137 2207 ’
1317 2220 1320 2227 ’

273 2311 400 2377 »Vanus
422 2321 455 2378 et
478 2332 638 2378 vsnrcosos
660 2311 795 2400 pellibus
817 2313 978 2381 vitiosis’‘.

272 2419 372 2484 Porro
401 2419 496 2484 uaria
530 2424 580 2484 est
610 2420 631 2485 i.
663 2439 693 2504 q.
724 2438 876 2496 vertamur
912 2438 989 2503 ergo
1023 2439 1124 2484 coroa
1153 2443 1195 2479 =
1216 2440 1411 2488 scrumosus.

222 2522 313 2608 Ergo
336 2522 372 2603 Q.
397 2522 555 2589 Maximus
579 2523 685 2590 Varax
709 2531 759 2589 est
783 2522 888 2598 idem,
919 2524 975 2609 qui
1001 2520 1036 2601 Q.
1062 2522 1220 2591 liaximus
1253 2523 1412 2591 Verruco-

223 2646 283 2694 sus
306 2626 401 2712 vulgo
427 2625 558 2694 dieitur.
607 2628 772 2694 Postrema
797 2627 891 2694 Nonii
915 2624 1028 2693 verba:
1061 2646 1144 2714 ·qua
1168 2628 1333 2694 varicosos
1356 2647 1414 2695 sa·

223 2730 306 2798 tax'’
338 2730 420 2797 nihil
454 2732 585 2798 omnino
620 2731 822 2818 significant:
859 2749 942 2817 »qua
974 2729 1180 2809 varicosus’',
1215 2739 1264 2797 cst
1295 2731 1414 2820 aliquis

224 2836 384 2912 »varax”,
417 2855 480 2901 uon
513 2835 663 2904 ·vatax’'.
712 2835 857 2902 Prodont
877 2834 956 2901 haee
978 2833 1080 2901 iorrrra
1103 2833 1334 2920 glossatorem,
1355 2845 1412 2903 aut

223 2940 329 3027 ipsius
361 2941 455 3008 Nonii
487 2961 550 3007 non
582 2940 698 3008 Lucilii
731 2961 877 3008 manum.
925 2942 989 3007 Aut
1021 2939 1143 3006 Nouius
1172 2946 1229 3006 aut
1260 2938 1413 3008 librarius

223 3046 345 3133 aliquis
369 3045 409 3111 ad
431 3067 535 3112 saraa
558 3046 747 3134 adscripsit:
779 3046 875 3132 »qula
899 3045 1065 3110 varicosus
1089 3046 1221 3110 varax”.
1268 3045 1413 3113 Glossam

221 3155 368 3238 irrepere
400 3152 558 3237 potuisse,
589 3170 683 3218 nemo
708 3166 813 3217 sanus·
831 3149 961 3236 negabit
984 3157 1015 3216 et
1039 3148 1178 3215 ostendit
1202 3149 1330 3231 oseti,
1356 3152 1412 3238 qui

221 3254 321 3322 habet
345 3257 378 3321 in
403 3257 550 3341 margine
580 3255 795 3343 adscriptum:
829 3275 868 3322 »a
891 3274 990 3322 ranae
1011 3253 1164 3321 vocabolo
1187 3253 1272 3342 quot
1297 3275 1414 3342 graece

123 3407 127 3413 .
221 3368 339 3427 votrax
361 3359 558 3447 [βάτραχος]
580 3356 737 3429 dicitur&
785 3359 923 3428 Omnino
953 3370 1085 3448 apparet
1109 3360 1142 3426 in
1167 3359 1226 3427 hoc
1251 3359 1319 3428 loeo
1343 3371 1416 3430 tur·

222 3466 338 3533 hatum
362 3486 432 3533 csse
456 3487 475 3533 a
498 3466 650 3533 librariis.
698 3467 811 3552 Itaque
835 3464 889 3532 illa
914 3484 1010 3532 sensu
1034 3484 1125 3532 cassa
1151 3483 1234 3550 »qua
1254 3466 1414 3533 varicosu’

222 3570 345 3637 vatax''
369 3570 561 3638 removenda
585 3579 681 3650 sunt,
713 3569 986 3657 seribendumque
1011 3578 1115 3638 metro
1141 3568 1302 3636 trochaico
1325 3570 1413 3660 (nam

223 3677 321 3743 coria
342 3676 481 3763 priorem
504 3676 673 3765 corripit):

272 3782 310 3846 iat
332 3782 360 3846 si
384 3784 568 3869 progeniem
595 3784 761 3869 antiquam
784 3790 879 3867 quast
904 3781 1066 3849 Maximus
1089 3779 1230 3861 Quintiis
1254 3779 1369 3846 varas.

226 3885 349 3953 Tantae
373 3884 467 3952 molis
490 3893 578 3962 erat,
602 3884 702 3953 Fabio
725 3905 901 3971 cognomen
923 3906 1036 3963 suum,
1060 3885 1248 3952 ioculariter
1261 3884 1414 3951 immuta·

226 4000 315 4069 tum,
338 3987 516 4058 vindicare.
547 3989 609 4058 Sed
634 4010 686 4057 res
711 3989 789 4056 milri
811 3991 855 4057 ita
877 3992 1044 4077 perspicua
1066 3988 1254 4068 videbator,
1282 3996 1319 4055 ut
1339 4008 1415 4056 eum

227 4094 416 4163 Muellerum
448 4095 590 4163 viderem
620 4096 654 4160 in
688 4095 818 4182 ineptiis
848 4103 1124 4181 perseverantem,
1155 4112 1206 4160 me
1240 4113 1303 4160 uon
1335 4096 1415 4162 satis

228 4198 315 4267 clare
337 4202 531 4268 sententiam
555 4201 740 4288 exposuisse
769 4209 928 4286 putarem.
974 4200 1054 4266 llius
1078 4207 1186 4265 autem
1212 4200 1416 4267 ratiocinatio

229 4302 292 4372 luuc
316 4304 415 4372 relic:
441 4307 515 4392 quia
539 4328 641 4373 vocae
669 4302 753 4392 apud
779 4304 917 4371 Nonium
939 4305 1052 4371 vitioso
1064 4303 1202 4390 legitur,
1222 4305 1348 4372 exstitit
1361 4325 1415 4372 no·

231 4428 302 4478 men
327 4420 433 4477 ootaa.
484 4411 550 4478 Hoc
574 4410 656 4480 rnalc
681 4410 886 4486 conclusum,
913 4412 1004 4497 quasi
1029 4430 1103 4479 sero
1125 4429 1303 4497 numquam
1324 4434 1340 4477 c
1358 4430 1416 4499 pro
