3276 5006
550 370 594 418 at>
618 370 751 418 eroum
774 369 999 420 emanuelem.

222 539 319 605 Orien
342 539 450 606 Flcrll.
476 535 544 604 Vll.
569 540 600 605 2.

404 646 418 709 ὁ
439 644 466 710 δ’
491 644 562 720 ἡδὺς
587 646 658 710 altre
682 646 699 721 ἢ
724 644 828 714 κακαί
850 647 989 723 ἀτολμία
1016 712 1019 718 ,

401 748 467 815 οὔτ’
490 746 569 815 οἷκον
590 750 660 815 οὔτε
683 758 783 829 γαῖαν
801 752 953 831 ὀρθώσειεν
974 750 1022 816 ἄν.

222 853 377 921 Stcbaeus
400 854 509 920 lluril.
534 856 655 920 XXIX.
680 855 734 921 22.

403 959 417 1024 δ
441 960 468 1026 δ’
490 960 561 1036 ἡδὺς
586 962 658 1025 αἰὼν
683 962 700 1034 ἧ
723 961 804 1036 κακή
827 959 859 1025 τ’
883 960 1030 1039 ἀνανδρία

403 1066 467 1131 οὔτ’
489 1060 568 1131 οἶκον
589 1066 659 1133 οὔτε
682 1064 785 1144 βίοτον
810 1065 893 1130 oeae
917 1066 1042 1146 ὠφελεῖ.

223 1168 307 1250 Quot
338 1171 415 1236 haec
445 1170 626 1258 fragmenta
654 1191 722 1236 esee
752 1167 867 1255 putes?
898 1170 971 1235 Non
1000 1170 1079 1247 tria,
1112 1189 1174 1235 non
1208 1170 1287 1249 duc,
1311 1170 1367 1237 sed

177 1294 279 1339 unum
306 1281 338 1342 et
361 1275 464 1353 idem,
487 1275 538 1340 bis
560 1275 718 1364 flagitiose
739 1272 978 1359 interpolatum.
1015 1274 1053 1339 lu
1074 1278 1179 1360 primo
1201 1277 1305 1340 estin
1327 1275 1366 1340 li-

177 1379 243 1444 bris
264 1377 355 1446 πόλιν
377 1380 544 1461 ὀρνάσειιν,
563 1382 698 1446 correxit
717 1378 953 1444 Valckenarius.
974 1378 1011 1445 Iu
1030 1379 1168 1446 secunde
1186 1383 1365 1466 supererat:

404 1485 419 1550 ὃ
443 1483 471 1550 δ’
497 1484 663 1560 attituletur
687 1487 704 1560 ἦ
730 1484 976 1549 κακΗΤΑ*“

402 1588 467 1656 οὔτ’
489 1586 567 1655 οἶκον
590 1588 1001 1655 ιῦτε*“ΑΝοΡθῶσιιιν
1023 1587 1071 1655 ἄν.

222 1694 392 1782 Supererat
413 1698 448 1760 in
470 1697 565 1760 tertio
588 1695 741 1780 denique:

334 1844 340 1851 -
405 1799 419 1864 δ
444 1800 470 1864 δ’
495 1799 566 1874 ἡδὺς
591 1800 662 1863 αἰὼν
687 1800 704 1873 ἦ
728 1800 810 1875 κακή
833 1800 862 1863 τ’
885 1798 1032 1879 ἀνανδρία

403 1904 468 1972 οὔτ’
492 1900 569 1970 circa
593 1904 695 1970 crire*
720 1952 1007 1970 .........

223 2010 398 2077 Semidccti
432 2014 619 2077 adnecteres
653 2009 809 2075 damnum
842 2010 957 2074 sarcire
991 2011 1095 2075 conati
1128 2008 1297 2096 vulgatam
1327 2010 1366 2075 de

177 2135 235 2182 suc
265 2115 434 2182 dederunt:
458 2116 513 2181 sed
535 2114 621 2180 fraus
642 2113 791 2199 perpluit.
837 2114 887 2179 llx
909 2117 979 2199 ipse
999 2117 1047 2179 rei
1068 2124 1182 2180 natura
1203 2117 1238 2179 in
1255 2114 1366 2180 huius-

177 2221 301 2287 cemodi
323 2223 479 2286 sententie
501 2225 734 2305 componuntur
755 2216 833 2292 ιῐκις
858 2223 890 2284 et
908 2218 1017 2296 πόλις,
1040 2220 1109 2284 vita
1127 2225 1160 2284 et
1179 2238 1229 2285 ree
1244 2220 1367 2303 privetu

178 2332 210 2392 et
224 2327 360 2411 pellice.
392 2322 622 2410 Exemplorum
644 2323 738 2410 plena
759 2330 833 2388 sunt
857 2326 966 2389 omnia
983 2329 1021 2388 ut
1039 2326 1245 2390 notissimum
1263 2324 1363 2390 illud:

358 2430 496 2509 γνώμαις
519 2429 583 2509 pap
605 2428 715 2509 ἀνδρῶν
739 2424 772 2495 εὖ
794 2428 852 2507 μὲν
875 2430 1024 2493 οἰκοῦνται
1049 2428 1175 2507 πόλεις,

359 2531 393 2599 εὖ
416 2535 445 2598 δ’
467 2530 556 2607 οἶκος.
802 2593 804 2599 ,

179 2642 212 2706 et
239 2643 285 2705 sic
314 2641 435 2725 passim
466 2639 550 2726 apud
578 2636 782 2723 philosophos
811 2640 844 2703 et
865 2641 984 2722 pottas.
1031 2634 1130 2703 scioli
1154 2643 1264 2704 contra
1288 2638 1365 2723 quid

178 2745 402 2811 substituerint
423 2744 513 2810 vide:
538 2743 602 2809 οὔδ’
625 2738 703 2806 οἷκον
726 2742 796 2808 οὔτε
814 2749 913 2820 γαῖαν
931 2747 964 2807 ct
981 2740 1045 2806 οὔτ’
1061 2737 1140 2807 οἶκον
1158 2740 1229 2808 οὔτε
1247 2742 1364 2822 βίοτον.

179 2850 289 2916 Altera
315 2850 470 2935 oppositio
493 2849 647 2912 inusitate
668 2851 716 2912 est
739 2851 772 2911 et
792 2845 954 2923 inaudite,
978 2845 1078 2911 altera
1100 2866 1192 2913 sensu
1213 2867 1315 2913 uacua
1333 2851 1366 2912 et

180 2955 324 3021 absurde.
371 2952 457 3039 Ergo
479 2952 597 3037 ubique
615 2953 650 3016 in
667 2948 840 3036 Florilegie
858 2948 1065 3015 emeculaudc
1084 2952 1133 3017 fec
1152 2952 1249 3037 probe
1267 2951 1366 3018 huius

179 3058 299 3124 fraudis
327 3058 513 3123 memineris
543 3074 715 3140 cereusque
744 3074 784 3119 ne
815 3060 847 3119 te
877 3053 1108 3121 Graeculorum
1130 3046 1311 3123 commenta
1331 3058 1366 3122 in

181 3182 317 3229 errorem
357 3159 615 3247 inexplicabilem
650 3159 818 3237 inducent,
857 3165 895 3224 ut
930 3161 959 3225 si
992 3163 1064 3246 quis
1094 3163 1159 3227 οὔτ’
1187 3158 1265 3228 cinca
1296 3162 1367 3229 οὔτε

180 3268 284 3347 βίαιοι
301 3267 378 3352 quid
401 3272 484 3332 esset
505 3284 652 3352 quaerere
673 3263 781 3331 vellet.
815 3262 955 3330 Affertur
975 3285 1015 3330 ex
1036 3264 1212 3333 Menandre
1233 3267 1290 3333 IX.
1311 3267 1366 3334 20.

362 3372 398 3437 τδ
421 3371 516 3449 μηδὲν
537 3368 651 3435 ἀδικεῖν
673 3368 727 3433 καὶ
750 3371 981 3451 Φιλανθριῖινιινι
1005 3379 1100 3437 ποιεῖ.

180 3480 215 3541 in
246 3494 480 3561 quamcumque
509 3482 542 3540 te
570 3480 694 3560 partem
720 3472 859 3552 dederis,
882 3473 965 3539 nihil
987 3495 1143 3560 umquam
1164 3479 1234 3542 sani
1256 3498 1295 3542 ex
1316 3479 1369 3543 his

180 3583 288 3648 verbis
310 3581 481 3647 extundere
502 3582 628 3666 peteris.
675 3578 742 3644 Nec
763 3581 904 3656 mirum,
926 3599 1002 3644 nam
1026 3580 1149 3646 dixerat
1171 3585 1283 3667 poeta:

362 3687 398 3750 τὸ
420 3686 515 3765 μηδὲν
536 3685 652 3750 ἀδικεῖν
675 3682 726 3747 καὶ
751 3683 901 3758 καλοὺς
926 3686 1029 3760 ἡμᾶς
1053 3692 1149 3751 ποιεῖ.

181 3791 265 3877 qued
287 3792 351 3855 nisi
378 3789 462 3875 apud
484 3788 619 3854 Sextum
640 3788 842 3873 dmpincum
864 3794 1002 3854 exstaret
1021 3788 1060 3854 de
1081 3787 1251 3856 Menandri
1273 3812 1368 3858 versu

181 3900 264 3960 esset
292 3900 418 3971 aetum,
450 3893 525 3960 vide
554 3892 764 3959 Meinekium.
804 3890 902 3979 Origo
924 3891 1005 3957 mali
1030 3896 1197 3980 perspicua
1223 3900 1288 3961 est:
1317 3916 1369 3963 eu·

181 4004 305 4085 peteret

365 4101 400 4167 τδ
424 4102 518 4180 μηδὲν
541 4100 657 4167 ἀδικεῖν
679 4101 887 4166 ael*****
910 4104 1019 4169 acrei(

182 4213 345 4295 poteratne
374 4207 580 4292 interpolatur
608 4209 746 4292 ineptius
778 4206 952 4292 quidquam
981 4211 1116 4274 inserere
1138 4230 1234 4294 quam
1257 4216 1369 4295 Φιλαν·

184 4311 333 4395 θρώπινςῗ
