3200 5066
639 404 811 454 uouuucr.
1237 382 1316 449 1367
1428 410 1432 433 ‚

127 576 173 657 χοὶ
205 582 237 641 et
267 571 452 744 lanzelini
479 581 510 643 ct
541 581 579 640 ut
607 576 718 641 ὅτωτυ
732 612 752 625 -
765 577 872 651 tanai
903 579 948 640 sic
972 577 1054 639 inter
1076 595 1109 639 se
1131 575 1319 662 respondent

128 682 285 763 συνοκωχοὶ
309 692 431 746 etrusc
453 705 535 762 ωχοι.
572 678 773 761 Συνοκωχδτε
797 686 844 745 est
866 686 925 744 τῶν
954 676 1045 757 iac}
1060 680 1236 761 εἰρημένων,
1256 700 1318 766 quo

127 788 254 854 facilius
285 787 458 870 scripturae
482 788 600 850 uitium
621 788 728 870 potuit
751 785 808 848 diu
830 784 945 862 latere,
970 785 1025 849 sed
1050 786 1184 865 -οκωχή
1207 785 1319 850 multi·

128 893 247 979 plicem
276 891 400 976 prolem
431 893 544 977 genuit
566 892 729 970 οἱυοκωχή,
760 889 913 969 δοοκωχή,
939 889 1106 970 κοιτοκωχοὶ
1130 894 1163 954 et
1186 892 1319 956 κατοκώ-

129 1021 246 1080 χομος,
270 999 454 1076 μετοκωχή,
486 997 673 1079 ντοιροκωχνὶ,
696 995 868 1076 τεροοκωχή
894 1000 927 1060 et
949 997 1127 1074 σννοκωχνὶ,
1152 1014 1232 1079 quae
1253 1015 1320 1060 om·

130 1106 184 1169 nia
214 1102 299 1187 apud
328 1103 495 1186 scriptores
521 1100 644 1167 Ionicos
667 1107 700 1166 et
721 1106 844 1167 veteres
866 1101 991 1181 Atticos
1014 1101 1225 1185 reperiuntur.
1260 1098 1321 1165 Re·

131 1209 363 1276 centiorforma
375 1214 423 1273 est
435 1208 542 1287 -οχή,
563 1206 662 1288 dccxl
672 1254 681 1284 ,
701 1208 825 1288 κοντοχή
835 1254 843 1285 ,
864 1207 1005 1287 μετοχή,
1027 1208 1171 1285 napum,
1193 1206 1320 1285 συνοχή,

131 1322 169 1381 ut
188 1314 272 1400 apud
290 1312 479 1378 brutianum
499 1321 654 1378 Συνοκω
663 1312 734 1393 xi:
760 1314 874 1393 συνοχή
883 1359 892 1390 ,
917 1316 1011 1378 vetus
1029 1310 1133 1376 forma
1151 1330 1226 1376 cum
1239 1330 1322 1377 nova

133 1422 333 1505 componitur
362 1423 395 1483 et
423 1421 468 1483 sic
490 1421 615 1503 saepius
638 1417 723 1503 apud
746 1416 834 1483 alios.
859 1415 898 1481 cf.
923 1416 1001 1481 Noc.
1025 1415 1119 1480 Lecta
1142 1435 1217 1503 pag.
1244 1413 1319 1480 168.

132 1523 409 1606 Quemadmodum
432 1525 536 1610 igitur
557 1526 713 1604 ουνοχωνιή
737 1523 821 1587 nihil
844 1527 909 1600 est,
940 1524 985 1587 sio
1009 1520 1173 1601 τννόχωκω
1198 1538 1321 1606 quoque

130 1630 299 1697 manifesto
322 1633 370 1693 est
389 1628 574 1706 barbarum,
596 1634 629 1693 et
643 1627 820 1696 Scholiasta
835 1629 891 1713 qui
903 1627 1014 1693 scribit
1025 1626 1235 1705 ουνοχωκοτετ
1255 1626 1319 1691 ἀπὸ

31 1730 35 1735 ’
131 1741 186 1803 τοῦ
209 1734 391 1815 συνέχεσθαι
415 1739 448 1799 et
470 1737 633 1819 componit
655 1733 788 1813 συνοχή,
812 1735 879 1797 sine
902 1734 1116 1798 controversia
1137 1731 1318 1798 ucramlee

134 1844 254 1907 tionem
286 1839 423 1905 habebat
454 1839 494 1904 ob
524 1838 631 1904 oculos
661 1837 869 1916 συνοκωχότε,
898 1843 931 1903 et
959 1838 1128 1903 Erotianua
1152 1837 1318 1929 Συυοκωχή

133 1968 196 2013 non
213 1946 321 2030 potuit
340 1963 415 2008 cum
433 1942 606 2010 Homerico
625 1943 815 2025 συνοχωκότε
834 1962 1032 2027 comparare,
1058 1943 1113 2008 aad
1129 1930 1321 2024 τυυοοοωχδτο

135 2051 272 2116 dederat.
307 2047 489 2116 Invalucrat
512 2053 621 2115 cutem
641 2048 740 2114 semel
762 2067 848 2113 error
866 2048 950 2133 apud
971 2049 1130 2132 sequiores
1149 2045 1324 2114 Graeculos

134 2163 223 2221 ortus
255 2160 288 2219 et
317 2174 401 2221 vera
422 2156 579 2239 scriptura
599 2155 717 2239 ubique
739 2152 924 2237 interpolari
946 2159 1057 2238 coepta
1080 2158 1145 2232 est,
1171 2173 1268 2239 quam
1291 2156 1324 2218 et

135 2260 282 2347 analogia
312 2258 391 2324 duce
422 2264 454 2324 et
484 2258 641 2346 Hesychii
670 2263 755 2326 certo
785 2260 968 2325 testimonio
1000 2258 1129 2325 tandem
1154 2257 1324 2343 aliquando

136 2366 278 2432 Homero
300 2364 478 2429 reddamus.

180 2469 218 2533 ln
249 2475 366 2554 quanto
395 2468 535 2554 periculo
564 2470 683 2554 ubique
710 2473 852 2535 versatae
882 2470 947 2532 sint
977 2467 1097 2532 formae
1122 2469 1270 2552 antiquae
1293 2473 1325 2532 et

140 2573 296 2639 obsoletae
315 2577 347 2639 et
359 2571 525 2640 Graeculis
536 2574 698 2641 inauditae
708 2575 834 2658 saepius
845 2572 1016 2657 diligenter
1027 2571 1323 2639 demonstrauimus.

673 2903 792 2977 XVII.

526 3120 692 3182 ’ἯΝΕΤΟ
707 3120 934 3181 -ἬΝΎΤΟ.

183 3323 299 3389 Editur
323 3319 436 3406 Odyas.
460 3336 490 3381 u.
515 3315 592 3383 243.

275 3426 376 3505 acirim
400 3415 413 3487 ὃ
437 3422 574 3499 τοέμνετο
596 3422 703 3504 δοῦρα,
730 3426 798 3498 θοῶς
824 3425 855 3488 δέ
878 3449 917 3490 τοι
942 3426 1041 3502 riviro
1064 3424 1178 3505 νέογον.

138 3553 215 3599 vera
244 3532 339 3596 lectio
372 3535 420 3594 est
450 3529 564 3608 ἤνετο;
589 3548 667 3594 nam
690 3526 778 3605 ἤνυτο
801 3530 931 3615 quidem
952 3529 1036 3596 nihil
1059 3535 1122 3595 est:
1145 3530 1331 3615 plusquam·

139 3636 316 3722 perfectum
339 3638 425 3699 enim
448 3639 496 3698 eat
518 3635 641 3710 ἦνυςτο.
672 3630 720 3698 Of.
745 3644 781 3698 K.
808 3634 883 3698 251.
909 3636 962 3713 νὺξ
985 3632 1112 3709 inance.
1139 3638 1172 3698 et
1191 3644 1228 3699 Σ.
1251 3632 1326 3700 473.

140 3742 192 3807 κοοὶ
225 3740 333 3821 τέμνον,
354 3737 463 3805 ἄνοιτο.
508 3739 629 3805 Eadem
660 3739 762 3805 forms
784 3741 868 3826 apud
891 3740 1091 3807 Herodotum
1116 3739 1204 3805 salva
1227 3742 1329 3805 evasit

140 3864 209 3912 vm.
235 3844 288 3912 71.
320 3842 379 3910 cire
410 3844 444 3919 th
466 3881 508 3892 -
528 3846 643 3917 παντὸς
674 3844 778 3925 ἀνδρὸς
810 3845 1012 3926 ἐργαζομένου
1045 3847 1141 3922 ἤνετο
1164 3845 1200 3910 τὸ
1224 3843 1328 3926 ἔργον,

139 3953 197 4016 ubi
220 3950 362 4036 plerique
385 3950 460 4015 libri
482 3952 598 4015 vitiose
617 3949 768 4015 exhibent
786 3950 900 4024 ἠνύετο.
924 3950 962 4015 In
981 3952 1162 4038 fragmento
1177 3950 1349 4036 Aeschyli

140 4056 225 4142 apud
247 4054 445 4121 Scholiasten
468 4054 507 4118 ad
532 4054 556 4118 Ι.
583 4052 647 4118 158
672 4056 792 4120 scribae
815 4056 987 4122 dederunt:

344 4160 409 4226 οὔτ’
432 4158 472 4222 ἄν
494 4183 524 4225 τι
551 4159 624 4224 θύων
647 4154 718 4225 οὔτ’
734 4159 919 4226 ἐπισπένδων
942 4172 1080 4236 ΛΑΒνος.

139 4267 225 4354 apud
248 4265 421 4332 Stobaeum
443 4267 565 4329 Antlot.
593 4273 697 4336 ΝΑοις
721 4269 769 4330 est
787 4287 844 4351 pro
866 4265 989 4345 λάβοις.
1002 4265 1113 4331 'Olim
1135 4272 1259 4351 reperta
1282 4272 1330 4329 est

139 4394 215 4440 vera
234 4375 390 4458 scriptura
405 4374 575 4449 ἊΝΟΙΟ,
600 4371 684 4455 quod
704 4372 780 4456 quid
793 4378 873 4437 esset
886 4372 1009 4438 librarii
1021 4390 1083 4437 non
1094 4370 1329 4458 intelligebant.
