3276 5006
291 342 356 409 116
684 360 726 408 ιο
750 352 905 409 rannerus
930 358 1081 408 concurr.

292 532 487 616 nequissimo
517 536 696 596 accusatore
718 540 750 597 et
773 529 882 596 stultis
912 528 1071 594 iudicibus
1093 531 1183 592 tanta
1202 526 1373 592 verborum
1395 544 1477 591 acer·

293 634 394 699 bitate
413 654 607 720 quamquam
624 655 681 720 per
700 636 851 721 ambages
869 633 1029 718 loquitur,
1048 640 1087 698 nt
1101 630 1194 697 facile
1205 634 1322 696 sentias
1332 632 1477 695 animum

293 737 437 803 Platonis
458 759 541 805 novo
564 758 600 803 ac
621 744 739 805 recenti
761 739 868 824 aliquo
885 739 1000 804 scelere
1020 737 1237 804 exulceratum
1255 735 1336 800 hanc
1355 740 1477 799 tantam

294 842 547 928 indignationem
570 848 603 908 et
624 846 706 908 iram
729 846 915 928 concepisse.

339 945 403 1010 Ubi
425 945 525 1011 semel
552 946 628 1010 hinc
650 949 844 1031 perspexeris
866 948 943 1011 haec
967 967 986 1011 a
1007 945 1140 1011 Platone
1163 948 1198 1008 in
1219 944 1294 1009 flore
1316 950 1349 1010 et
1370 943 1478 1009 robore

293 1052 407 1115 aetatis
430 1070 497 1115 esec
520 1052 638 1134 scripta
660 1051 787 1116 facilius
810 1053 844 1115 in
865 1050 1027 1116 nonnullis
1048 1049 1151 1115 voluti
1172 1047 1348 1129 iuvenilem
1370 1067 1479 1132 quam·

294 1153 369 1218 dam
392 1153 658 1219 eilemescentiam
689 1156 938 1231 animadvertes,
970 1174 1050 1239 quae
1080 1156 1113 1217 in
1133 1152 1301 1217 Platonem
1324 1156 1426 1217 aetate
1447 1156 1479 1215 et

293 1276 355 1320 usu
387 1256 556 1321 hominum
589 1261 754 1321 maturum
786 1278 848 1323 non
882 1258 982 1323 cadat.
1035 1256 1125 1322 Dabo
1154 1277 1256 1321 unum
1285 1254 1478 1340 exemplum.

295 1358 376 1445 Peg.
401 1357 477 1424 449.
490 1377 517 1424 c.
542 1359 670 1424 induxit
691 1357 847 1447 Gorgiam
869 1363 916 1426 ita
937 1364 1126 1426 iactantem:
1154 1361 1238 1443 Φημί
1261 1358 1367 1438 μηδέν’
1390 1357 1427 1424 isa
1449 1359 1480 1421 ἐν

295 1463 498 1544 βραχυτέροις
522 1464 596 1541 ἐμοῦ
619 1465 725 1529 ταύτὰ
748 1467 864 1539 είτεῑν,
900 1468 1089 1529 etiterum:
1121 1466 1235 1535 οὐδενὸς
1265 1464 1377 1544 Φήοεις
1400 1462 1479 1541 βρα-

294 1569 508 1648 χνοιογωτὲρον
532 1568 681 1639 ἀκοῦσαι.
705 1567 817 1633 deinde
841 1570 891 1633 bis
914 1569 1060 1653 deinceps
1081 1569 1164 1634 nihil
1185 1569 1273 1634 aliud
1289 1588 1386 1652 quam
1405 1575 1479 1632 ΝΑΙ

295 1671 543 1756 respondentem.
580 1669 642 1738 Cui
664 1670 808 1738 Socrates
828 1674 917 1758 quasi
936 1672 1201 1737 admirabundus:
1226 1675 1275 1746 Na
1296 1673 1350 1746 ria
1366 1670 1480 1751 Ἦραν,

296 1777 419 1860 inquit,
451 1772 472 1839 ὦ
497 1776 631 1856 Γοργία,
664 1775 797 1853 ἄγαμαί
827 1776 866 1854 γέ
897 1800 950 1841 οου
980 1773 1027 1841 ὅτι
1049 1777 1202 1857 ἀποκρίνει
1226 1779 1265 1848 ὥς
1289 1772 1347 1843 οίίν
1370 1800 1406 1840 τε
1429 1775 1479 1839 διὰ

296 1878 520 1959 βραχυτάτων.
566 1879 735 1967 Frigidum
758 1877 819 1945 ho'c
841 1887 889 1945 est
912 1886 944 1946 et
965 1880 1103 1965 puerile:
1134 1881 1189 1945 sed
1216 1880 1300 1965 quod
1321 1882 1481 1966 optimum

296 2003 404 2049 senem
422 1983 462 2047 ad
481 1983 559 2049 haec
575 1983 692 2050 dixisse
710 1989 832 2060 narrat,
853 1987 943 2070 quasi
961 1984 1042 2049 hanc
1058 1985 1223 2050 derisionis
1241 1986 1481 2069 protervitatem

296 2106 358 2151 non
380 2089 544 2151 sensisset:
569 2086 651 2152 τοίνν
674 2089 738 2167 γὰρ
761 2085 865 2164 οἶμαι,
892 2085 913 2152 ὦ
936 2088 1117 2169 Σώκρατες,
1141 2090 1279 2160 ἐπιεικῶς
1301 2093 1391 2153 τοῦτο
1413 2110 1480 2150 τοι·

297 2197 360 2265 εῖν,
383 2190 434 2267 id,
465 2196 504 2255 ut
523 2190 638 2256 leniter
660 2191 782 2269 dicam,
814 2198 862 2257 est
883 2190 1084 2268 huiusmodi,
1113 2197 1152 2255 ut
1174 2191 1267 2256 Plato
1289 2197 1392 2256 aetate
1413 2211 1482 2276 pre

299 2296 419 2360 rectior
440 2293 524 2359 nihil
545 2296 597 2360 his
619 2296 726 2362 simile
752 2316 907 2381 umquam
927 2296 1070 2362 dicturus
1092 2295 1188 2359 fuisse
1210 2295 1365 2361 videatur.

342 2501 462 2569 Eodem
484 2503 649 2570 retulerim
672 2504 755 2590 quod
776 2505 871 2571 Plato
893 2504 995 2570 veluti
1019 2508 1108 2568 aestu
1130 2502 1269 2587 quodam
1291 2504 1484 2592 indignatio-
1605 2488 1614 2493 ’

295 2612 346 2674 nis
368 2608 533 2693 abreptus,
562 2609 690 2674 induxit
712 2606 878 2673 Socratem«
896 2606 1007 2673 solitae
1027 2608 1176 2687 εἰρωνείας
1199 2610 1422 2674 immemorem
1444 2606 1484 2672 de

296 2718 398 2777 semet
417 2714 486 2797 ipso
508 2712 585 2778 haec
606 2712 775 2800 magnifice
795 2713 1031 2798 praedicantem
1052 2732 1126 2798 pag.
1148 2710 1224 2777 521.
1248 2730 1280 2776 n.
1305 2708 1392 2790 olam
1411 2716 1485 2788 μετ’.

296 2815 408 2894 ὀλίγων
430 2816 623 2890 Ἀθηναίων,
647 2816 696 2882 ίνα
719 2819 764 2893 μὴ
788 2817 863 2880 είτω
887 2823 1063 2889 MONOC,
1093 2818 1258 2896 ἐπιχειρεῖν
1282 2825 1321 2896 τῇ
1344 2818 1384 2886 ὡς
1406 2816 1484 2888 aian·

297 2921 351 2992 ίῶς
385 2930 527 3000 πολιτικῇ
559 2921 656 3001 rixas
686 2921 738 2985 καί
771 2920 918 3000 τροίττειν
948 2920 991 2984 τοὶ
1022 2921 1168 2985 πολιτικοὶ
1199 2928 1357 2985 ΜΟΝΟΟ
1383 2926 1483 2984 ΤΩΝ

296 3031 399 3089 NTN.
433 3022 524 3088 Idem
546 3022 684 3090 Socratis
707 3025 899 3091 desiderium
921 3023 1054 3110 impulit
1076 3022 1244 3090 Platonem
1267 3030 1305 3089 ut
1324 3022 1481 3099 Miltiadi,

297 3124 442 3203 Cimoni,
466 3125 690 3206 Themistocli,
710 3128 826 3195 Pericli
837 3127 1057 3205 malediceret,
1078 3149 1156 3213 quos
1174 3148 1248 3213 prae
1266 3127 1393 3193 Socrate
1412 3148 1482 3193 con-

297 3229 469 3296 temnebat.
516 3230 651 3297 Perinde
681 3237 728 3298 est
758 3253 794 3298 ac
823 3235 851 3297 si
881 3233 1013 3298 dixisset
1045 3232 1150 3297 verbis
1180 3231 1379 3316 lbrripideis:
1410 3232 1482 3296 ἐνοί-

298 3356 384 3406 νετε,
410 3331 535 3398 tasum
557 3334 616 3400 τίον
639 3345 879 3401 ΠΑΝΟΟΦΟΝ
903 3335 1018 3409 ἀιδίοις
1039 3340 1179 3401 Μουσᾶν.
1274 3357 1278 3365 ·

342 3438 390 3504 Βο
409 3436 557 3515 consilio,
581 3458 644 3524 quo
662 3439 755 3505 Plato
774 3439 949 3527 Dialogum
967 3439 1052 3505 hunc
1070 3440 1246 3524 scripserit,
1266 3438 1372 3504 multa
1390 3439 1481 3505 rideo

297 3551 329 3610 ct
351 3542 391 3609 ab
413 3542 486 3609 aliis
509 3548 541 3607 et
562 3564 582 3608 a
603 3563 685 3608 noro
706 3543 835 3610 Editore
857 3546 980 3628 copiose
1003 3564 1070 3609 esse
1093 3546 1253 3629 exposita,
1282 3543 1337 3608 sed
1359 3564 1413 3608 me
1435 3545 1481 3606 iu-

297 3650 366 3715 dice
394 3667 489 3713 nemo
518 3646 636 3713 melius
668 3648 707 3712 de
736 3668 773 3713 ea
794 3669 829 3713 re
859 3649 943 3712 dixit
974 3668 1071 3732 quam
1093 3647 1187 3713 Plato
1209 3649 1276 3731 ipse
1298 3649 1332 3710 in
1354 3646 1482 3732 Dialcgi

296 3755 385 3820 exitu
407 3772 481 3838 pag.
507 3749 585 3816 527.
609 3769 639 3815 u.
662 3751 713 3816 his
734 3753 856 3818 verbis:
888 3751 988 3831 ὥσπερ
1011 3749 1059 3816 οὖν
1083 3749 1210 3828 ἧγειιίνι
1234 3751 1276 3830 τῷ
1299 3751 1383 3832 atys
1405 3773 1481 3829 χρνι·

296 3856 485 3936 οιίραείατῷ
510 3860 560 3918 νῦν
584 3855 800 3936 ταραΦοινίντι
823 3854 854 3928 ὃς
879 3859 952 3931 ἡμῖν
974 3855 1116 3931 σημαίνει
1140 3850 1186 3917 ὅτι

340 3957 457 4031 οὗτος
481 3960 496 4024 d
519 3956 665 4037 τρίτος
689 3957 825 4039 ἄριςος
848 3963 918 4023 τοῦ
941 3959 1032 4036 βίον
1055 3960 1124 4032 τὴν
1147 3957 1396 4029 δικαιοσύνην
1419 3956 1479 4020 καί

295 4061 519 4153 stadales
543 4064 689 4140 οίρετίιν
721 4064 948 4133 ἀσκοῦντας
976 4063 1043 4127 καί
1078 4063 1145 4145 ζῆν
1176 4062 1244 4127 καί
1274 4061 1478 4126 τείνοίνοιι.

340 4169 463 4252 Exque
479 4165 537 4231 illa
556 4169 674 4251 scripta
692 4173 767 4232 sunt
785 4170 1014 4253 praeterierunt
1031 4166 1156 4233 saecula
1173 4167 1403 4251 propemodum
1421 4166 1481 4229 tria

296 4279 324 4336 et
345 4272 455 4351 viciati
469 4272 494 4351 ¹)
518 4275 551 4335 et
573 4272 603 4336 ίν
627 4270 779 4343 τιτούτοις
810 4270 914 4349 λίγοις
943 4277 1001 4337 τῶν
1026 4268 1133 4336 ἄλλων
1157 4269 1373 4351 ἐλεγχομένων
1394 4269 1482 4349 atace

332 4415 357 4475 1)
375 4411 445 4458 Plato
461 4416 531 4457 nutus
547 4412 583 4456 cst
603 4422 666 4456 anno
683 4409 732 4456 429
750 4423 770 4456 a
788 4408 847 4458 Chr.
871 4424 918 4472 qno
938 4411 1047 4459 mortuus
1063 4411 1099 4457 cst
1115 4407 1228 4465 Pericles,
1253 4410 1277 4456 et
1292 4407 1389 4455 excessit
1406 4421 1418 4454 e
1435 4405 1482 4455 via

296 4490 359 4524 auno
376 4478 435 4522 347.
451 4475 497 4521 ι1ιιο
514 4478 538 4520 et
555 4473 676 4535 octoginta
693 4487 819 4521 annorum.
