3388 5010
302 343 366 407 titt
700 358 854 408 sonnium
880 361 917 408 ur
940 359 1098 408 enormes.

297 537 406 596 menta
441 534 568 606 tamen,
601 527 742 607 molum,
773 528 843 596 vela
875 530 982 599 omnia
1006 528 1142 608 serud',
1171 526 1342 596 »custodes
1365 528 1496 603 classis,

301 632 482 723 catapulta,
519 633 601 715 tela,
638 635 794 716 sarisas”,
832 636 982 713 strictos,
1020 634 1167 703 difficiles
1202 652 1343 712 snmus,
1376 633 1498 703 lastidi-

297 761 371 808 mus
402 740 595 818 bonorum’',
630 740 751 820 saltas,
786 740 946 810 frontibus
978 742 1178 831 immissas”)
1214 750 1271 809 aut
1302 760 1497 831 synonymo·

295 867 370 915 rum
410 846 615 934 copulatione
656 847 850 929 inlustratus
889 850 1035 937 piatus”)
1077 869 1140 916 nou
1173 868 1251 915 sane
1281 849 1403 915 mirum
1436 855 1495 915 est.

298 951 419 1021 Vellem
454 953 556 1039 igitur
587 956 781 1020 sententiam
814 953 1003 1040 diligentius
1032 955 1224 1044 explicasset
1245 955 1290 1023 ll.
1313 953 1406 1022 Nunc
1429 954 1497 1021 aui·

296 1060 485 1140 madverte,
516 1059 556 1126 bl.
592 1058 729 1127 subinde
756 1059 903 1149 copulam
937 1061 1128 1149 reliquisse,
1161 1061 1217 1127 nbi
1250 1059 1362 1129 abesse
1385 1059 1496 1140 malis,

296 1166 469 1254 ipsumque
491 1164 662 1232 sustulisse
687 1165 883 1255 asyndeton,
910 1177 945 1234 ut
972 1169 1092 1236 XXVll
1117 1172 1179 1235 23:

343 1272 399 1339 illo
422 1270 507 1341 oculi
530 1270 696 1339 dedicunt
721 1273 782 1360 ipsi
810 1276 936 1362 [atque]
962 1275 1107 1341 inimum
1134 1293 1207 1361 spes
1231 1272 1308 1341 illirc
1333 1273 1434 1361 rapit,

298 1378 351 1444 ubi
386 1377 495 1444 hiatus
524 1378 557 1442 in
590 1397 726 1446 caesura
758 1379 936 1466 elegantior
960 1401 1058 1468 quam
1082 1391 1191 1468 ntqne;
1216 1379 1390 1467 repetitum
1415 1378 1494 1449 illud

295 1485 373 1565 illo,
396 1484 475 1553 illue
500 1503 601 1571 paene
624 1483 765 1571 postulat
789 1484 983 1575 asyndeton:
1007 1506 1103 1574 porro
1126 1486 1228 1554 XXX.
1256 1490 1318 1552 107

416 1618 604 1644 -------
631 1610 765 1678 sperans
789 1601 927 1670 aetatem
954 1593 987 1659 in
1011 1591 1146 1660 eandem

411 1697 491 1767 baec
515 1697 658 1786 prolerre
683 1707 807 1786 potesse
830 1707 863 1767 et
889 1717 1038 1765 mansum
1062 1719 1101 1765 ex
1126 1718 1180 1764 ore
1204 1697 1370 1766 daturum.

299 1802 353 1869 ubi
378 1814 407 1875 et
430 1813 543 1871 contra
568 1803 661 1871 codd.
690 1807 785 1873 metri
810 1823 906 1873 cansa
932 1804 1083 1872 inseruit.
1109 1802 1171 1871 Sed
1196 1804 1319 1872 scribe:

310 1968 314 1977 .
409 1930 545 1998 sperans
568 1918 707 1978 aetatem
732 1933 782 1978 me
806 1910 916 1979 eadem
941 1910 1020 1979 heco
1043 1908 1189 1998 prolerre
1213 1920 1356 1998 potesse,

414 2035 627 2087 mausumer
652 2036 708 2085 oro
731 2014 908 2097 daturum,

295 2118 393 2190 libris
420 2131 553 2189 aetutem
577 2122 723 2200 eoadem,
747 2122 788 2190 cl.
812 2122 901 2188 Coui.
926 2122 968 2189 ΙΙ.
998 2128 1049 2190 ll.
1075 2123 1219 2210 lloniquo
1243 2123 1308 2189 inc.
1332 2125 1393 2190 ot:

362 2235 477 2312 χαῖρε,
502 2228 654 2315 inquam,
680 2229 764 2297 Titel
788 2227 937 2305 lictores,
960 2236 1070 2295 turma
1094 2231 1192 2298 omni'
1214 2227 1393 2315 cohorsque

362 2336 512 2417 χαίρετε,
538 2345 568 2401 ct
590 2334 668 2402 binc
694 2334 794 2403 bostis
821 2335 866 2402 mi
890 2334 1063 2412 Albucius,
1086 2334 1161 2403 binc
1186 2335 1351 2401 inimicos.

295 2440 349 2509 ubi
379 2451 412 2507 et
443 2439 615 2508 admodum
652 2441 761 2527 friget.
810 2440 872 2508 Sed
906 2440 1042 2529 pluralis
1075 2443 1206 2524 χαίρετε
1229 2460 1355 2528 quoquo
1380 2440 1489 2508 minus

293 2555 406 2636 aptum
430 2547 471 2615 ll.
497 2548 626 2615 videtur
649 2549 791 2627 lictores,
815 2556 937 2624 turmo,
955 2549 1065 2614 cohors
1086 2568 1142 2635 pro
1154 2546 1310 2615 vocativis
1321 2544 1488 2622 babuisse,

293 2652 349 2721 sed
380 2653 513 2734 tostire,
539 2661 574 2721 nt
595 2654 745 2723 Scaevola
770 2653 936 2731 salutarit,
959 2654 1146 2740 omnesqui
1171 2672 1244 2722 eum
1270 2653 1489 2731 comitantur,

293 2758 378 2826 idom
404 2761 628 2849 pronuntiant.
666 2760 787 2830 Contra
807 2782 863 2839 ne,
884 2759 938 2826 nbi
959 2750 1069 2827 omisit
1091 2761 1150 2839 lb,
1173 2768 1265 2828 tueor
1285 2758 1386 2827 XXX.
1405 2765 1464 2827 ὅδε

431 2886 523 2933 serus
545 2887 620 2933 cum
645 2886 663 2934 e
687 2865 794 2933 modio
815 2886 853 2934 ac
878 2864 953 2932 tudo
982 2865 1061 2933 bene
1086 2867 1175 2953 potu'
1200 2866 1350 2942 recessit,

295 2990 369 3037 nam
396 2972 453 3058 qni
477 2971 624 3040 emedio
649 2971 723 3039 ludo
747 2972 886 3052 recedit,
911 2991 974 3039 uon
999 2992 1071 3040 sero
1094 2970 1218 3041 recedit
1231 2994 1248 3052 ς’
1266 2991 1306 3040 ex
1329 2970 1431 3040 oculis
1455 2980 1488 3039 ct

296 3075 371 3144 ludo
395 3079 541 3146 recessit.
1325 3138 1330 3145 .

339 3184 376 3251 lu
407 3183 545 3270 singulis
576 3183 767 3271 fragmentis
797 3184 976 3253 tractandis
1005 3184 1152 3279 ordinem
1182 3203 1302 3272 sequar
1324 3203 1343 3251 a
1366 3183 1408 3250 ll.
1436 3182 1487 3251 in·

294 3290 459 3357 stitutum.

339 3395 436 3465 bibro
460 3396 475 3463 1
498 3394 539 3464 ir.
568 3400 609 3464 16
634 3414 681 3464 vs.
709 3401 770 3464 18:

476 3501 651 3571 ‚intumum
677 3504 794 3571 veitam
822 3511 1016 3592 turpemque
1039 3502 1145 3572 odisse
1169 3502 1342 3591 popinam'’

294 3609 399 3679 codd:
423 3610 579 3698 infamem
601 3614 799 3678 honestant.
836 3610 869 3679 si
890 3632 907 3677 a
929 3610 1112 3678 litterarum
1133 3609 1287 3678 ductibus
1305 3606 1486 3689 receditur,

293 3717 397 3785 multa
421 3715 483 3783 elia
508 3727 643 3805 possunt
665 3718 862 3803 excogitem
889 3718 938 3783 sin
960 3719 1086 3794 minus,
1109 3716 1187 3784 nihil
1209 3718 1340 3804 propius
1361 3714 1486 3784 accedit

294 3843 410 3912 quam:
432 3822 583 3891 infamem
604 3828 740 3911 somam.
779 3821 825 3889 Cl.
841 3821 932 3891 Ocni.
947 3823 971 3890 1.
985 3828 1031 3902 6.,
1042 3824 1408 3905 βίοςάβίωτος,ἰιιεωιη
1420 3824 1486 3901 ios,

295 3933 365 3999 Lis.
396 3931 481 3998 XXl.
512 3938 531 4000 5
556 3939 589 3999 et
613 3932 720 3998 simm.
768 3929 926 3998 Adiectivi
949 3931 1100 4020 insumis,
1125 3930 1219 3998 cuins
1243 3938 1310 3996 tam
1335 3928 1487 4016 frequens

295 4058 374 4106 usus
406 4046 475 4116 est,
509 4057 571 4103 non
605 4035 768 4124 probabile
803 4046 852 4104 est
876 4038 1037 4105 exstitisse
1061 4036 1218 4116 lormanu,
1241 4036 1336 4103 enine
1359 4034 1486 4103 nullum

296 4164 433 4231 usquam
456 4152 560 4211 exstet
583 4144 756 4229 vestigium
783 4142 953 4233 (issemus,
975 4144 1022 4210 sic
1046 4143 1116 4231 td).

341 4254 382 4317 m
409 4271 439 4316 v.
465 4255 523 4316 52:
549 4251 702 4317 »inritato
727 4270 824 4317 canes
848 4269 944 4337 quam
970 4248 1064 4317 bomo
1087 4269 1185 4337 qnam
1211 4248 1333 4336 planiu’
1356 4248 1458 4317 dicit’'

296 4357 318 4423 i.
331 4375 360 4423 e.
381 4354 515 4445 (littera)
537 4376 636 4443 qnam
657 4375 752 4423 canes
773 4354 815 4443 pl.
835 4354 868 4423 d.
890 4376 988 4444 quam
1010 4356 1122 4432 borno,
1145 4357 1317 4424 admodum
1332 4357 1486 4423 intricata

295 4461 549 4531 constructione.
585 4463 685 4541 Quom
703 4462 784 4529 sitio
805 4461 1024 4550 bispositum‚
1037 4464 1192 4531 cuiusrei
1205 4462 1487 4551 praesumptam..
