3388 5010
631 354 785 402 cucrcrrun
808 358 844 403 cr
866 358 1021 404 emrtuos.
1358 338 1422 401 ult

226 528 403 606 potuerunt
425 520 591 589 conlundi.
639 524 679 589 lit
706 524 846 612 reliqua,
871 527 1021 612 quarraria
1045 528 1127 595 rnira
1153 526 1289 612 partim,
1312 525 1423 589 minus

225 623 419 692 dubitationi
454 627 590 694 obnoxia
622 640 715 698 sunt:
749 631 817 697 XV.
852 636 913 710 17,
945 633 1085 709 trrrlens,
1120 638 1159 699 31
1187 631 1422 699 tintinabulum.

227 730 262 796 ln
294 730 476 818 fragmento
509 735 622 802 xxti.
655 739 718 813 65,
752 756 781 803 ν.
815 743 877 811 81,
911 738 995 825 qrrod
1031 739 1135 805 tribus
1169 738 1247 804 iocis
1278 712 1442 804 uNnnic⁰

226 835 381 915 allectus,
408 839 528 926 ubique
550 840 671 927 legitur
692 864 786 930 oqere
805 845 838 908 in
859 844 1004 911 iaciendo
1025 866 1082 933 pro
1103 866 1218 933 uouere
1238 845 1259 910 i.
1276 845 1317 915 t:
1338 840 1423 907 idern

228 943 418 1012 vocabulum
442 947 497 1013 xl.
520 954 541 1014 b
561 947 707 1015 inliniri.
727 959 759 1015 et
779 950 849 1015 Par.
878 957 928 1038 (ex
949 972 1021 1018 mea
1038 951 1124 1025 coll.;
1137 958 1223 1017 tacet
1235 947 1424 1035 Quicberut)

227 1050 383 1117 scribitur
406 1075 542 1140 comem.
591 1055 714 1121 Tertius
739 1076 915 1123 consensus
941 1056 1096 1124 fortuitus
1120 1077 1189 1123 esse
1214 1076 1274 1122 non
1301 1061 1423 1141 potest,

228 1177 286 1223 nec
319 1157 473 1226 credibile
505 1169 554 1226 est
584 1160 723 1227 Nonium
751 1164 909 1248 nagrurn”
935 1183 993 1250 pro
1018 1165 1176 1249 »aggere”
1201 1162 1422 1229 substituisse.

226 1262 321 1329 Galus
345 1285 402 1351 pro
425 1266 525 1332 collus
548 1264 692 1357 (autom)
716 1277 764 1334 est
787 1268 984 1348 xxvttstr,
1005 1269 1104 1336 semel
1123 1266 1208 1355 apud
1227 1268 1307 1334 Nou.
1328 1270 1418 1331 lab

226 1371 330 1447 colus,
355 1373 452 1438 semel
480 1394 509 1460 p.
535 1378 611 1440 200.
639 1378 701 1452 18,
726 1373 780 1440 ubi
806 1374 889 1443 idem
916 1374 1134 1461 fragmentum
1161 1374 1297 1459 legitur,
1321 1372 1422 1447 collus

225 1478 407 1564 scriptum,
433 1479 499 1544 Vll.
522 1483 563 1546 27
590 1480 709 1558 collus,
735 1478 791 1544 sed
815 1481 882 1548 inc.
909 1485 974 1547 164
999 1480 1065 1547 colo
1088 1492 1254 1547 atemtutur
1275 1500 1332 1567 pro
1356 1480 1422 1545 colo

226 1593 427 1650 resternatur.
482 1585 518 1651 ln
557 1584 606 1650 bis
641 1584 748 1651 demta
786 1606 848 1651 rrrru
885 1595 1081 1652 consonante
1113 1588 1280 1673 quantitas
1313 1596 1419 1651 tannen

224 1697 336 1755 munet
361 1690 491 1769 illaesa,
518 1699 551 1756 at
575 1691 603 1756 si
623 1689 789 1757 credimus
809 1693 981 1759 Consentio
998 1691 1056 1758 tx.
1083 1700 1116 1769 l,
1137 1692 1278 1761 Lucilius
1289 1691 1422 1778 scripsit

223 1804 370 1881 corono,
396 1797 498 1882 prime
523 1795 645 1886 syllaba
671 1807 831 1884 correpte.

274 1901 389 1988 Utique
419 1923 482 1968 nnn
513 1913 563 1970 ost
595 1922 656 1971 cur
685 1923 761 1969 curn
795 1901 971 1970 ititscbelio
1001 1901 1174 1969 credamus
1203 1903 1420 1971 constantiam

222 2007 440 2095 geminandae
463 2028 622 2075 consonae
645 2007 759 2075 Lucilii
785 2008 973 2076 auctoritati
1000 2008 1121 2076 deberi.
1170 2009 1249 2077 Nam
1273 2018 1308 2075 ut
1329 2008 1422 2075 aliter

223 2122 410 2181 statuamus
444 2134 507 2180 non
538 2133 764 2201 permovemur
785 2114 929 2181 eiusdem
958 2124 1137 2203 praecepto·
1153 2115 1192 2184 do
1218 2114 1421 2203 geminaudis

223 2220 480 2288 consonantibus
502 2221 536 2286 in
562 2220 668 2289 verbis
689 2221 896 2307 compositis,
920 2221 974 2287 tx.
1000 2227 1061 2287 bb:

479 2335 576 2412 atque
603 2374 712 2393 .....
738 2346 910 2392 acconense
934 2327 1076 2406 scribas,

385 2452 447 2500 nnc
467 2452 508 2499 an
532 2452 550 2496 c
575 2441 711 2498 nonest
736 2431 821 2520 qued
845 2451 982 2519 qttaeras
1004 2442 1103 2519 atque
1125 2432 1250 2501 labores

223 2536 280 2627 (de
313 2539 420 2625 priore
454 2557 549 2604 uersu
583 2536 624 2604 cl.
656 2538 744 2605 Goni.
767 2537 791 2603 l.
819 2538 888 2626 ll).
936 2538 1015 2605 Nam
1042 2542 1146 2626 potuit
1171 2539 1419 2626 duplicationem

221 2646 415 2733 compositis
437 2643 642 2723 adscribere,
664 2645 783 2710 ceteris
807 2663 868 2710 uon
892 2647 981 2710 item.
1006 2645 1421 2732 Eodenrpertiuetlll.16,

219 2750 280 2818 ubi
304 2753 376 2819 sine
399 2771 498 2817 cansa
523 2749 618 2816 verba
643 2749 696 2816 bic
719 2756 818 2837 refert
839 2770 877 2816 ex
902 2752 1088 2816 coniectura
1110 2751 1287 2838 interponit
1307 2751 1348 2816 ld.
1363 2750 1420 2816 Ve-

220 2857 288 2925 lius
320 2858 448 2944 bougus
477 2860 565 2922 aaut
599 2864 669 2922 »est
700 2856 798 2922 etiarn
834 2854 887 2921 ubi
919 2865 1064 2925 transeat
1087 2857 1109 2922 d
1131 2858 1163 2923 in
1188 2857 1220 2935 l,
1244 2894 1289 2909 -·-
1315 2866 1350 2922 ut
1370 2864 1422 2923 est

221 2964 374 3052 elicuere.
406 3000 452 3015 -
496 2962 642 3028 Abbitere
670 2964 769 3029 etiarn
797 2962 928 3050 quidam
952 2964 1117 3050 geminata
1141 2986 1159 3029 u
1182 2962 1367 3033 maluerant
1388 2974 1422 3031 at

222 3069 333 3137 dicere
357 3079 390 3136 et
412 3068 554 3136 scribere
579 3069 763 3137 intermisse
789 3090 829 3149 o,
851 3069 905 3136 sed
927 3070 960 3134 in
983 3069 1042 3136 boe
1064 3069 1183 3137 nullam
1205 3069 1420 3139 dillorentiam

223 3183 317 3264 nutat
341 3196 411 3243 esse
435 3176 617 3253 Lucilius”‚
642 3176 673 3241 in
697 3175 818 3262 quibus
843 3177 1021 3242 mutatione
1046 3197 1108 3242 non
1132 3189 1215 3264 opus
1237 3187 1308 3251 ests
1326 3176 1419 3244 buci·

221 3280 290 3349 iius
322 3280 534 3351 contendebat
571 3280 653 3346 citit
684 3281 834 3348 interesse
857 3283 994 3349 adbitere
1017 3306 1058 3351 on
1088 3284 1229 3350 additare
1259 3283 1420 3350 rotoma.

221 3389 337 3473 Pergit
362 3387 491 3455 Velinsr
520 3388 594 3473 »qui
618 3386 682 3477 (b.)
707 3388 769 3455 alt:
793 3388 931 3455 abbitere
955 3389 1074 3477 (abdira
1098 3388 1185 3478 libri)
1212 3390 1350 3456 assultum
1370 3399 1421 3456 cst

219 3515 244 3562 n
273 3495 398 3562 sieten
423 3494 476 3560 a''.
501 3491 691 3560 Muellerus:
719 3529 760 3547 --
784 3493 928 3561 abbitere
952 3495 1092 3565 multura
1118 3494 1169 3561 bio
1195 3494 1293 3562 relect
1316 3493 1336 3560 d
1359 3496 1421 3562 siet

223 3621 265 3667 an
298 3601 351 3669 b'’.
387 3600 463 3667 Sine
492 3619 603 3674 causas
628 3619 701 3666 naua
728 3601 863 3666 muttum
886 3612 932 3667 ert
955 3610 1069 3668 natum
1091 3620 1130 3667 ox
1153 3601 1291 3667 inultum
1312 3610 1375 3667 est:

457 3734 560 3763 -υν-
586 3726 728 3773 ascranae
754 3707 928 3775 inultumst
950 3729 969 3774 o
992 3711 1053 3775 siet
1076 3728 1117 3773 an
1140 3728 1169 3775 a.
1198 3709 1224 3798 ¹)

183 3904 191 3911 ε
272 3813 337 3881 Ηοο
354 3814 458 3899 igitur
480 3812 639 3900 quomodo
662 3812 788 3880 scribas
814 3814 946 3901 impune
968 3834 1042 3882 esse
1065 3814 1132 3892 ait,
1158 3812 1212 3880 sed
1239 3814 1349 3900 utique
1371 3812 1420 3879 lit·

261 3991 288 4050 l)
311 3991 341 4043 P.
366 3996 413 4042 225
437 3993 474 4043 Μ.
496 3994 627 4059 impugnat
648 3993 718 4057 vulg.
741 3993 875 4043 lectionem
897 3994 965 4057 epod
983 3993 1086 4043 Veliam
1103 3991 1189 4041 dicens
1205 3991 1244 4041 illi
1261 3990 1421 4041 scribendum

221 4072 314 4123 ibisne:
335 4074 394 4124 used
411 4074 474 4125 nibil
492 4076 612 4126 interesse
628 4076 754 4137 quomodo
771 4076 892 4125 scribatur
906 4082 976 4139 putot
991 4070 1130 4132 Lucilins'',
1145 4088 1196 4122 non
1209 4072 1421 4137 quemadmodum

217 4160 293 4206 'nuno
317 4154 406 4206 lectar:
432 4158 473 4207 oin
495 4157 544 4208 hoo
567 4158 664 4207 nnllam
686 4155 854 4209 differentium
876 4171 930 4207 esse
953 4154 1049 4221 potest
1073 4155 1194 4205 maiorem
1210 4154 1367 4217 diligentiam
1382 4169 1421 4209 re·

222 4237 327 4304 nubens
350 4253 427 4304 qaam
452 4240 480 4291 tn
505 4240 550 4293 nli
575 4240 679 4295 bomne
697 4239 837 4305 asportan
852 4246 942 4303 potest
978 4237 1059 4291 Miror
1078 4236 1118 4286 M.
1134 4236 1280 4289 abbreviare
1296 4252 1330 4289 ex
1345 4238 1378 4288 ob
1395 4246 1420 4291 at

225 4318 319 4382 breuia,
343 4328 369 4372 ot
391 4320 489 4370 multum
504 4319 672 4387 differentium
686 4336 732 4386 pro
746 4338 857 4387 nonnam
874 4322 987 4387 probare.
1021 4320 1077 4369 Nee
1094 4319 1167 4369 facile
1183 4321 1284 4371 credam
1301 4322 1420 4372 Plautum

224 4399 319 4451 obbitnt
343 4404 518 4467 mauritianae
544 4402 622 4466 (Rue.
649 4406 724 4470 ttt);
751 4403 882 4454 serendum
908 4410 946 4455 est
970 4403 1033 4453 illud
1050 4401 1132 4451 obitui
1150 4401 1219 4457 (libri
1236 4402 1359 4471 dubitat),
1377 4405 1422 4455 sed

229 4484 347 4549 andagis
364 4486 480 4551 poscebat
496 4484 590 4536 orbitat
604 4492 634 4535 ut
651 4484 784 4551 capellare,
802 4494 944 4551 asportare.
