3254 5034
269 313 311 374 ὅθ
764 331 963 380 obscenorum

446 496 544 574 ἤδιςον
567 497 707 581 Φιλέοιιοι
731 499 803 572 νέοις
827 500 1056 581 προοανοὶκλιμ
1080 502 1207 582 ἕροῖτοιν.

313 604 410 670 Recte
432 606 536 682 κλίμα
560 604 715 670 scribitur
740 606 772 671 in
794 602 921 672 Scholio
940 606 980 674 ad
1002 607 1059 676 Od.
1080 617 1128 675 M.
1152 613 1194 674 59
1211 604 1339 689 ἔχονται
1357 610 1460 692 πτερὰ

266 709 445 786 ἀνέπτηοοον
469 713 512 784 οἷς
534 711 569 777 τὸ
593 711 773 793 Τυρρηνικὸν
796 714 917 791 κλίμα,
943 723 975 780 ct
998 714 1038 780 ad
1064 724 1103 780 K.
1133 718 1208 780 189.
1252 713 1352 801 Saepe
1373 725 1405 783 et
1426 716 1462 782 in

267 815 403 882 Soboliis
436 816 566 882 Venetis
597 816 637 882 ad
668 816 799 884 iliadem
828 818 929 896 κλίμα
958 819 1096 905 legitur,
1127 829 1162 886 Γ.
1188 823 1252 886 277
1279 824 1351 886 κατ’
1377 820 1461 888 οῖλλο

266 924 386 1001 κλίμα,
411 931 452 988 Τ.
479 927 544 987 aab
568 930 599 988 et
625 927 689 988 223
716 932 748 989 ct
773 922 844 988 aliis
870 924 957 990 locis.
1301 1012 1303 1015 ι

312 1029 346 1095 ln
381 1027 519 1094 Scholiis
552 1030 671 1095 nostris
703 1029 741 1094 ad
775 1028 833 1097 Od.
868 1040 891 1094 Ι.
926 1034 990 1096 λοῖ
1023 1031 1121 1098 semel
1153 1032 1294 1111 πώματα
1322 1031 1457 1118 legitur:

264 1136 484 1217 <broincurtum
508 1131 585 1209 ἦσαν
609 1135 660 1200 καί
685 1136 750 1215 ῖερίο
774 1135 973 1214 πώματα,
998 1136 1052 1202 sed
1080 1148 1113 1203 tu
1138 1138 1244 1205 scribo
1267 1140 1457 1219 ἐκπώματα.

266 1242 301 1308 lu
331 1241 464 1321 ἔκπωμα
496 1261 671 1327 numquam
706 1241 829 1306 scribae
862 1253 1007 1328 peccant.
1038 1243 1123 1309 Curi
1144 1247 1306 1325 ’Έκπομα
1330 1246 1370 1311 iis
1394 1266 1458 1312 nco

266 1355 336 1413 crat
360 1349 392 1412 in
419 1367 499 1425 usu,
528 1348 665 1430 ποτήριον
689 1367 800 1413 omnes
824 1346 983 1414 dicebant.

312 1559 359 1625 bd
383 1570 419 1625 K.
446 1562 512 1625 240
536 1557 727 1625 coaluerunt
752 1560 783 1624 in
813 1577 913 1624 unum
939 1557 1004 1625 duc
1026 1558 1174 1640 Scholia,
1208 1580 1290 1647 quae
1314 1560 1459 1629 adversis

268 1663 427 1731 frontibus
456 1673 666 1731 concurrunt.
716 1665 809 1731 Prius
841 1675 887 1731 est
915 1666 1088 1732 Aristonici
1114 1667 1145 1756 (ἡ
1169 1666 1276 1755 διπλῆ)
1307 1668 1378 1750 πρὸς
1401 1669 1459 1743 την

266 1772 335 1847 ἑξῆς
364 1772 525 1848 οὶίέτηοιν,
557 1769 603 1837 ὅτι
636 1771 671 1837 τὸ
702 1777 795 1848 σῶμα
817 1770 906 1850 μίνον
931 1773 1108 1852 ἠλλοιοῦτο,
1143 1774 1214 1849 ἡδὲ
1236 1777 1328 1857 duxlt
1351 1773 1458 1855 ἔμενεν

266 1877 512 1956 οῖμετοῖβλητος.
538 1884 601 1950 πῶς
627 1875 675 1943 οὖν
699 1876 737 1942 ἂν
761 1878 849 1954 λέγοι

447 1983 491 2049 τοὶ
517 1983 549 2049 δέ
571 2007 618 2055 τις
640 1984 671 2048 ἕν
694 1984 833 2060 eddanum
857 1982 1011 2059 ἀκήλητος
1036 1983 1099 2057 νόος
1122 1986 1203 2054 ἐςίν.

266 2108 361 2174 quem
387 2108 516 2155 versum
542 2098 580 2155 K.
608 2093 673 2154 5r9
699 2088 907 2155 Aristarchus
937 2088 995 2154 boc
1016 2101 1209 2174 argumento
1228 2089 1347 2157 ductus
1367 2088 1458 2157 obelo

266 2194 409 2262 confixit.
458 2194 591 2282 Reliqua
626 2204 702 2262 sunt
724 2204 847 2263 λντικοῖι
872 2220 949 2270 τινος
970 2195 1192 2262 difficultatem
1218 2195 1333 2281 frigide
1355 2205 1387 2262 et
1409 2197 1458 2260 vi-

266 2302 346 2367 tiosa
380 2300 558 2367 subtilitate
592 2301 755 2368 solventis,
809 2303 1023 2389 Porphyrium
1059 2323 1128 2369 esse
1159 2305 1316 2388 suspicor.
1365 2300 1456 2384 Quod

267 2408 298 2471 iu
329 2415 472 2473 extremo
496 2406 622 2473 Scbolic
646 2406 781 2491 legitur:
806 2412 958 2475 σαίνουσιν
981 2407 1080 2489 ὥσπερ
1105 2409 1248 2491 δελφῖνες
1268 2408 1457 2492 φιλάνορα

264 2515 290 2580 δ’
314 2515 381 2579 οὐκ
402 2513 542 2580 ἔλιπον
562 2515 587 2593 β
595 2515 710 2580 ιοτοίν
731 2517 816 2582 κατὰ
835 2517 1001 2596 Πίνδαρον,
1027 2514 1066 2581 dc
1087 2513 1202 2581 Bacchi
1221 2516 1316 2581 sociis
1330 2514 1454 2579 dictum

263 2620 408 2698 videtur,
433 2622 486 2705 qui
514 2621 545 2684 in
571 2619 738 2708 dclpbinos
762 2626 907 2688 conversi
935 2623 1068 2710 (Hymu.
1095 2621 1127 2686 iu
1152 2621 1310 2687 Bacchum
1333 2641 1378 2687 vs.
1401 2624 1455 2685 52.

398 2725 513 2798 ndum
537 2727 617 2804 ὁμῶς
645 2728 785 2803 πήδησαν
810 2727 876 2793 ἐπεὶ
901 2724 1115 2801 linctionibus
1140 2725 1209 2793 δῖαν

399 2831 541 2915 δελφῖνέο
562 2835 592 2898 τ’
616 2833 765 2921 ἐγένοντο)

264 2948 371 3003 tamen
397 2937 527 3003 humani
549 2941 673 3026 occario
695 2961 834 3006 amorem
856 2961 915 3006 non
941 2939 1064 3005 acuisse
1087 2959 1105 3005 a
1129 2936 1266 3004 Pindaro
1285 2937 1454 3005 dicuntur.

310 3149 457 3217 Scholion
482 3138 521 3216 ud
539 3152 574 3217 lt.
600 3151 622 3215 l.
650 3155 726 3217 455.
753 3152 951 3232 ’Λριςίδημος
973 3153 987 3217 o‘
1008 3151 1152 3225 Ννοαεὺο
1172 3151 1267 3233 ῥητωρ
1286 3176 1323 3216 τε
1345 3152 1457 3217 dona

261 3258 313 3323 καὶ
344 3257 755 3338 γραμματικός-ἐπενόησε
790 3261 917 3341 γραφὴν
948 3260 1003 3334 την
1036 3268 1081 3340 τῇ
1102 3260 1142 3323 οὐ
1165 3257 1340 3336 πιθόμην
1363 3258 1456 3323 οὐδὲ

262 3361 394 3444 ἔρεξα.
444 3363 555 3431 Scribe
579 3372 675 3429 ΑΜΑ
698 3383 756 3449 pro
781 3374 902 3430 ΑΛΛΛ
927 3375 958 3430 et
981 3363 1124 3441 ἐπενόησε
1147 3364 1327 3447 γράφειν

577 3481 616 3555 τῇ
640 3472 674 3536 οὐ
695 3468 825 3549 πιίίμην
848 3470 923 3537 οὐδ’
947 3468 1054 3551 ἔρξον.

309 3680 423 3771 Odyss.
458 3694 496 3750 X.
531 3687 608 3748 403.
634 3682 798 3763 βεβρωκὼς
822 3682 911 3761 dodo:
941 3680 1040 3760 ὅμοιον
1062 3683 1104 3765 τῷ
1130 3680 1231 3763 »lopo
1254 3683 1325 3764 πίης
1347 3680 1455 3749 οῖνοιο”

262 3798 414 3872 προορενη
439 3789 501 3870 γαρ
524 3789 559 3853 τὸ
583 3796 742 3873 φαγεῖν
764 3789 816 3853 καί
843 3797 948 3855 πιεῖν
968 3787 1105 3854 Ἀττικοί
1127 3788 1279 3867 λέγουσιν.
1322 3789 1456 3874 Corrige

263 3896 363 3978 »ὄφρα
395 3896 480 3962 πίοι
512 3893 633 3961 οίοοιο.”
681 3893 738 3961 od.
768 3906 806 3960 X.
836 3901 887 3960 tl.
919 3894 974 3961 scd
999 3893 1075 3982 quid
1100 3894 1161 3960 sibi
1187 3893 1255 3960 vult
1279 3894 1453 3976 προοηενιῑί

264 4001 448 4068 Ridiculum
481 4002 597 4067 vitium
631 4000 729 4067 uides.
784 4000 949 4087 Scriptum
981 4009 1051 4067 erat
1078 3999 1151 4083 πρὸς
1174 3984 1216 4079 ᾗ,
1242 3999 1325 4088 quod
1351 4021 1454 4087 quum

262 4108 417 4173 librarius
455 4128 517 4172 non
551 4106 745 4191 intelligeret
775 4116 927 4188 προομενιῖ
963 4106 1002 4172 de
1034 4127 1091 4173 suo
1124 4105 1213 4172 dedit
1242 4108 1310 4171 sine
1342 4126 1453 4172 sensu.

264 4213 432 4298 Significat
463 4223 571 4278 autem
599 4213 672 4293 πρὸς
695 4216 836 4294 μενικηι,
863 4235 976 4300 nortona
1000 4214 1034 4279 τὸ
1058 4220 1178 4297 mayolo
1201 4212 1254 4278 καί
1278 4221 1359 4279 πιεῖν
1381 4233 1455 4278 oum

261 4320 396 4408 genitivo
419 4321 566 4385 construi
589 4318 673 4406 apud
699 4320 822 4386 Atticos
846 4319 958 4387 solere.

742 4424 1012 4513 (Continuobiturl
