3244 5012
284 352 352 419 298
774 358 979 421 ”Ananis

286 542 412 614 ἓκιίςους
445 543 563 613 ίππίοις
594 543 650 618 μὲν
681 542 934 621 σισσιιριίιιοντοι,
968 542 1134 613 rennuente
1159 542 1191 606 dd
1213 540 1474 620 ίγδοιίκονσοι.ἦν

287 651 317 714 δὲ
343 651 359 724 ἡ
383 648 483 723 πέλτη
504 650 598 722 ιίσσιίς
624 649 688 713 ίσυν
713 651 766 714 οὐκ
791 649 909 731 ἔχουσιι
934 650 1130 730 ἐπίχαλκον,
1156 650 1248 725 οιίγὸς
1268 649 1398 728 δέρματι
1419 675 1473 714 σοι

286 760 490 836 ρυσεσοιμέννς.
522 758 595 820 Καὶ
626 756 698 835 τρί’
720 757 896 821 οὶκίντιοι
920 756 937 831 ἢ
962 757 1078 835 μοικοὸυ
1103 756 1168 834 δίου
1193 756 1310 828 πάντες
1333 756 1474 837 ἐφόρουν.

287 854 301 924 ὃ
325 861 447 943 σχέδιον
471 863 625 927 εἰιοιλεῑτο.

331 967 411 1034 Ibid
444 969 484 1035 ad
518 990 549 1033 ν.
574 965 650 1033 248.
687 967 825 1033 alterum
847 969 1066 1056 fragmentum
1088 967 1276 1046 Menandri,
1301 972 1327 1034 εί
1351 973 1398 1047 μὴ
1422 994 1476 1047 ya-

287 1084 356 1153 μείς
387 1075 450 1155 γὰρ
482 1073 620 1153 ἔσχατον
652 1072 754 1154 νόμιζέ
787 1099 829 1149 με
862 1077 986 1152 Φρυγῶν
1016 1080 1131 1138 Μυσῶν
1160 1078 1207 1139 eie
1238 1076 1476 1162 corrigendum:

287 1180 423 1262 ἔσχατον
456 1178 557 1259 νίμιζί
590 1204 631 1257 με
658 1180 751 1259 Φούγ’
776 1178 849 1244 tica
874 1186 997 1244 Μυσῶν.
1034 1178 1151 1245 Servus
1176 1181 1214 1245 de
1237 1186 1333 1268 gente
1357 1202 1417 1248 sua
1437 1184 1477 1247 ie

288 1295 378 1353 catur
407 1286 485 1351 dnm
516 1286 610 1351 herili
638 1285 704 1352 filio
733 1289 894 1372 promittit
917 1309 950 1352 ae
974 1284 1100 1372 puellae
1125 1307 1221 1370 quam
1245 1279 1332 1352 amat
1357 1291 1476 1372 copiam

288 1393 338 1458 illi
361 1393 532 1459 facturum.

334 1499 384 1564 Ad
415 1496 547 1564 Medeae
578 1520 609 1564 v.
635 1496 710 1564 738.
737 1507 838 1563 κεῖσοιι
862 1496 910 1564 οὖν
935 1503 951 1575 ἡ
975 1497 1057 1574 λε’ξις
1085 1498 1388 1587 (inexspectatum)
1413 1502 1475 1565 ιὶνσί

289 1610 341 1671 τοῦ
373 1613 427 1678 τῆς
456 1604 585 1685 φιλίοις.
618 1614 657 1685 τῇ
693 1604 725 1668 δὲ
756 1606 857 1688 εὐθείᾳ
889 1606 960 1671 ἀντὶ
992 1604 1303 1687 δοτικῆςκκίχρνιτοιι.
1334 1604 1396 1672 ἔδει
1420 1608 1478 1685 γιὶο

290 1716 404 1778 είνιεῖν·
430 1714 481 1776 acl
507 1718 569 1783 τοῖς
595 1713 871 1791 ἕπικνρυιιειίμοισιν
895 1713 949 1775 οὐκ
972 1711 1010 1776 ἂν
1037 1712 1139 1776 πίθοιο.
1178 1711 1312 1787 Δίδυμος
1331 1713 1365 1777 δέ
1389 1720 1479 1795 φησιν

292 1821 446 1884 ἐλλείπειν
470 1821 524 1892 τὴν
549 1816 636 1893 διιί,
657 1818 708 1881 διὰ
732 1818 774 1881 τοὶ
799 1820 1081 1899 ἕπικνουιιεύμοιτοι.
1109 1818 1240 1895 „Paullo
1263 1826 1332 1882 ante
1355 1821 1479 1901 ίσμίίιιι,

291 1928 397 2011 inquit
419 1923 607 2001 Elmsleins,
633 1924 677 2000 μὴ
702 1924 818 2000 taetras
841 1927 872 1989 δὲ
896 1926 988 2005 φίλος
1011 1924 1108 2002 γένοιο
1133 1925 1238 1997 οιύτοῑς
1262 1925 1313 1990 διὰ
1336 1932 1392 1990 τοῦ
1417 1926 1479 1989 ἐσι-

290 2032 539 2112 κνουιιειίμοισος.
577 2028 655 2093 θέλει
686 2030 784 2093 είπείν
812 2032 880 2094 cinci
910 2037 962 2095 τοῦ
996 2031 1290 2110 ἕπικνουκειίμοισιν.
1328 2034 1431 2095 λείπει
1463 2034 1477 2105 l

291 2141 368 2205 διοί.
405 2139 493 2202 Latet
523 2137 572 2199 hic
603 2136 724 2221 adquin
749 2139 828 2222 qnod
849 2139 996 2201 οισονίοοοο
1017 2136 1155 2223 νισοιιοο.”
1188 2135 1259 2202 Hoc
1282 2136 1400 2203 saltem
1422 2158 1479 2202 nen

290 2246 386 2322 lacet,
419 2242 503 2329 quod
535 2248 566 2308 et
597 2241 770 2307 Elmsleius
793 2243 892 2321 vidit,
918 2244 1205 2323 κοίπικνρυκειίμοισι
1229 2263 1290 2308 non
1313 2264 1382 2310 esse
1405 2248 1479 2310 anti·

290 2372 386 2437 qnam
421 2350 590 2416 lectionem
627 2369 777 2433 eamque,
813 2370 1031 2435 quaecumque
1061 2338 1175 2426 faerit,
1212 2370 1231 2414 a
1260 2352 1478 2437 grammaticis

290 2458 499 2543 quibusdam,
526 2456 656 2521 fortasse
680 2457 778 2519 etiam
799 2477 817 2520 a
840 2455 998 2543 Didyme,
1023 2476 1085 2521 non
1109 2456 1148 2520 ad
1171 2457 1224 2521 οὖν
1249 2455 1287 2520 ἂν
1311 2458 1407 2521 σίίοιο
1431 2455 1479 2520 sed

290 2566 330 2630 ad
359 2561 450 2645 φίλος
480 2564 573 2640 γένοι’
599 2560 636 2624 ἄν
659 2564 814 2645 pertinere
839 2563 1001 2627 creditam.
1039 2561 1129 2641 Quod
1154 2559 1222 2625 fieri
1244 2582 1305 2627 non
1328 2565 1481 2647 potuisset

290 2673 317 2735 si
341 2672 394 2734 ιιοιί
417 2669 463 2734 ibi
486 2667 648 2756 legissent.
685 2667 797 2732 Restat
825 2670 928 2754 igitur
950 2674 987 2732 nt
1010 2668 1311 2743 σιίσιιιηουκείμιοσιι
1335 2668 1479 2756 legerint

290 2774 353 2840 Sed
383 2776 442 2840 hoc
474 2793 618 2839 concesso
651 2775 703 2837 οὐκ
731 2773 769 2835 ἂν
794 2774 887 2838 σίίοιο
912 2773 1020 2838 sedem
1043 2774 1208 2857 antiquam
1232 2779 1411 2840 mutaverit
1433 2795 1481 2839 ne

291 2902 374 2947 cesse
397 2888 454 2946 est.
490 2878 543 2957 Si,
569 2900 649 2964 qnae
672 2878 729 2943 illa
751 2879 865 2956 fuerit,
891 2878 1061 2965 diligenter
1084 2899 1230 2964 quaeres,
1256 2881 1400 2948 mirabor
1422 2883 1480 2945 nisi

289 2991 323 3051 in
343 2987 480 3052 eundem
504 3006 655 3050 veranum
680 2986 823 3050 ordinem
847 2985 967 3050 incides
990 3005 1085 3070 quem
1108 3006 1191 3050 nnnc
1214 3006 1399 3072 proponam.

472 3094 620 3156 πέποιθα.
646 3092 759 3155 Πελίου
785 3092 811 3155 δ’
837 3089 942 3172 ἕχίρίς
968 3091 1014 3157 ἐςί
1037 3113 1089 3166 μοι
1113 3090 1204 3168 δόμος

473 3198 570 3276 Κρέον
594 3223 648 3261 τε.
673 3198 789 3270 τούτοις
814 3198 841 3262 δ’
866 3197 985 3276 ὁρκίοισι
1009 3200 1067 3274 μὲν
1092 3194 1196 3275 ζυγείς

472 3306 524 3368 οὐκ
548 3302 585 3369 ίιν
611 3304 702 3367 πίθοιο
727 3304 1048 3381 τιίνσικνρυκεύμιιτοι.

471 3409 574 3487 λόγοις
599 3410 629 3473 δὲ
655 3409 784 3486 συμβὰς
809 3411 860 3473 κοιὶ
887 3411 956 3474 θεῶν
981 3408 1135 3486 ιίνοίμοτος

471 3518 563 3596 φίλος
586 3514 679 3592 γένοι’
703 3513 758 3577 ι’ίν.
784 3515 876 3592 σοὶμίι
898 3516 1040 3593 μὲνγὰρ
1064 3517 1191 3589 ιὶσίενῆ,

471 3630 534 3693 τοῖς
558 3622 586 3686 δ’
610 3620 702 3697 ὄλβος
726 3621 770 3687 ε’ςί
793 3621 845 3684 καί
871 3620 960 3698 δόμος
986 3621 1171 3700 συροιννικίς.

290 3730 379 3797 vides
409 3729 460 3794 his
491 3729 626 3812 receptis
656 3725 740 3791 nihil
766 3747 845 3811 opus
867 3727 932 3792 fore
956 3726 1093 3813 Didymi
1118 3732 1378 3813 caeterorumque
1400 3748 1481 3793 eom·

290 3838 424 3912 mantis,
450 3835 600 3921 qnoniam
623 3830 761 3896 πιίίσίιιι
785 3832 846 3896 τινί
870 3855 899 3895 τι
924 3832 977 3899 vel
999 3835 1107 3918 pneris
1130 3839 1260 3910 notum;
1286 3832 1400 3899 deinde
1421 3833 1481 3898 Eu·

289 3943 426 4028 ripidem
456 3938 585 4006 tandem
608 3937 778 4025 aliquando
800 3940 916 4026 pingui
938 3960 1070 4005 munere
1090 3938 1263 4005 liberatum
1288 3959 1373 4017 esse,
1399 3938 1480 4025 quod

289 4049 340 4114 illi
363 4049 459 4135 homo
481 4048 683 4133 ingeniosus,
709 4051 879 4130 postquam
901 4047 955 4110 οὐκ
979 4044 1017 4109 οἰν
1042 4046 1135 4110 πίθοιο
1161 4050 1193 4110 et
1217 4046 1310 4124 φίλος
1331 4045 1424 4122 γένοι’
1446 4043 1481 4107 ιίν

289 4175 361 4220 snas
392 4155 475 4218 inter
506 4172 539 4217 se
569 4152 657 4217 sedes
687 4158 869 4236 permutare
900 4156 1008 4216 coacta
1039 4156 1130 4228 sunt,
1163 4171 1264 4236 quum
1292 4153 1481 4215 sententiam

290 4261 379 4326 hiare
401 4259 542 4334 videret,
568 4257 607 4322 de
630 4279 687 4323 eun
710 4257 848 4345 largitus
872 4266 938 4322 est:

562 4362 690 4439 ἄγουσιν
715 4365 747 4428 οὐ
773 4365 875 4437 μείείς
900 4362 938 4429 ἂν
962 4364 997 4427 ἐκ
1020 4362 1118 4440 γοοίοος
1145 4362 1209 4439 ε’μέ.

337 4469 467 4537 Scilicet
498 4469 646 4534 credebat
676 4472 704 4533 si
734 4472 856 4546 μείεῖτε
887 4470 952 4535 dici
981 4474 1105 4554 poterat
1131 4488 1188 4554 pro
1211 4470 1373 4546 μείείηιε,
1403 4464 1483 4534 nihil
