3276 5006
285 334 329 403 92
659 350 702 397 nn
725 350 858 402 sromn
880 348 1104 400 rsonmnemn.

286 524 365 588 dum
388 524 431 588 sit
451 525 547 587 ΘΕῶν
569 519 730 601 ἐμπειρίαν
754 519 888 599 λαβεῖνί
922 520 1008 610 Ergo
1029 521 1131 586 scribe
1155 519 1271 584 Ἐθῶκ
1306 518 1391 585 Tum
1409 539 1468 586 cor·

285 631 356 714 rige
387 625 559 706 γυμνοίτΛί
591 625 650 689 τὰν
677 623 810 690 διοίνοιαν
832 646 890 711 pro
913 625 1155 704 γυμναοαιΤΟ,
1178 630 1216 689 ut
1238 627 1349 689 statim
1371 618 1470 690 emenss

286 732 360 797 dato
380 729 501 819 legitur
524 729 610 804 εὐθὺς
635 731 669 794 ἐκ
694 729 763 795 νέων
789 728 870 816 (νέον)
895 729 1079 809 punctione
1102 730 1161 795 τοὶν
1180 728 1324 795 διάνοιαν.
1359 728 1396 794 ln
1414 727 1471 794 fine

285 835 348 902 loci
377 837 479 902 insere
506 837 717 901 necessarium
748 834 921 900 articulum
948 835 1078 901 δύναται
1101 835 1116 900 ί
1139 835 1196 913 μὲν
1220 833 1312 910 λόγος
1336 834 1395 899 ταν
1417 856 1470 897 κα·

286 940 362 1008 cccc
385 941 508 1021 ίοαρίαν
532 937 733 1020 ὑπογράφει,
757 939 780 1004 οὶ
801 937 828 1003 δ’
852 939 997 1019 ἐμπειρία
1020 945 1107 1020 (ΤΑ)
1133 941 1202 1004 καθ’
1225 934 1324 1006 ema
1348 941 1451 1017 κρίνον.

332 1134 369 1199 In
402 1133 497 1200 dictis
529 1133 654 1198 Biantis
682 1132 740 1198 III.
773 1131 826 1198 79.
859 1133 887 1215 ζ.
921 1133 988 1213 περὶ
1021 1136 1091 1199 θεῶν
1121 1133 1197 1211 λέγε
1228 1135 1267 1205 ὦς
1298 1131 1359 1198 τίτί
1382 1131 1473 1220 [troil.

231 1237 233 1241 ’
285 1242 431 1325 ineptum
465 1237 626 1304 emblema
658 1257 814 1325 expungo.
862 1234 981 1304 Contra
1013 1245 1085 1323 post
1115 1259 1216 1324 peuce
1249 1234 1325 1307 ὅταν
1358 1238 1472 1316 ἀγαθὸν

285 1343 426 1426 epicope
457 1341 539 1415 θεοὺς
565 1345 610 1421 μὴ
633 1341 746 1407 ταυτὸν
769 1342 876 1421 αἰτιῶ,
899 1349 938 1408 ut
959 1345 1001 1408 sit
1024 1341 1146 1410 Graece
1167 1346 1267 1410 oratio
1288 1345 1475 1411 ccinaeren·

286 1450 367 1515 dum
397 1443 472 1513 ὅταν
503 1446 622 1524 alyatte
652 1455 698 1511 Ti
722 1445 882 1528 Πριίοορς,
907 1449 991 1533 quod
1012 1469 1069 1513 cur
1091 1449 1243 1514 exciderit
1265 1447 1363 1513 vidos.
1387 1447 1474 1513 Dios·
1599 1446 1600 1455 ’

203 1629 211 1643 ·
286 1555 364 1620 bunt
387 1550 420 1619 οὗ
443 1550 591 1633 τροίττοιν
614 1558 646 1616 et
668 1550 817 1630 τροίττειν
840 1552 959 1629 cyano
981 1562 1049 1630 Ti,
1072 1559 1110 1618 ut
1128 1553 1214 1638 opud
1233 1552 1475 1638 Aristophanem

286 1661 323 1723 in
343 1659 423 1724 Pace
443 1677 490 1723 vs.
517 1656 594 1721 215.

468 1762 493 1825 εί
518 1760 544 1826 δ’
568 1756 609 1826 αὖ
632 1784 664 1826 τι
689 1756 839 1840 πράξαιτ’
862 1762 981 1838 sycon
1003 1763 1207 1828 ἁττικωνικοί.

289 1873 322 1933 st
340 1865 491 1931 similitor
514 1868 547 1929 in
569 1864 748 1929 similibus:
772 1863 886 1946 noceto
909 1889 939 1931 τι
961 1865 1127 1946 τροίττειν,
1148 1866 1245 1931 καλόν
1262 1889 1292 1931 τι
1312 1865 1476 1945 πράττειν,

288 1968 413 2051 τερτνίν
444 1993 475 2033 τι
503 1972 613 2035 ταίεῑν
643 1974 716 2034 cett.
750 1971 783 2032 in
810 1970 925 2053 quibus
949 1972 1097 2036 omnihus
1119 1993 1149 2034 τι
1172 1972 1319 2037 additum
1341 1992 1477 2038 neeesse·

289 2077 375 2140 rium
399 2080 457 2140 est.

334 2252 372 2318 In
402 2252 512 2318 Floril.
544 2252 601 2318 III.
635 2250 678 2317 93
702 2252 777 2318 boni
798 2252 875 2319 libri
898 2255 1049 2320 exhibent
1071 2255 1197 2333 αοίλιτα
1220 2256 1478 2322 ΠΡΟΜελεῖσίαι

289 2358 352 2439 χρή
383 2358 447 2422 κτὲ.
478 2357 562 2441 quod
589 2378 689 2442 quum
712 2377 775 2421 non
797 2364 880 2423 esset
902 2357 1063 2425 Graecum
1085 2363 1119 2424 irr
1142 2360 1354 2438 ἐπιμελεῖσθαι
1377 2368 1480 2428 mnte-

289 2470 361 2528 tum
384 2467 433 2529 est
454 2464 531 2527 setis
553 2461 684 2538 leviter,
709 2466 742 2527 et
765 2465 801 2526 tu
823 2483 937 2548 repone
959 2465 1213 2544 τρομΗΘεῑσίαι.

334 2641 452 2708 Incerti
474 2646 585 2726 polites
606 2641 783 2707 versiculus
804 2642 858 2706 lv.
883 2642 960 2708 21⁸:

282 2770 288 2781 ·
378 2766 387 2779 ’
425 2744 561 2812 τολλοίκι
584 2770 628 2811 τοι
652 2746 705 2811 καί
729 2746 826 2827 μωρὸς
850 2750 923 2828 ανὴρ
948 2750 1179 2829 ΚΑΤΛκαίριον
1203 2746 1308 2825 εἶτον,

286 2853 459 2939 pristinum
495 2854 633 2917 nitorem
669 2856 702 2916 et
733 2851 875 2937 leporem
908 2856 1040 2940 recipiet
1069 2854 1125 2919 ubi
1152 2856 1322 2920 correxeris
1351 2862 1481 2919 ΜΛΛΑ

289 2957 401 3035 καίριον
420 2952 525 3022 εἶτεν.
546 2976 622 3021 nam
641 2956 753 3034 καίριον
772 2957 869 3023 εἰπεῖν
889 2959 966 3041 quid
985 2961 1028 3023 sit
1039 2961 1190 3024 novimus
1201 2965 1239 3023 ut
1250 2961 1283 3023 in
1295 2960 1481 3024 notissimo:

515 3060 609 3140 χωρίς
633 3058 669 3124 τί
691 3060 722 3124 τ’
746 3062 972 3128 εἰπεῖνπολλὰ
997 3062 1049 3127 καί
1073 3063 1108 3128 τὸ
1132 3066 1251 3145 καίρια.

287 3165 343 3231 sod
365 3164 566 3244 κατακαίριον
589 3163 672 3229 nihil
695 3170 753 3230 est.

333 3341 370 3408 ln
393 3342 503 3409 Floril.
527 3342 581 3408 IV.
602 3340 656 3408 23.
680 3365 719 3409 ex
741 3343 906 3429 Sophoclis
928 3347 1025 3412 Aiace
1048 3346 1192 3413 affertur:

206 3436 209 3442 ¹
511 3450 536 3514 οί
560 3448 622 3528 γὰρ
646 3449 734 3514 κακοί
759 3449 914 3528 γνώμαισι
936 3451 1107 3527 version
1130 3459 1232 3531 χεροῖν

516 3553 640 3635 ἔχοντες
664 3555 718 3619 οὐκ
741 3552 825 3619 ίταοι
851 3555 918 3632 τρίν
942 3576 989 3625 τις
1011 3554 1154 3638 ἒκβοίλρ.

286 3682 350 3728 non
381 3660 474 3726 aliter
503 3661 660 3744 scriptum
682 3664 731 3724 est
752 3661 786 3723 in
810 3657 976 3743 Sophoclis
999 3655 1115 3725 Codice
1136 3662 1230 3725 unico
1253 3680 1300 3725 vs.
1325 3659 1402 3726 964.
1426 3662 1482 3727 sed

284 3786 382 3834 nemo
415 3762 603 3829 mortalium
637 3761 776 3840 τάγαθόν
810 3764 946 3827 mnibus
979 3768 1084 3829 tenere
1113 3770 1218 3849 potest
1245 3786 1346 3850 neque
1375 3766 1409 3831 id
1443 3787 1481 3831 ex

286 3871 436 3938 monibus
470 3868 554 3935 elohi
586 3873 700 3954 potest.
747 3865 835 3932 Olim
865 3870 899 3931 in
937 3867 1008 3932 γον.
1040 3869 1134 3933 Lecti.
1165 3889 1275 3953 veram
1309 3869 1481 3936 lectionem

287 3978 397 4063 sperui
425 3972 544 4053 feteo
574 3976 642 4039 ἘΝ
674 3980 797 4053 χεροῖν,
830 3973 885 4037 sed
911 3972 1074 4039 Dindorfio
1096 3995 1159 4040 non
1180 3975 1330 4060 probavi,
1355 3976 1411 4060 qui
1434 3980 1482 4040 ts-

281 4102 377 4159 mcn,
399 4082 427 4146 si
447 4081 518 4165 quis
538 4077 639 4154 elius,
658 4078 777 4143 sciebat
796 4098 863 4142 esse
882 4076 1005 4161 aliquid
1023 4079 1106 4143 inter
1125 4079 1265 4156 ταναίίν
1282 4085 1314 4145 et
1333 4082 1484 4158 ταναία,

288 4205 390 4269 neque
412 4203 548 4270 usquam
572 4182 702 4247 dubiem
726 4186 759 4247 et
782 4184 953 4267 ancipitem
978 4202 1045 4247 esse
1068 4185 1152 4248 inter
1173 4185 1250 4250 haec
1274 4187 1444 4270 optionem.

512 4287 601 4362 αἰαῖ,
623 4285 686 4351 τίδ’
710 4286 765 4361 ἤδη
790 4290 864 4352 ίεῑον
887 4287 1048 4366 ανίριίτοις
1072 4288 1189 4365 κακόν,

517 4387 591 4453 ὅταν
613 4414 660 4463 τις
684 4391 746 4473 εἰδῇ
773 4390 911 4467 ripato
934 4399 1051 4471 χρῆται
1074 4390 1105 4456 δὲ
1128 4394 1184 4471 μή.
