3340 5014
273 356 350 422 ‚tro
751 377 789 422 su
813 377 1015 425 rnucrorosn.

281 543 404 611 dicium
429 554 490 611 est.
538 543 618 610 Nam
647 542 758 611 eodem
784 545 854 612 iure
879 546 999 613 Graeco
1023 547 1113 614 dicas
1138 547 1229 621 κθπας
1256 551 1368 631 αἱρεῖ
1388 573 1477 626 τινα,

281 671 345 738 quo
369 650 490 717 dieitur
514 648 604 725 θπννς
631 652 742 732 αίρεῖ
762 677 850 729 τινα,
875 652 1004 719 similia.
1051 654 1187 721 Frustra
1213 655 1314 742 igilur
1335 655 1477 722 serle-

279 754 434 840 ρρεσθαι
458 758 594 824 coniecit
619 757 797 842 llrtigerus.
823 797 864 808 -
886 759 1055 846 Proprium
1079 758 1137 826 liae
1158 760 1190 825 iu
1218 780 1252 827 re
1271 762 1404 827 verbum
1427 771 1476 829 est

282 863 390 955 (αθπῳ)
415 866 649 948 παρεῖσθαι.

324 972 401 1059 Cup.
427 976 468 1037 42
493 990 594 1053 paene
619 969 720 1037 used:
753 971 767 1037 θ
794 972 826 1038 δὲ
850 971 1045 1051 Δημοσθένης
1070 971 1136 1037 idcir
1156 974 1195 1045 ὥς
1217 968 1289 1056 εἶχε
1307 972 1350 1039 rai
1370 973 1476 1055 πριίρ-

236 1072 239 1079 ’
279 1102 374 1159 ματα
397 1077 450 1143 καὶ
474 1076 604 1156 νομίσας
632 1078 673 1143 αὖ
681 1103 708 1160 χ
732 1073 811 1144 σίθν
831 1101 872 1142 σε
896 1074 973 1143 εἶναι
998 1079 1166 1160 διατρίβειν
1188 1080 1253 1145 οὐδὲ
1274 1082 1383 1146 παθεῖν
1402 1076 1475 1164 ὅπερ

279 1183 293 1248 θ
327 1183 438 1257 Νικίας
464 1181 587 1249 ἔπαθεν.
638 1182 819 1249 Badhamus
851 1184 988 1250 coniecit
1012 1185 1181 1270 legendum
1207 1205 1289 1252 esse:
1316 1187 1359 1252 σθ
1391 1210 1473 1252 και·

277 1289 340 1370 ρδν
374 1285 468 1365 είναι,
510 1297 566 1354 aut
607 1287 765 1355 excidisse
805 1287 877 1355 ἄνευ
916 1290 1048 1357 κινδθνσν
1088 1292 1234 1358 simileve
1270 1290 1364 1378 quid;
1397 1311 1470 1380 qua·

277 1412 350 1459 rum
390 1394 610 1480 suspicionum
654 1403 769 1461 neutra
802 1415 918 1482 magua
952 1399 1017 1463 reri
1053 1398 1159 1483 specie
1190 1418 1224 1464 se
1255 1397 1470 1466 commendat.

280 1499 445 1565 Sententia
475 1498 553 1565 lraec
578 1509 643 1568 est:
678 1500 840 1568 iudicabat
865 1501 1096 1569 Demosthenes
1122 1512 1264 1590 tempora
1290 1523 1360 1571 esse
1383 1507 1472 1571 eius·

282 1605 389 1683 modi,
420 1616 455 1670 ut
487 1606 611 1672 omnino
639 1629 698 1673 non
721 1617 903 1694 poterentur
927 1607 1065 1674 similem
1092 1628 1255 1683 errorem,
1279 1610 1350 1676 eius
1374 1631 1469 1698 quern

275 1710 350 1777 olim
377 1711 485 1778 Nicias
505 1713 721 1778 conuuiserat.
759 1712 846 1779 Talis
864 1711 980 1799 agendi
1002 1711 1135 1794 modus,
1158 1713 1265 1781 liubila
1288 1726 1469 1803 temporum

276 1819 418 1895 ratione,
443 1827 480 1883 nt
504 1818 723 1886 semilrarlraro
748 1829 822 1885 utar
846 1817 1023 1898 vocabulo,
1047 1817 1235 1887 lactnserat
1247 1823 1466 1908 impossibilis,

276 1924 296 1989 i.
315 1943 343 1989 e.
365 1926 425 2004 σθχ
446 1919 504 1990 σίθν
523 1949 569 1991 πε.
594 1924 627 1992 Si
653 1923 730 2011 quid
744 1934 851 1992 tamen
865 1925 1219 2004 omniuomutaudum,
1240 1927 1465 2013 praetulerim:

275 2030 289 2095 θ
314 2029 345 2096 δὲ
370 2029 564 2108 Δημοσθένης
585 2032 653 2098 tem
672 2033 711 2107 ὡς
732 2028 802 2112 εἶχε
820 2031 864 2098 ric
885 2029 1066 2113 πράγματα
1086 2032 1138 2100 καί
1159 2035 1287 2113 νομίσας
1306 2037 1381 2118 οὐχ
1401 2030 1466 2101 σία

207 2162 217 2179 r
274 2131 352 2201 είναι
376 2135 545 2218 διατρίβειν
575 2137 610 2227 (i.
642 2157 668 2203 e.
690 2139 874 2205 adsarcire
894 2135 1247 2229 είναιιῖίςεδιαπρίβειν)
1267 2140 1332 2207 οὐδὲ
1356 2144 1465 2208 παθεῖν

273 2238 346 2323 ὅπερ
371 2242 385 2307 θ
408 2242 522 2316 Νικίας
546 2243 670 2311 ἔπαθεν.

287 2379 291 2383 ’
321 2345 401 2434 Gap.
429 2351 469 2414 47
496 2347 589 2415 ured.:
613 2351 656 2433 epi
680 2344 730 2416 νῦν
754 2349 939 2430 Δημοσθένει
962 2338 1016 2417 orie
1040 2349 1134 2418 ἔδθκει
1158 2349 1203 2419 ἔπι
1226 2362 1339 2435 χρῆναι
1350 2352 1464 2435 μίνειν,

272 2454 347 2519 αλλ’
376 2449 468 2535 ὅπερ
487 2455 539 2521 καί
570 2455 733 2532 διανοηθείς
765 2456 795 2529 ἐς
827 2456 887 2531 rire
910 2456 1085 2530 Ἐπιπσλθισ
1108 2458 1464 2540 διακινδυνεῦσαι,

271 2559 375 2636 ίπειδῖρ
399 2558 560 2643 ἔσφαλτσ,
586 2561 710 2628 σῖπιέναι
735 2560 907 2645 ἐψηφίζετο
931 2564 983 2629 καί
1008 2565 1053 2643 μὴ
1078 2563 1257 2646 διατρίβειν.
1295 2564 1383 2631 lusto
1405 2563 1465 2630 du·

267 2665 334 2731 rior
367 2663 511 2744 ridetur,
547 2686 644 2754 quam
678 2667 728 2733 lrio
763 2669 955 2753 interpretes
987 2668 1188 2749 admittunt,
1220 2672 1351 2737 omissio
1375 2669 1463 2736 verbi

266 2769 347 2853 ἔφη,
372 2770 457 2837 unde
473 2788 650 2858 suspensos
675 2774 717 2838 sit
745 2771 926 2839 luflnitirus
950 2774 1210 2854 διακινδυνεῦσαι,
1232 2775 1315 2864 quod
1331 2774 1462 2842 veritum

267 2877 295 2943 si
330 2896 391 2943 non
417 2877 556 2956 excidit,
590 2889 624 2945 ut
650 2878 743 2945 iacile
768 2878 917 2946 excidere
943 2882 1046 2967 potuit
1073 2892 1150 2950 aute
1174 2882 1279 2949 simile
1303 2882 1464 2960 irretiri,

268 2980 475 3048 scribendum
509 2979 638 3052 ridetur
671 2994 724 3052 aut
751 2985 1083 3054 διεκινδύνευσεν
1108 3009 1183 3055 cum
1208 2987 1300 3055 codd.
1328 2988 1402 3065 BG,
1429 2996 1463 3054 nt

267 3087 390 3154 dietum
430 3089 473 3154 sit
507 3109 545 3156 ex
579 3092 681 3180 ipsius
709 3093 852 3158 urrctoris
884 3100 1008 3172 ruente,
1043 3103 1101 3161 aut
1127 3096 1464 3163 anaximenem

269 3194 351 3295 (sire
377 3192 511 3261 lormam
546 3197 577 3262 iu
604 3195 742 3285 pedestri
769 3197 913 3263 oratioue
937 3208 1080 3265 veterum
1108 3202 1288 3268 Atticorum
1315 3201 1464 3268 usitatio·

272 3320 340 3367 rem
371 3299 638 3370 διακινδυνεύσειεν
662 3303 882 3390 praetuleris),
914 3303 953 3369 de
976 3306 1063 3391 quali
1088 3305 1228 3395 Oplalivi
1254 3326 1315 3374 usu
1337 3308 1369 3376 in
1394 3328 1463 3373 ora·

270 3407 357 3473 tione
390 3405 517 3495 obliqua
556 3408 745 3477 consulatur
772 3408 926 3476 llattlriae
949 3410 1002 3477 Gr.
1028 3411 1083 3479 Gr.
1110 3411 1134 3503 §
1160 3418 1236 3481 529.
1261 3412 1374 3481 Verto:
1399 3413 1463 3481 llo·

267 3512 421 3580 mosileni
452 3516 552 3601 ipitur
578 3537 640 3581 nou
670 3517 770 3581 cisum
803 3525 848 3581 est
872 3536 998 3583 monere
1021 3517 1160 3600 diritius,
1184 3520 1239 3586 sed
1263 3521 1463 3609 quodetiam

265 3621 372 3686 auimo
393 3621 518 3710 opitous
541 3622 583 3689 od
606 3622 758 3710 Epipolas
778 3622 853 3688 netto·
867 3614 1032 3711 'fortunam
1053 3634 1214 3703 tentasset,
1238 3647 1273 3692 rc
1291 3626 1375 3693 mole
1394 3647 1461 3714 pes·

268 3738 299 3793 tc
322 3728 498 3795 αθαιιπθιιιιι
519 3750 584 3795 esse
606 3729 757 3795 censebat.

313 3833 389 3921 Gap.
416 3837 457 3899 49
483 3835 592 3902 initio:
618 3835 671 3901 sai
700 3832 771 3916 σ’ίρια
795 3843 866 3909 σαῖς
890 3841 966 3916 γοῦν
989 3838 1095 3904 ναυσίν
1117 3838 1134 3915 ἢ
1160 3836 1299 3922 πρθπερσν
1321 3840 1463 3923 θαρσήσει

271 3939 443 4021 κρατηθείς.
485 3939 595 4026 Nuper
620 3940 806 4008 lladlrarnus
829 3942 988 4009 coniecit:
1015 3943 1068 4010 eal
1093 3942 1166 4024 θίρια
1189 3954 1260 4019 παῖς
1280 3942 1355 4027 γοῦν
1374 3946 1462 4012 ναυσὶ

270 4043 409 4128 πρθπερσν
434 4044 581 4127 ίθθρσνσε
605 4040 777 4130 κρασνὶσειν.
802 4047 870 4114 ntia
892 4049 960 4136 ipse
982 4050 1142 4117 tentabam
1164 4050 1209 4118 St.
1234 4051 1329 4119 Τίασα.
1351 4072 1382 4138 p.
1405 4056 1460 4118 99.

269 4149 388 4217 Verum
420 4170 479 4216 nec
508 4153 571 4219 mei
598 4172 701 4240 neque
721 4152 819 4219 hrrius
842 4174 946 4242 neque
966 4155 1102 4223 aliorum
1117 4166 1252 4224 conatus
1266 4157 1463 4245 planesntis·

268 4254 401 4325 iaciunt.
446 4256 513 4323 Non
548 4259 648 4324 mirer
679 4257 850 4345 equidem,
879 4261 906 4326 si
930 4260 1044 4328 rerba:
1070 4262 1246 4343 αίσθθριενσς
1269 4265 1313 4331 σίν
1337 4265 1368 4330 ἐν
1390 4272 1462 4338 παῖς

269 4361 482 4445 Συρακούσαις
512 4401 556 4415 ·-
587 4366 764 4446 κρατηθείς,
798 4365 916 4452 quiippe
948 4387 1030 4454 quae
1056 4368 1136 4434 nihil
1161 4370 1233 4435 nori
1258 4369 1461 4447 contineant,

269 4489 287 4536 a
319 4476 427 4538 vetere
460 4470 688 4559 interpolatore
719 4473 944 4539 consarcinata
975 4474 1041 4541 siut
1070 4495 1088 4541 e
1117 4478 1221 4563 capite
1245 4473 1462 4563 praecedenti.
