3242 5014
643 352 857 423 rssnnrsnu.
1282 332 1348 398 225

151 524 257 592 soluta
279 545 342 592 non
355 530 432 603 est,
464 524 519 590 sed
541 530 649 590 tamen
671 542 773 609 pauca
795 523 951 610 quaedam
975 528 1097 611 capita,
1125 526 1231 610 priora
1252 544 1343 609 prae·

150 633 279 710 sertirn,
316 636 445 698 tantum
477 651 540 697 non
574 630 713 716 perfecta
742 635 834 709 sunt;
871 629 935 697 alia
965 630 1075 697 affecta
1104 636 1179 696 sunt
1208 630 1344 696 necdum

149 736 323 824 perpolita,
356 742 391 803 in
414 737 487 804 aliis
510 736 559 802 nil
582 738 646 801 nisi
669 739 775 823 prima
796 736 991 802 lineamenta
1013 738 1155 802 invenire
1177 736 1268 822 potui
1290 754 1346 820 per

150 847 393 911 commentarios
424 844 574 930 dispersa.
621 841 740 908 Sedulo
771 840 905 920 videbo,
938 861 978 907 an
1007 863 1046 908 ex
1068 843 1131 907 ista
1154 840 1344 906 'l’horbeclrii

149 947 225 1017 Vita
246 950 402 1036 quaedam
423 970 497 1015 cum
518 949 714 1014 nostratibus
733 948 854 1033 possint
874 949 1103 1013 communicari
1122 954 1155 1012 et
1170 965 1259 1032 spero
1279 944 1344 1011 fore

148 1061 187 1121 nt
218 1055 291 1134 alii,
323 1058 380 1141 qui
410 1054 448 1121 de
478 1052 635 1141 ejusmodi
667 1058 857 1141 argumento
887 1055 1005 1118 rectius
1027 1052 1171 1139 judicare
1193 1057 1343 1137 possunt,

149 1180 246 1246 qnam
276 1161 360 1226 mihi
382 1161 494 1226 datum
519 1166 583 1239 est,
609 1164 666 1225 aut
688 1159 841 1225 suadeant
864 1166 920 1225 aut
943 1162 1026 1225 certe
1045 1180 1108 1224 non
1127 1158 1343 1235 dissuadeant,

149 1272 187 1332 ut
209 1267 357 1333 omnibus
386 1273 500 1332 notum
521 1266 636 1333 faciam
660 1266 745 1331 hunc
769 1271 949 1331 extremum
972 1264 1132 1343 laborem,
1164 1267 1220 1350 qui
1240 1266 1343 1329 amico

148 1392 221 1439 meo
243 1393 351 1459 reapse
375 1370 461 1454 ἔργον
483 1371 565 1450 fnit,
594 1391 657 1437 non
681 1371 843 1453 πάρεργον.
891 1369 1083 1437 Vhorbecln'i
1106 1373 1282 1458 imaginem
1305 1375 1343 1434 ut

148 1478 210 1543 rite
240 1477 387 1556 referret,
420 1496 547 1544 summo
573 1479 659 1543 enim
684 1497 777 1564 opere
798 1477 1009 1543 venerabatur
1030 1478 1141 1542 virum
1162 1475 1340 1552 illustrem,

148 1585 239 1648 cuius
270 1584 497 1650 consuetudine
527 1586 557 1650 ei
588 1583 752 1650 interdum
781 1583 845 1648 frui
872 1581 982 1661 licuit,
1015 1581 1192 1649 contulerat
1213 1600 1341 1647 omnem

148 1688 367 1778 diligentiam,
403 1688 519 1768 fidem,
555 1692 726 1776 pictatem,
759 1709 878 1767 omnes,
900 1688 997 1755 verbo
1027 1690 1128 1754 animi
1157 1689 1342 1776 ingeniique

148 1794 245 1862 dotes.
277 1795 313 1861 Si
333 1796 410 1882 quid
429 1816 502 1862 mea
520 1800 595 1863 vota
615 1794 785 1872 valebunt,
810 1794 1003 1860 Thorbeclrii
1022 1792 1115 1860 Vitae
1134 1796 1340 1881 praemittam

146 1900 350 1979 relationem,
374 1904 408 1967 in
432 1923 495 1988 qua
517 1903 619 1987 patrio
643 1919 786 1966 sermone
811 1899 849 1966 de
872 1900 1003 1966 Kiehlio
1026 1921 1122 1987 agam
1144 1903 1274 1987 ejusque
1293 1901 1340 1964 vi·

146 2010 214 2071 tam
247 2008 414 2086 enarrabo,
451 2010 497 2074 sic
529 2014 566 2072 ut
596 2014 763 2094 appareat,
799 2027 893 2092 quam
926 2005 1098 2095 singularis
1128 2005 1341 2072 incoluerit

145 2113 258 2177 virtus.
306 2108 435 2180 Confido
459 2115 540 2181 hanc
563 2135 691 2201 operam
713 2111 828 2178 multis
854 2120 982 2201 gratam
1004 2114 1079 2180 iore.

191 2216 321 2285 Praeter
340 2218 532 2286 Thorbeclrii
554 2217 663 2285 Vitam
687 2222 720 2283 in
745 2220 871 2306 ingenti
894 2218 1073 2307 farragine,
1093 2240 1168 2284 nam
1188 2217 1340 2283 Kiehlius'
1430 2302 1433 2307 4

143 2344 185 2390 ne
215 2326 367 2391 minimas
399 2326 529 2411 quidem
564 2324 730 2392 schedulas
764 2327 867 2411 perire
898 2326 1038 2401 sinebat,
1074 2344 1149 2390 cum
1178 2322 1339 2409 permulta

145 2430 280 2496 scribere
296 2431 426 2510 soleret,
449 2454 507 2499 nec
525 2439 632 2498 tamen
651 2452 708 2517 per
726 2432 831 2497 varias
851 2436 883 2495 et
902 2428 1100 2515 multiplices
1118 2431 1338 2514 occupationes

145 2536 252 2602 omnia
282 2536 424 2624 digerere
446 2543 570 2624 poterat
592 2542 625 2603 et
647 2536 776 2624 singula
798 2536 978 2622 disponere,
1012 2538 1046 2599 in
1069 2534 1230 2622 indigesta
1251 2533 1336 2601 mole

143 2644 247 2730 igitur
267 2663 375 2708 rerum
398 2663 460 2709 non
482 2644 561 2708 bene
580 2646 783 2729 junctarum,
808 2642 1025 2707 adnotationes
1048 2640 1202 2725 quasdam
1229 2641 1337 2705 inveni

144 2745 184 2811 ad
206 2768 275 2813 rem
298 2750 442 2814 criticam
465 2749 667 2834 pertinentes.
700 2745 782 2811 Sunt
802 2767 839 2812 ea
857 2745 1084 2812 nonnullorum
1103 2748 1336 2832 exspectatione

143 2851 274 2919 fortasse
295 2857 459 2939 pauciora;
493 2854 564 2931 sed,
596 2852 718 2938 aliquot
740 2855 830 2918 annis
853 2859 1021 2939 postquam
1044 2851 1252 2917 Darentriam
1274 2855 1333 2917 mi·

143 2960 269 3046 gravit,
293 2958 333 3024 ad
356 2958 419 3026 alia
441 2980 509 3026 sese
532 2960 639 3025 studia
661 2959 866 3045 potissimum
892 2960 1048 3024 convertit
1067 2977 1199 3043 raroque
1216 2959 1246 3024 ei
1265 2978 1335 3024 con·

143 3085 266 3129 cessum
284 3063 366 3142 fuit,
387 3070 425 3130 ut
445 3066 627 3131 aduenas
646 3084 719 3128 suas
739 3063 870 3130 delicias
880 3069 1102 3131 reverteretur.
1128 3062 1334 3145 Quaeautem

142 3167 222 3234 olim
253 3167 436 3236 adulescens
466 3172 664 3247 observarat,
696 3190 734 3235 ea
764 3176 891 3236 tantum
913 3192 976 3237 non
997 3173 1105 3235 omnia
1126 3167 1279 3257 leguntur
1301 3171 1339 3261 in,

141 3276 300 3361 prioribus
329 3275 425 3363 hujus
453 3272 680 3363 Mnemosyncs
701 3274 930 3343 voluminibus.
967 3275 1003 3341 Si
1027 3296 1107 3361 quae
1129 3280 1237 3340 tamen
1260 3282 1335 3340 sunt

141 3380 240 3446 bonae
263 3381 500 3450 emendationes
529 3383 685 3460 ineditae,
717 3403 769 3448 eas
785 3385 855 3469 jam
878 3382 1072 3459 describam,
1104 3382 1198 3445 utin
1222 3401 1258 3446 eo
1280 3400 1333 3465 po

141 3486 306 3551 tissimum
329 3484 430 3554 diario
452 3487 618 3577 legantur,
644 3489 728 3574 quod
752 3494 861 3554 auctor
884 3479 1067 3554 condiderat
1090 3485 1178 3552 olim.

188 3587 295 3670 Quum
323 3593 445 3657 amicus
472 3615 564 3659 meus
586 3615 667 3659 anno
692 3590 779 3657 1870
803 3594 836 3656 in
860 3592 988 3659 ltaliam
1011 3591 1210 3677 proiecturus
1233 3596 1341 3668 esset,

140 3715 197 3781 per
229 3694 353 3762 litteras
382 3718 436 3762 me
466 3701 608 3787 rogavit,
642 3702 785 3764 essentne
815 3697 945 3764 fortasse
974 3695 1105 3766 Codices
1136 3695 1250 3765 Graeci
1280 3696 1333 3764 rel

141 3800 266 3879 Latini,
292 3821 370 3887 quos
391 3823 499 3869 meam
521 3807 556 3870 in
578 3806 719 3893 gratiam
741 3805 895 3888 inspicere
917 3810 1031 3889 posset.
1079 3801 1187 3869 Simul
1211 3800 1333 3891 signifi·

140 3907 233 3973 cabat
254 3928 288 3973 se
309 3928 425 3993 paucos
448 3911 665 3977 tantum-dies
688 3912 719 3976 ei
742 3911 788 3974 rei
807 3908 990 3994 impendere
1010 3930 1115 3997 posse,
1140 3912 1256 3996 quippe
1276 3914 1332 3995 qui

140 4012 277 4080 aliarum
299 4035 406 4080 rerum
430 4020 588 4103 mtagerct
611 4022 643 4082 et
666 4016 753 4082 feriis
770 4020 914 4080 uteretur
933 4016 1095 4102 aliquanto
1115 4017 1331 4096 brevioribus,

140 4139 237 4205 quam
271 4140 352 4206 quae
381 4120 608 4206 professoribus
637 4124 671 4187 in
701 4120 883 4187 Academiis
914 4123 1041 4189 concedi
1069 4122 1199 4189 soleant.
1235 4121 1331 4190 Venit

139 4226 223 4292 mihi
252 4232 324 4292 tum
353 4225 521 4293 Frontonis
543 4231 577 4293 in
599 4233 759 4303 mentem,
793 4228 884 4292 cuius
906 4232 1025 4316 pagina
1049 4226 1114 4294 349
1138 4231 1173 4294 in
1196 4230 1329 4295 Ambro

139 4334 227 4399 uano
259 4330 374 4401 (lodice
405 4334 505 4423 digna
526 4335 610 4400 mihi
633 4336 703 4401 visa
726 4340 790 4411 est,
815 4354 895 4419 quae
918 4337 1155 4401 accuratissime
1178 4334 1330 4403 describe

97 4429 101 4437 ’
138 4444 227 4506 retur
234 4461 242 4521 ;
267 4438 348 4508 latet
372 4441 459 4508 enim
481 4444 516 4508 in
538 4441 641 4509 lacero
664 4447 697 4507 et
724 4442 856 4507 obscuro
880 4440 949 4508 loeo
967 4442 1185 4530 fragmentum
1215 4440 1328 4522 Ennii,

1156 4547 1185 4594 rs
