3388 5010
295 331 361 398 226
789 347 990 396 ιιιεειιιιιιιιιιι

341 512 444 582 Venio
467 512 530 578 iem
556 508 595 577 ad
619 508 753 579 Hernico
775 513 831 580 ubi
855 513 964 582 editur
987 533 1018 601 p.
1043 515 1121 579 661.
1149 514 1239 595 νιροῡν
1260 512 1313 579 eal
1336 512 1484 598 φυτεύειν

282 620 348 687 -κοι
373 618 455 686 ἄλλο
474 618 524 685 όπ·
548 615 636 702 θλλῳ
659 627 800 699 notaio,
822 620 878 687 sed
902 641 1014 688 verum
1039 627 1089 687 est
1112 627 1260 687 ΠΟΝεΐν.

341 799 571 869 Demosthenes
596 800 720 868 dixerat
742 810 816 870 noto
836 804 920 871 loco:
944 803 1044 871 δεῖδὲ
1063 800 1236 884 χρημάτων
1254 801 1307 867 καὶ
1330 798 1402 867 ἄνευ
1414 800 1485 869 τιν’·

292 933 352 975 τυν
376 909 458 975 οὐδὲν
480 906 525 978 ἔτι
549 908 692 987 γενέσθαι
715 916 775 974 τῶν
798 908 942 988 δεόντων,
968 928 1106 996 quornm
1128 927 1252 975 mentor
1271 906 1483 977 Philostratus

295 1035 368 1102 pag.
388 1018 450 1080 661
475 1014 521 1080 ila
541 1012 638 1079 dixit:
659 1015 722 1080 δεῖ
737 1016 802 1096 γόιρ
821 1016 875 1082 καὶ
895 1015 1035 1100 γεωργίᾳ
1053 1015 1278 1099 χρημάτων
1296 1014 1366 1082 καί
1387 1011 1484 1085 ἄνευ

293 1120 443 1188 τούτων
465 1120 535 1188 οὕτε
558 1118 668 1200 οίρόπην
689 1119 807 1203 θρέψεις
832 1120 901 1188 οὔτε
925 1120 1155 1203 ἀμπελουργόν.

341 1301 416 1388 Pag.
441 1304 518 1367 666.
550 1300 776 1383 κατασχούσης
807 1302 838 1369 δὲ
861 1310 918 1377 πῆς
945 1305 1016 1376 νεὼς
1039 1303 1070 1375 ἐς
1093 1304 1275 1368 Ἐλεοῦυπα.
1323 1298 1483 1383 Quamdiu

295 1406 362 1473 oleo
386 1405 480 1473 ἔλαια
503 1406 716 1493 appellabitur
741 1409 817 1493 (non
842 1408 930 1498 aare)
957 1406 1082 1474 tamdiu
1108 1407 1184 1473 urbs
1207 1407 1247 1474 ab
1271 1405 1413 1473 olearum
1434 1404 1485 1472 eo·

297 1513 348 1599 pia
374 1532 488 1578 nomen
515 1511 635 1578 babens
658 1516 802 1591 Ἐλαιιῦς
829 1518 904 1606 (ιιοιι
927 1520 1069 1592 Ἐλεοῦς)
1095 1514 1157 1580 erit
1182 1511 1379 1599 appellanda.
1415 1510 1485 1593 Quo

295 1639 399 1707 usquo
423 1617 552 1685 tandem
576 1626 642 1684 tatu
670 1621 839 1688 manifesta
863 1623 942 1687 vitia
966 1620 1123 1687 editiones
1146 1608 1374 1684 maculabunt.l
1400 1615 1487 1698 Quo-

294 1726 356 1791 ties
380 1725 566 1791 etiamnunc
589 1725 698 1792 editur
721 1728 938 1810 Κυναίγειρος,
964 1726 1059 1793 babet
1081 1733 1187 1790 tamen
1210 1744 1325 1791 nomen
1347 1720 1486 1805 παρόντι

295 1832 366 1905 τοὺς
402 1832 495 1905 κύνας
531 1830 668 1913 ἐγείρειν.
716 1833 849 1900 Accedit
884 1841 1053 1921 poetarum
1090 1831 1267 1896 auotoritas
1302 1837 1488 1895 constanter

296 1935 474 2018 Κυνέγειρος
505 1936 729 2004 scribentium.
777 1939 844 2005 Non
871 1938 1019 2005 andiunt.
1070 1936 1173 2018 Quam
1201 1954 1273 2002 raro
1297 1933 1485 2001 adverbium

297 2043 404 2120 οίνέδην
437 2042 466 2108 id
498 2051 547 2108 εει
579 2045 741 2123 όνειμένιος
774 2065 792 2111 ε
823 2045 1005 2111 scribarum
1031 2042 1181 2108 ntanibns
1206 2041 1351 2108 illaesum
1376 2040 1486 2107 erasit.

298 2149 442 2225 Ἀναιδην
462 2157 510 2215 εει
531 2149 563 2213 in
585 2148 676 2215 libris
696 2152 793 2216 etiam
816 2150 947 2237 optimis
967 2148 1033 2215 iere
1053 2148 1181 2235 ubique.
1207 2144 1488 2214 denuntiabimus

298 2255 395 2322 etiam
429 2254 547 2342 spretis
577 2253 669 2320 libris
699 2257 849 2323 omnibns
877 2255 908 2320 id
937 2255 1101 2341 recipere,
1126 2252 1209 2340 qnod
1235 2261 1267 2319 ει
1291 2254 1489 2320 certaratio

299 2360 413 2429 suadet
439 2370 471 2427 et
495 2369 647 2427 constans
671 2363 816 2428 omnium
843 2381 921 2428 usus
945 2357 1135 2426 confirmati

347 2529 382 2596 ln
417 2526 558 2595 Hernicis
589 2547 659 2615 pag.
681 2532 747 2595 668
770 2526 895 2595 editur:
920 2530 945 2595 εί
970 2527 1170 2607 μυθιλογιιιθς
1194 2524 1229 2603 ἦν
1251 2525 1304 2593 τόν
1325 2531 1380 2594 τοῦ
1403 2527 1488 2610 Ὀρό·

299 2658 354 2708 που
377 2635 476 2718 νεκρόν
499 2634 589 2717 deplere
612 2633 651 2701 ἂν
673 2630 706 2701 ὃν
724 2633 913 2714 ἑπτάπηχυν
934 2636 964 2699 ίν
982 2631 1118 2718 ΝΕΜόρι
1137 2630 1374 2711 Λακεδαιμόνιοι
1395 2628 1489 2715 εόρσυ.
1611 2690 1616 2696 .

300 2741 341 2810 llt
364 2740 482 2828 reliqui
506 2759 634 2816 omnes,
658 2741 705 2806 sic
731 2738 886 2807 libatores
905 2759 1033 2827 quoque
1055 2748 1088 2805 et
1109 2737 1277 2826 Sophistae
1296 2737 1407 2805 sedulo
1426 2739 1490 2807 He·

301 2846 406 2914 rodoti
436 2845 594 2910 Historias
625 2844 771 2912 lectitare
802 2844 966 2925 solebant,
1000 2853 1032 2911 et
1065 2863 1147 2931 quae
1171 2865 1210 2911 ex
1233 2844 1287 2909 illo
1308 2843 1491 2912 efferuntur

302 2951 436 3040 perinde
468 2957 504 3016 nt
534 2949 701 3017 Homerica
726 2953 837 3018 statim
862 2950 902 3016 ab
926 2948 1077 3017 erunibus
1100 2957 1333 3035 agnoscuntur.
1383 2951 1489 3021 Veluti

303 3057 387 3145 qnod
422 3055 541 3142 legitur
575 3056 605 3120 in
639 3056 703 3121 rite
735 3055 909 3122 Alexandri
940 3055 1108 3144 Sopiristae
1133 3077 1164 3140 p.
1191 3061 1267 3122 757.
1292 3057 1491 3139 ὑπισχνεῖται

303 3172 366 3237 τοῖς
397 3161 651 3241 Λακεδαιμονίοις
683 3162 843 3241 βοηθήσειν
874 3163 1039 3237 όΠόόιος·
1065 3162 1233 3245 dealbarer
1268 3159 1362 3236 οὕτως
1382 3165 1490 3236 αὐτοῖς

302 3269 356 3336 οιαὶ
387 3268 515 3348 Τεγέαν
544 3269 782 3348 ἐπηγγείλατο,
814 3268 899 3356 quod
924 3271 979 3355 qui
1005 3266 1178 3334 audiebant
1201 3287 1313 3335 omnes
1337 3269 1490 3339 contiuuo

288 3373 559 3441 recordabantur
583 3393 664 3460 quae
688 3376 809 3461 scripta
832 3385 909 3441 sunt
932 3373 1016 3462 apud
1040 3373 1237 3441 Herodotum
1262 3376 1287 3443 i.
1312 3379 1368 3442 66.

533 3479 615 3547 δόσυ
637 3503 684 3546 τοι
706 3480 830 3561 Τεγόην
849 3482 1044 3563 ποσσίκροτον
1066 3483 1269 3562 όρχησασόιιι.

350 3584 412 3653 Sed
443 3584 589 3653 aditores
613 3605 675 3652 non
700 3596 790 3653 erant
816 3586 856 3652 ab
881 3586 1030 3653 Herodoti
1056 3587 1191 3653 lectione
1215 3594 1362 3652 recentes
1383 3587 1439 3672 qni
1460 3586 1493 3653 όν

303 3693 415 3778 Nereia
440 3693 665 3771 retinuerunt,
690 3713 791 3779 quum
811 3713 850 3761 cx
863 3693 1021 3759 Herodoto
1034 3694 1058 3759 1.
1082 3697 1137 3760 66.
1162 3692 1492 3778 όνΤθΓέροιεροιιειε
1554 3716 1561 3721 ·

304 3798 475 3875 deberent,
504 3796 720 3885 similiterque
752 3814 822 3884 pag.
848 3804 939 3865 676ε
956 3800 1009 3865 τὸν
1039 3797 1245 3879 ἈρτιόβαΖνν
1268 3796 1491 3880 ἀγωνιζόμενοι

301 3905 355 3971 σθν
380 3906 620 3987 demonstare-cr
650 3906 693 3985 rii
718 3902 809 3988 ιιόρξη
832 3909 877 3984 μη
899 3907 1057 3985 ερατεύειν
1080 3904 1131 3970 ἐπὶ
1155 3907 1210 3979 την
1234 3904 1397 3982 Ἐλλάδα,
1420 3921 1493 3969 cer·

300 4019 372 4078 tutu
397 4020 447 4078 ost
469 4030 510 4077 ott
534 4010 693 4078 Herodoto
715 4010 783 4076 Vll.
809 4016 849 4077 to
868 4012 1081 4093 ἈρπόβαΝιυ
1096 4009 1492 4097 ριυἈρσιίβαΖονειῐιιιυ·

285 4114 375 4183 dari
407 4126 565 4204 oportere.
612 4116 703 4197 Quod
734 4124 784 4183 εει
816 4117 849 4182 in
885 4116 1025 4183 Hernicis
1047 4137 1079 4203 p.
1103 4120 1182 4183 aaa.
1204 4116 1242 4183 ri
1264 4116 1358 4197 ίερδν,
1382 4116 1413 4185 le
1437 4110 1493 4196 ρὀό

303 4220 408 4301 Μῆδος
424 4221 571 4305 ’όίβριζιυ,
597 4224 628 4288 όν
651 4219 673 4305 H
697 4223 751 4289 καὶ
775 4224 813 4290 rl
833 4222 965 4306 πνίριχος
981 4223 1116 4302 ἀνεβόα,
1138 4225 1230 4289 τοῦτο
1248 4224 1347 4300 ἡγοῦ,
1370 4218 1392 4287 ὦ
1413 4219 1492 4298 ξίυε.

303 4329 589 4396 reremaneret
613 4330 709 4395 αὐτοῦ
733 4329 803 4413 όρᾷς
826 4332 865 4403 ὥς
889 4330 1004 4409 όλίγα,
1029 4337 1172 4394 sumtum
1198 4347 1237 4393 ex
1259 4325 1492 4395 Herodoto-dx.

306 4439 370 4503 tao
401 4434 468 4502 leve
499 4435 615 4505 vitium
648 4436 820 4502 contraxit.
869 4433 999 4501 Duobus
1030 4433 1138 4501 verbis
1171 4433 1375 4521 transpositis
1406 4433 1492 4519 iege:
