3200 5066
502 339 546 385 so
569 337 702 386 sconem
724 334 950 384 rcoumnsrou.
1260 317 1324 383 441

137 510 281 597 reliquiis
309 509 426 577 veteris
455 508 629 592 scripturae
660 508 737 571 satis
767 501 1039 572 accommodatam
1071 507 1120 569 est
1148 506 1238 570 etin
1261 504 1327 571 ulia

137 639 172 682 re
195 617 301 682 sedem
323 614 429 680 hebet.

184 826 289 907 Quam
322 828 449 891 vetuste
481 821 598 887 menda
628 818 799 889 codicibus
831 821 948 886 nostris
982 818 1173 887 inoleverint
1206 823 1327 907 passim

138 928 294 997 Stobaeus
316 926 473 1004 declarat,
507 928 563 1011 qui
584 928 618 992 in
642 928 710 991 suis
731 924 822 990 libris
845 924 926 989 olim
947 928 1088 1010 repperit
1110 925 1222 991 eedem
1244 928 1327 992 vitia

138 1054 220 1119 quae
250 1053 334 1097 nunc
364 1036 546 1116 comparent
575 1033 610 1094 in
640 1032 766 1095 nostru.
807 1030 846 1094 In
876 1028 986 1094 Floril.
1021 1028 1103 1109 100,
1132 1029 1176 1095 28
1200 1030 1329 1096 affertur

139 1159 179 1203 ex
201 1137 344 1203 Platonis
367 1136 513 1222 Synpoeio
538 1134 623 1223 (pag.
650 1133 726 1200 185.
749 1135 795 1223 1ο.)
820 1134 929 1213 λαβών
952 1158 983 1201 τι
1002 1139 1134 1201 τοιοῦτον
1150 1131 1198 1217 οἵῳ
1219 1134 1326 1210 ΚΙΝιὶ·

139 1266 209 1315 ταις
241 1224 280 1307 θον
309 1242 365 1316 τὴν
392 1244 459 1322 ῥῖνα
490 1239 601 1319 ττοθρε.
638 1240 822 1306 Absurdum
846 1245 894 1306 eet
917 1240 1054 1316 κινήσαις
1076 1261 1134 1327 pro
1157 1243 1326 1318 ΚΝήοαις,

138 1367 252 1435 movere
281 1365 395 1410 nasum
424 1364 482 1430 pro
509 1344 649 1411 titillare.
683 1344 761 1410 Erat
784 1350 892 1410 temen
914 1365 952 1410 ea
972 1343 1060 1412 labes
1082 1344 1232 1411 inlibris
1254 1350 1327 1412 ante

139 1451 245 1517 multa
266 1450 392 1516 sacoma
413 1470 510 1535 quam
531 1452 633 1516 nostri
656 1446 788 1517 Codices
811 1452 923 1535 scripti
946 1455 1031 1516 sunt.

185 1659 324 1728 Mirifice
345 1665 378 1727 et
399 1659 523 1727 ludicre
543 1661 685 1727 conlusio
708 1664 849 1728 cernitur
872 1659 956 1740 103,
988 1659 1041 1727 14.
1064 1662 1099 1726 in
1119 1661 1171 1726 his
1193 1666 1329 1747 quatuor

140 1765 329 1835 versiculis:

299 1870 346 1946 εθν
368 1893 420 1949 μοι
443 1876 626 1938 τλουτεῢντι
650 1877 751 1938 κακῶν
774 1870 930 1954 ατοθτερθε
953 1871 1121 1953 μεριμνέαν

347 1973 430 2055 ζιθειν
452 1975 627 2054 ιὶβλαβέιος
649 1977 743 2057 μηδὲν
766 1976 870 2058 ἔχοντι
894 1978 999 2043 κακθν.

300 2080 353 2146 οὖν
374 2079 489 2161 ἔραμαι
514 2091 661 2148 πλουτεῖν
685 2082 746 2149 οὐδ’
768 2082 923 2165 εὔχομαι,
949 2080 1037 2149 ἄλλα
1059 2105 1111 2161 μοι
1132 2079 1177 2158 ela

342 2184 395 2265 ζῆν
418 2186 482 2251 ciart
506 2192 566 2252 τῶν
588 2188 701 2265 ὀλίγον
722 2187 817 2263 μηδὲν
841 2187 945 2270 ἔχοντι
969 2187 1073 2253 κακθν.

140 2311 254 2377 nempe
280 2291 416 2358 duorum
437 2296 605 2378 potiturum
627 2293 705 2359 haec
727 2299 819 2371 sunt,
844 2313 980 2378 quorum
1003 2294 1089 2378 prior
1112 2298 1160 2358 est
1182 2294 1333 2378 antiquus

142 2402 174 2461 et
204 2399 330 2485 mnis,
363 2396 444 2463 alter
464 2400 621 2463 recentior
642 2400 761 2464 veteris
783 2402 893 2483 poitae
917 2399 1109 2463 sententium
1131 2397 1275 2464 deridens
1300 2404 1333 2464 et

142 2502 285 2583 παρῳδῶν
317 2501 510 2586 obloquitur.
549 2500 650 2567 Vetus
672 2506 781 2566 centor
802 2500 917 2587 lingua
938 2500 1038 2587 Epicu
1059 2522 1136 2567 usus
1159 2504 1331 2567 cecinerat:

323 2600 445 2683 clepet
468 2611 651 2671 τλοοτεῦντι
676 2604 770 2670 καινὸν
793 2603 948 2684 ατοθτερθε
972 2606 1139 2687 μεριμνέαν

369 2708 453 2791 ζώειν
475 2708 649 2790 ἀβλαβέως
673 2709 767 2787 μηδὲν
794 2709 897 2791 ἔχοντι
921 2709 1025 2776 ιιακθ.

143 2817 195 2882 cui
218 2816 334 2882 occinit
356 2813 439 2879 alter
458 2812 606 2899 populari
629 2831 790 2879 sermone:

277 2919 331 2984 ozia
354 2916 467 3000 ἔραμαι
492 2924 637 2985 τλοντεῒν
659 2917 720 2984 oet·
745 2918 901 2999 εὔχομαι,
924 2917 1012 2985 ἄλλα
1034 2943 1086 2999 μοι
1110 2922 1156 2998 εἴη

323 3024 377 3106 ζῆν
399 3023 463 3089 ciart
486 3030 546 3090 τῶν
568 3024 680 3102 tityon
703 3023 797 3102 μηδὲν
818 3021 921 3106 ἔχοντι
947 3024 1051 3092 κακθν.

187 3129 275 3195 Haec
304 3150 389 3194 nunc
419 3131 510 3214 quusi
540 3133 644 3195 essem
673 3130 768 3193 unius
798 3132 909 3214 po'e'tae
935 3134 968 3195 et
989 3130 1133 3197 eiusdem
1156 3135 1331 3201 sententiae

142 3239 247 3320 partes
270 3254 333 3301 uno
355 3238 463 3300 tenore
484 3235 652 3300 coniuncta
673 3232 835 3322 leguntur.

187 3447 227 3511 In
256 3446 457 3534 Euryphemi
485 3446 683 3534 Pythagorei
712 3445 892 3533 fingmento
927 3444 1010 3525 103,
1042 3444 1096 3513 27.
1128 3446 1164 3511 τὸ
1187 3448 1246 3526 μὲν
1267 3450 1331 3531 γαρ

142 3550 226 3629 atyn
249 3550 423 3623 τντιοτιιιθι
448 3547 523 3629 ἦμεν
537 3549 644 3615 -xci
668 3551 704 3616 τὸ
727 3550 837 3630 θρθΩΟ
861 3549 925 3615 dart
948 3554 1013 3629 γῖιι
1034 3552 1257 3618 ανακεκλθοθαι
1277 3554 1330 3619 καὶ

143 3656 174 3729 ἐς
202 3654 254 3721 τὸν
276 3655 396 3738 οὐρανὸν
418 3654 619 3734 erectim,
649 3655 819 3735 manifesto
842 3657 1015 3741 requiritur
1037 3656 1159 3738 θρθΟΟ,
1191 3679 1331 3746 namque

143 3761 158 3826 θ
188 3758 338 3843 ἄνθρωποι
370 3759 449 3841 een
472 3760 536 3827 ciat
559 3764 624 3839 γῖοο
648 3758 850 3825 ανακέκλιται
875 3760 953 3845 quid
975 3762 1019 3844 sit
1041 3765 1245 3848 perspicuum
1264 3771 1330 3832 est:

144 3888 175 3931 οι
196 3866 309 3931 bomini
329 3866 453 3931 ειιθθθνννο
474 3867 557 3931 dedit
578 3866 744 3950 coelumque
766 3864 846 3929 tueri
867 3865 966 3930 ιἰιειθθ.

187 3970 265 4035 Post
286 3990 388 4056 pauca
409 3971 531 4036 editur:
560 3968 703 4046 θνθματα
726 3968 783 4048 μὲν
802 3970 960 4036 ”cellite
981 3979 1045 4046 τοῖς
1069 3971 1256 4054 τροὶγριατι,
1281 3999 1330 4044 re·

144 4076 234 4159 quiro
257 4074 406 4152 ἐθήκατο,
434 4077 510 4160 qnia
531 4074 652 4139 αονιιὶαα
673 4075 821 4158 inponere
842 4077 928 4141 rebec
950 4074 1070 4144 Graece
1093 4084 1183 4145 sonat
1207 4102 1331 4169 semper

144 4178 282 4259 θνθραατα
305 4178 459 4256 τίθεσθαι,
483 4198 546 4244 non
568 4177 692 4244 τιθέναι.

166 4284 364 4350 ⁴Barbarum
395 4289 443 4349 est
472 4291 506 4349 in
528 4306 597 4371 sqq.
622 4283 877 4365 θρθοτλοουμὲναι
901 4289 961 4360 τοῖς
986 4289 1109 4369 αρετοῖο.
1135 4291 1331 4373 Ὀρθοτλοεῖν

145 4387 220 4473 quid
251 4390 294 4455 sit
324 4391 473 4455 novimus
496 4394 529 4454 et
551 4391 709 4470 εὐτλοεῖν,
733 4397 765 4458 et
788 4392 909 4480 legitur
931 4397 1104 4481 utrumque
1127 4399 1161 4464 in
1184 4398 1243 4464 hoc
1262 4402 1331 4483 ipso
