3200 5066
300 325 367 393 388
781 349 993 399 reseremus.

302 513 367 577 κσὲ.
402 513 624 582 Perenthetice
646 518 731 585 dicte
752 526 827 586 sunt
848 524 956 613 omnie
974 541 993 587 e
1012 521 1121 605 νομίζω
1140 542 1240 608 usqne
1256 521 1294 586 ed
1306 533 1469 603 προνοῆσαι,

301 638 377 682 nem
399 614 480 697 ὅμως
504 619 536 686 δέ
559 623 631 688 eri.
656 624 696 689 ed
719 645 757 690 ee
775 646 858 711 quse
881 626 919 691 de
941 646 975 692 se
997 627 1155 713 professus
1173 633 1222 694 est
1239 626 1398 695 referende
1414 649 1470 695 esse

300 724 405 806 quivis
426 726 545 792 videet.
754 794 760 800 ,

346 825 426 893 Ibid.
450 829 504 894 xa}
526 833 572 908 μὴ
595 840 658 906 τοῖς
682 834 811 914 ἑτοίμοις
833 836 984 917 περὶτῶν
1004 838 1133 921 ω’Φανοῖν
1152 838 1205 903 καὶ
1224 837 1403 916 μελλόντων
1419 862 1470 903 κιν-

299 929 440 1000 δυνεύειν.
476 935 619 1004 Delende
640 939 790 1006 videntur
811 941 864 1006 καὶ
887 941 1072 1020 μελλόντων.

344 1035 397 1102 vl.
424 1038 476 1106 10.
507 1042 561 1107 καὶ
587 1041 683 1109 ateste
710 1043 781 1119 icccc
809 1046 869 1117 τοὶς
899 1047 1068 1125 γενομένοις
1095 1049 1168 1126 ὑμῖν
1187 1045 1323 1118 suceide
1345 1042 1426 1127 ἔχειν
1443 1068 1468 1109 τι

297 1138 440 1219 βὲβᾱυυ,
466 1138 503 1211 αἳ
525 1147 743 1230 ἡσυχαζόντων
764 1150 823 1228 μὲν
846 1151 929 1231 ὑμῶν
949 1151 1078 1230 όνόμασι
1101 1150 1229 1218 σπονδαὶ
1251 1150 1373 1218 όσονται
1393 1148 1469 1238 (οὕτω

296 1247 360 1326 γὰρ
390 1248 502 1316 όνόόνδι
532 1276 568 1317 τε
595 1249 699 1334 ἄνδρες
721 1253 860 1336 ἔπραξαν
882 1257 984 1328 αὐτὸς
1007 1256 1060 1322 καὶ
1084 1257 1121 1322 ἔκ
1142 1264 1201 1324 τῶν
1223 1254 1390 1331 evantes).
1422 1254 1470 1321 lti-

297 1354 361 1415 cies
390 1355 458 1438 ipse
488 1358 557 1421 sius
587 1362 674 1444 pecie
696 1364 806 1429 euctcr
827 1360 946 1439 fueret,
977 1381 1074 1447 quem
1095 1384 1180 1429 nunc
1202 1359 1331 1440 όνόμασι
1354 1365 1469 1426 unum

296 1476 363 1522 sese
391 1457 574 1539 consutum
606 1468 639 1528 et
669 1463 753 1548 qnod
776 1468 908 1552 gravius
930 1472 978 1531 est
1000 1487 1033 1532 se
1056 1467 1197 1553 eliosqus
1219 1468 1380 1532 curavisse
1401 1465 1469 1529 dicit

295 1567 333 1625 ut
355 1568 458 1628 essent
481 1566 655 1645 eiusmodi,
679 1564 755 1633 οὕτω
778 1569 842 1649 γὰρ
864 1567 1002 1649 ἔπραξαν
1024 1570 1135 1643 αὐτός.
1172 1570 1314 1651 Quodsi
1337 1571 1407 1656 quis
1424 1568 1468 1634 oc

294 1668 383 1731 iieict
406 1664 483 1734 οὕτω
505 1690 569 1736 non
590 1670 631 1737 ed
653 1672 782 1750 όνόματι
799 1673 854 1739 sed
873 1675 1089 1758 ἡσυχαζόντων
1107 1676 1218 1742 referri
1229 1681 1389 1761 oportere,
1406 1692 1468 1739 eum

293 1775 397 1857 ipsam
426 1778 617 1842 sententiam
638 1775 784 1846 lubenter
804 1799 950 1864 sequerer
970 1783 1033 1846 nisi
1054 1780 1193 1846 obstaret
1214 1778 1299 1866 qued
1321 1777 1414 1852 οὕτως
1434 1774 1467 1842 ei

291 1884 436 1964 proxime
468 1903 689 1971 praegressum
721 1885 827 1969 quiris
856 1883 955 1950 lector
982 1884 1141 1950 relaturus
1170 1888 1228 1948 est.
1282 1882 1394 1968 Itnque
1420 1884 1468 1947 eut

292 1990 399 2051 noster
419 1990 594 2053 cretionem
617 1991 664 2052 ite
686 1991 854 2054 constituit
874 1994 912 2053 ut
930 1988 1013 2054 elius
1031 2010 1071 2054 ex
1090 1987 1262 2054 verberum
1281 1987 1392 2053 ordine
1409 2005 1468 2051 seu·

291 2110 345 2155 sus
374 2093 542 2168 existeret,
574 2090 656 2158 elius
686 2114 725 2158 cx
753 2095 800 2159 rei
828 2099 943 2159 neture
972 2093 1157 2171 duceretur,
1186 2098 1244 2158 eut
1264 2092 1393 2171 όνόματι
1413 2110 1467 2157 non

291 2196 426 2279 scripsit.
462 2195 505 2261 lit
527 2217 589 2282 quc
612 2198 741 2264 tendem
761 2197 892 2265 consilio
910 2195 1081 2264 scriberet?
1103 2218 1179 2263 nem
1198 2196 1310 2264 Niciee
1320 2200 1467 2263 messan

289 2320 417 2385 prorsus
438 2299 618 2368 lebcisctet.
653 2301 746 2368 lubet
767 2301 842 2368 illos
864 2300 1052 2383 ἡσυχάζειν,
1075 2306 1108 2367 et
1128 2322 1240 2388 pecem
1262 2309 1320 2375 τῆς
1340 2298 1465 2381 ἡσυχίας

288 2406 428 2488 pretium
450 2405 628 2491 pollicetur.
661 2406 698 2473 Si
721 2407 849 2484 ὀνόμασι
870 2407 1037 2473 adiecisset
1058 2405 1092 2472 id
1115 2409 1222 2492 ipsum
1243 2405 1329 2490 qnod
1347 2403 1467 2491 pellice·

289 2509 383 2575 betur
405 2510 519 2577 felsem
542 2514 718 2599 imaginem
741 2517 774 2578 st
794 2512 890 2577 nihili
912 2510 1089 2577 faciendam
1111 2510 1270 2576 confessus
1288 2515 1382 2576 esset.
1411 2506 1467 2573 ux-

286 2615 389 2700 pulsis
419 2614 546 2694 όνόμοοτι
575 2617 704 2683 σπονδαί
733 2618 841 2682 omnie
869 2616 964 2701 plene
993 2622 1026 2681 et
1055 2616 1095 2681 ed
1121 2613 1377 2701 persuadendum
1399 2616 1467 2697 ape

284 2718 378 2785 fient:
410 2722 462 2785 καὶ
494 2722 589 2787 οόεσόε
620 2720 691 2794 ἴσως
721 2722 780 2795 τοὶς
810 2719 978 2800 γενομένας
1002 2721 1074 2799 ὑμῖν
1097 2720 1231 2790 σπονδὰς
1255 2716 1341 2797 ἔχειν
1364 2742 1394 2784 τι
1416 2713 1465 2795 βό·

283 2824 394 2903 βαιον·
419 2817 454 2891 αὴ
477 2823 697 2907 ἡσυχαζόντων
719 2827 776 2904 μὲν
799 2826 881 2905 ὑμῶν
904 2822 1041 2899 ἔσονται,
1065 2821 1140 2890 οὕτω
1164 2823 1227 2904 peip
1250 2824 1316 2888 κτὲ.

329 2928 383 2994 vl.
410 2929 467 2994 11³
496 2937 679 2997 Σικελιῶται
712 2930 739 2996 δ’
769 2928 808 2995 ἄν
836 2953 888 3008 μοι
919 2928 1052 2995 δοκοῦσιν
1082 2927 1120 3002 ὥς
1147 2952 1187 3007 γε
1210 2933 1262 2993 νῦν
1285 2926 1393 3007 ἔχουσι
1416 2923 1464 2990 καὶ

283 3033 329 3099 ἔτι
352 3033 390 3099 ἂν
414 3032 502 3110 ἡσσον
526 3033 611 3100 δεινοὶ
635 3039 709 3113 ἡμῖν
732 3034 875 3114 γενέσθαι
899 3036 924 3100 εἰ
945 3033 1070 3114 ἄρξειαν
1093 3035 1192 3099 αὐτῶν
1217 3029 1464 3114 rependerem

281 3139 334 3206 his
363 3135 402 3210 cte
432 3162 471 3218 ys
502 3146 552 3205 νῦν
583 3139 689 3220 ἔχουσι
720 3140 759 3205 de
788 3144 874 3205 stetu
904 3141 1060 3226 praesenti
1083 3137 1277 3205 Graecarum
1300 3141 1335 3202 in
1358 3134 1467 3202 Sicilie

282 3246 454 3309 civitatum
484 3243 694 3331 intelligenda
721 3249 806 3308 sunt.
840 3243 928 3309 Huic
958 3246 1128 3330 opponitur
1157 3245 1213 3328 qui
1238 3244 1367 3308 futurus
1388 3249 1467 3306 esset

284 3347 310 3413 εὴ
334 3345 458 3429 ἄρξειαν
481 3349 582 3413 αὐτῶν
602 3349 628 3413 οἱ
652 3347 839 3428 Συρακόσιοι.
864 3348 903 3412 cf.
927 3348 1026 3413 infre:
1050 3353 1100 3413 νῦν
1121 3348 1178 3426 μὲν
1196 3347 1260 3428 γὰρ
1279 3345 1338 3411 κᾶν
1358 3344 1467 3409 ecee

285 3451 357 3525 ἴσως
380 3453 445 3517 κσὲ.
481 3451 517 3518 Si
546 3453 605 3518 hoe
628 3473 740 3518 verum
765 3457 812 3517 est
836 3454 979 3537 sequitur
1000 3458 1181 3536 corruptam
1203 3473 1271 3518 esse
1293 3452 1467 3516 cretionem

283 3565 315 3625 et
338 3562 395 3625 eut
417 3557 576 3623 abundare
598 3556 719 3642 eliquid
741 3562 798 3623 eut
820 3556 926 3623 deesse
948 3562 1005 3623 eut
1024 3557 1062 3621 de
1082 3575 1139 3620 suo
1156 3555 1226 3621 lece
1244 3560 1370 3620 motum
1389 3573 1464 3619 esse.

283 3661 386 3729 Verba
416 3660 454 3734 ὥς
486 3686 526 3740 με
556 3666 607 3728 νῦν
637 3660 741 3741 ἔχουσι
773 3682 830 3747 pro
859 3663 1007 3727 insiticiis
1039 3662 1153 3728 hebere
1182 3681 1246 3726 non
1268 3662 1389 3738 ensim;
1411 3677 1467 3723 eur

281 3771 367 3836 enim
396 3771 565 3853 quisquam
595 3766 674 3833 tulis
702 3763 874 3832 insereret?
906 3765 943 3832 Si
972 3766 990 3843 ἡ
1018 3769 1136 3831 inseres
1159 3766 1242 3831 elius
1262 3767 1351 3832 locus
1373 3782 1466 3850 quac

281 3874 396 3940 sendus
430 3875 491 3937 erit
520 3874 555 3936 in
579 3891 641 3957 quo
664 3870 829 3937 commode
851 3876 934 3936 stere
955 3875 1077 3956 possint
1100 3871 1117 3947 ἡ
1141 3867 1179 3942 ι’ός
1202 3894 1242 3948 γε
1267 3875 1315 3935 νῦν
1340 3868 1463 3952 ἔχουσι,

279 4000 355 4046 nem
379 3982 452 4044 ente
476 3972 564 4050 ἡσσον
587 3975 675 4042 δεινοί
696 3976 880 4062 praesertim
903 3976 1114 4041 intercedente
1133 3976 1188 4041 eal
1204 3996 1333 4042 manere
1351 3996 1464 4062 neque

278 4092 348 4151 unt.
384 4083 457 4150 Nisi
487 4081 581 4148 failor
610 4087 683 4167 pest
711 4080 799 4147 δεινοί
828 4081 981 4147 collocate
1011 4086 1044 4145 et
1073 4102 1128 4167 per
1151 4102 1185 4147 se
1206 4080 1324 4147 melius
1345 4078 1461 4146 intelli·

279 4196 396 4279 genter
418 4209 476 4255 nec
498 4188 694 4274 reliquorum
715 4170 958 4253 commissuram
979 4186 1222 4275 interrumpent.

323 4294 404 4360 Ibid.
438 4289 459 4375 ᾧ
488 4294 550 4374 γὰρ
573 4292 612 4358 cie
633 4292 733 4375 τρόπῳ
755 4294 811 4368 etv
834 4288 985 4371 ἡμετέραν
1008 4292 1093 4368 μετὰ
1117 4290 1361 4365 Πελοιτουυκσόωυ
1383 4286 1461 4368 οὶφό·

277 4416 411 4475 λωνται,
445 4399 522 4469 εἰκός
554 4399 611 4462 ὑπὸ
642 4403 700 4462 τῶν
731 4397 830 4462 αὐτῶν
861 4396 912 4460 καὶ
945 4396 999 4469 τὴυ
1030 4398 1184 4477 σφετέραν
1214 4395 1267 4460 διὰ
1289 4400 1342 4461 τοῦ
1365 4394 1459 4461 αὑτοῦ
