3254 5034
262 330 307 393 22
758 340 959 390 utscmmom

263 534 354 583 mum
388 515 502 583 vitium
535 511 716 581 scribarum
754 510 898 578 socordio
933 512 1143 579 commissum
1187 509 1220 573 iu
1251 504 1378 575 Seuotto
1411 503 1452 569 ad

267 620 381 710 Odyss
403 631 437 691 Ξ.
464 626 524 688 tuo
548 619 708 687 δαίνυσθαί
730 623 759 684 τ’
779 618 918 686 οἱνιέοντέ
945 620 979 685 ἐκ
998 619 1130 700 πλνίρονς
1153 615 1376 691 οἰκέοντας,
1398 609 1453 677 ab·

265 727 383 808 surde,
410 736 446 795 ut
469 726 578 805 vides,
605 723 825 813 proditiove.

314 938 363 1006 Ad
394 937 508 1028 Odyss
540 938 583 1007 Ξ.
616 941 680 1003 503
716 943 906 1002 annotatur:
942 940 993 1003 καί
1024 938 1038 1003 ὅ
1069 936 1253 1011 Ἀθηνοκλῆς
1288 929 1453 1013 προηίέτει.

269 1045 405 1112 Lueecae
435 1053 511 1111 sunt
536 1043 594 1109 tuae
624 1041 819 1108 scholiorum
844 1050 989 1108 veterum
1015 1042 1169 1128 reliquiae
1192 1045 1225 1104 et
1249 1035 1360 1102 multis
1385 1054 1454 1122 pac·

269 1151 356 1216 tibus
380 1150 556 1216 mutilatae.
604 1148 665 1231 Qui
699 1167 811 1215 versus
832 1149 898 1214 sint
925 1148 1098 1228 ηίεπημίνοι
1123 1156 1153 1213 et
1178 1141 1297 1230 quibus
1321 1141 1455 1207 rationi·

267 1255 328 1322 bus
351 1264 383 1322 et
407 1276 424 1321 a
449 1275 513 1343 quo
545 1265 615 1342 post
648 1252 856 1321 Athenociem
892 1254 969 1320 hoec
1000 1256 1107 1320 omnio
1140 1252 1315 1339 perierunt.
1365 1248 1453 1313 Docti

268 1364 414 1428 homines
445 1370 657 1428 resecuerunt
689 1380 734 1425 vs.
760 1364 960 1439 cot-506,
994 1370 1027 1426 et
1058 1356 1307 1446 celioquuutiu
1343 1353 1455 1419 ultima

268 1467 393 1556 Ulyssis
416 1467 560 1534 oratione
582 1487 628 1532 vs.
654 1471 718 1532 504

469 1569 507 1649 ὣς
531 1576 582 1639 νῦν
607 1572 737 1652 νίβοίοιμι
759 1572 814 1652 βίη
838 1570 874 1636 τέ
896 1595 948 1651 μοι
972 1569 1102 1650 ἔμπεδος
1127 1574 1190 1650 είη.

267 1679 324 1765 qtti
358 1679 514 1765 repetitus
546 1687 595 1746 est
625 1698 643 1744 e
673 1698 720 1744 vs.
745 1682 809 1744 468
839 1684 870 1743 et
904 1698 989 1744 nunc
1022 1678 1152 1765 quidem
1184 1682 1266 1748 οὐδὲν
1290 1679 1362 1760 πρὸς
1386 1674 1457 1751 ἔπος

270 1782 450 1850 infercitur.
506 1781 633 1870 Optime
666 1782 794 1872 Ulysses
826 1781 921 1850 finem
953 1784 1080 1851 dicendi
1118 1783 1213 1854 saciet
1243 1788 1274 1853 io
1308 1804 1354 1851 vs.
1379 1787 1456 1850 tou.

270 1889 347 1955 item
369 1888 486 1954 iactam
509 1896 638 1964 narrat,
658 1887 736 1974 quid
758 1896 845 1975 petat
869 1889 1029 1956 narrando
1048 1891 1189 1958 Eumaeo
1213 1889 1456 1959 concicieutium

269 1993 421 2080 reliquit.
458 2012 562 2079 neque
596 2012 670 2058 eum
703 2012 740 2059 ea
770 2012 844 2080 spes
877 1991 998 2061 tetettto.
1052 1997 1097 2062 Ee
1131 1998 1196 2085 ipse
1230 2017 1329 2066 eausa
1359 1995 1456 2061 movit

269 2099 499 2178 Athenociem,
532 2109 569 2165 ut
600 2117 713 2165 versus
747 2100 948 2187 importunos
985 2102 1157 2171 eiiciemtos
1194 2124 1264 2171 esse
1299 2110 1456 2169 censeret.

271 2206 332 2272 Sed
357 2216 406 2271 est
430 2205 462 2270 iu
487 2224 523 2270 ea
549 2212 639 2292 parte
664 2203 783 2272 Scholii
808 2207 922 2273 vitium
949 2206 1032 2293 quod
1058 2208 1161 2274 obiter
1188 2212 1338 2276 eximam.
1387 2205 1459 2273 uut-

267 2321 339 2379 tur:
363 2309 548 2397 οίφανίζοοτι
574 2311 697 2393 γὰρτὸ
719 2312 829 2394 χορίον
850 2319 905 2379 τοῦ
932 2315 1118 2393 αἰνίγματος
1148 2315 1305 2396 διαρρήδην
1338 2314 1459 2380 αίτοῦν·

269 2442 338 2492 τος.
363 2414 469 2490 ἄλλοις
492 2441 527 2482 τε
550 2417 604 2482 καί
629 2417 643 2482 ί
666 2414 806 2496 Εὔμαιος
830 2415 931 2501 ἱίςερον
954 2419 1043 2499 λέγει

518 2517 600 2597 αίνος
623 2521 728 2601 μέντοι
751 2522 885 2603 οίμιίμοιν
909 2517 939 2589 ὃν
963 2524 1148 2608 κατέλεξας.

317 2628 509 2696 Rectissime
540 2648 575 2694 ea
608 2628 715 2694 omnia
750 2628 828 2694 miii
854 2628 985 2716 quidem
1018 2630 1181 2716 disputate
1211 2629 1379 2706 videntur,
1404 2626 1459 2694 seu

273 2735 367 2822 quoio,
392 2753 528 2821 quaeso,
558 2741 605 2800 est
637 2733 672 2799 τί
695 2736 836 2816 χορίον
867 2741 920 2801 τοῦ
946 2735 1157 2814 αίνίγματοςί
1192 2735 1289 2802 Nihil.
1337 2734 1382 2802 Ne
1404 2733 1460 2799 diu

272 2849 468 2915 teloneum,
493 2858 566 2906 vcta
590 2838 684 2906 lectio
704 2848 754 2906 est
772 2839 957 2923 ἀφανίζουσι
978 2843 1013 2909 τὸ
1029 2842 1168 2924 χαρίεν
1189 2849 1243 2908 τοῦ
1262 2842 1461 2919 αἰνίγματος.

273 2945 376 3032 Ιοοριοο
395 2943 591 3010 ιιοιιοιίοιιίο
611 2943 777 3012 Athcoocii
799 2946 845 3011 sic
868 2946 1133 3032 pertrectetur,
1158 2959 1188 3014 et
1212 2955 1298 3014 recte
1318 2945 1461 3032 quidem.

272 3048 361 3125 λίνος
386 3048 462 3137 quid
492 3050 535 3115 sit
560 3050 591 3114 ic
622 3047 759 3115 Schoiiis
790 3049 1001 3118 Grammatici
1033 3062 1169 3118 certant.
1217 3051 1384 3118 moenoett
1410 3050 1462 3116 αί·

272 3180 372 3237 νιρμα
396 3154 638 3233 videturesse,
669 3152 753 3221 idem
779 3154 872 3235 aliis,
905 3158 959 3242 qui
989 3158 1222 3237 αίνιρμαπιίδης
1245 3156 1338 3235 λίνος
1365 3157 1461 3222 iuter·

272 3269 461 3352 protectur,
485 3260 558 3327 aliis
581 3260 703 3335 ἔπαινος
724 3262 738 3327 ί
759 3263 802 3334 είς
826 3273 994 3343 προτροπῆς
1017 3250 1213 3346 περιπίτοιαν
1234 3262 1462 3345 παραινετικιίν.

274 3373 322 3437 tin
347 3367 426 3435 hoec
451 3365 627 3452 intelligis?
674 3366 802 3434 conieci
826 3368 1060 3449 παραινετικίς,
1090 3371 1145 3437 sed
1171 3369 1204 3435 iu
1228 3368 1365 3435 caeteris
1389 3365 1462 3432 hee·

274 3495 344 3552 reo,
368 3471 496 3554 λαβέτω
519 3472 551 3539 tt
574 3472 626 3537 καί
650 3470 759 3547 ἄλλος.
809 3472 935 3562 Optime
960 3472 1039 3551 αίνος
1064 3475 1257 3561 intelligitur
1281 3472 1321 3539 ab
1345 3473 1385 3538 iis
1404 3471 1461 3558 qui

274 3579 457 3649 motutoeot
487 3577 662 3645 versiculos
688 3577 930 3668 adscripserunt
967 3582 1019 3647 ubi
1053 3581 1134 3648 nihii
1162 3580 1250 3649 atiud
1282 3592 1329 3647 est
1363 3596 1462 3666 quem

273 3687 386 3767 μῦθος,
412 3685 522 3764 λίνος,
545 3683 656 3773 [obicio
679 3704 738 3752 seu
762 3706 836 3753 vera
860 3707 918 3755 seu
943 3688 1036 3764 ficta,

633 3786 723 3866 Λίνίς
746 3817 794 3869 τις
816 3796 976 3877 οίνίρῶπον
1001 3788 1077 3882 (ὅδε)

454 3899 494 3971 τίς
517 3892 566 3979 ἄρ’
588 3896 720 3976 οίλιίπηξ
742 3901 852 3986 κᾴετίς
874 3899 1014 3979 ξονωνίην

549 4065 565 4093 ,
635 4002 763 4085 ἔμιξαν.

274 4113 308 4178 iu
339 4108 411 4176 aliis
443 4106 560 4188 ίίεντο,
592 4110 677 4197 quod
711 4113 862 4179 usitatius
891 4119 959 4191 est,
994 4118 1029 4176 ut
1062 4111 1094 4176 io
1127 4107 1251 4175 ludicro
1282 4105 1463 4193 [tegmento

275 4216 360 4307 opud
385 4213 518 4283 Suidam
544 4241 567 4281 ν.
593 4216 730 4299 Ἑταιρεί
764 4267 771 4283 .

411 4320 506 4387 Θίντο
525 4326 597 4400 μετ’
619 4323 799 4399 οὶλλνίλοιοιν
823 4323 971 4404 ἑταιρείην
994 4322 1056 4400 μιίε
1079 4320 1143 4387 δοιοί

410 4432 442 4496 οὖ
466 4429 535 4495 καθ’
555 4429 619 4508 ὅμιὶ
643 4428 786 4512 ζώοντες.
812 4430 826 4496 ὂ
850 4429 907 4509 μὲν
929 4430 1015 4496 κατίο
1038 4426 1113 4495 νειὸν
1136 4426 1247 4508 ἐροίμην
