3242 5014
298 374 365 441 202
541 338 544 343 Α
819 388 990 441 sonoros.

298 563 432 627 crimine
452 568 619 641 tenentur,
644 561 829 648 similesque
852 569 927 629 sunt
948 565 1123 653 philologis
1146 563 1338 651 quibusdem
1361 565 1398 629 in
1417 562 1487 631 Gal·

296 657 343 733 lie
372 667 587 735 festivissimis
617 668 685 735 illis
714 669 845 754 quidem
872 676 904 736 et
934 670 1182 759 elegantissimis
1212 672 1292 737 viris
1321 670 1379 736 sed
1412 669 1488 734 οὐδὲν

298 773 439 839 ἐπαΐουσι
469 779 528 839 τῶν
558 775 701 839 τοιούτων
724 774 814 855 πέρι,
846 777 901 861 qui
925 776 1091 864 digamma
1112 798 1170 862 per
1190 776 1301 841 lusum
1322 779 1488 860 iocumque

297 898 355 965 pro
377 878 506 946 Aeolioo
530 880 744 945 Britannicam
766 879 1005 966 appellitabant.
1040 882 1185 948 luerunt
1206 881 1263 947 alii
1285 883 1343 967 qui
1365 884 1402 946 in
1423 900 1489 947 con

297 986 434 1050 barium
464 1003 602 1051 errorem
633 1007 667 1052 se
697 986 882 1052 inducerent
914 993 946 1052 et
978 987 1043 1054 sere
1072 988 1192 1074 ubique
1220 987 1286 1053 levi
1314 989 1489 1074 suspicione

298 1091 387 1156 ducti
410 1090 576 1179 digamma
597 1092 790 1158 infercirent
825 1091 991 1159 Beklrerus
1012 1098 1051 1160 ut
1073 1100 1141 1160 erat
1162 1097 1196 1158 in
1219 1094 1308 1159 omni
1326 1112 1363 1158 re
1382 1098 1488 1158 cautus

298 1200 331 1261 et
346 1197 460 1262 anxius
478 1196 620 1262 mediam
641 1197 814 1283 quamdam
833 1200 922 1263 viam
941 1200 1064 1277 tenuit,
1088 1202 1136 1264 ita
1154 1204 1263 1263 tumen
1284 1205 1321 1263 ut
1332 1196 1488 1263 inmultis

298 1302 467 1377 errauerit,
498 1321 741 1388 nonnumquam
771 1303 827 1368 sed
856 1323 983 1388 perraro
1006 1310 1114 1371 tumen
1137 1306 1173 1369 τί
1196 1303 1351 1383 δίγαμμα
1375 1306 1487 1388 impor-

298 1411 376 1473 tune
411 1409 572 1485 inserens,
611 1406 708 1495 longe
741 1412 866 1494 saepius
899 1412 1111 1476 necessarium
1143 1408 1332 1498 negligens,
1369 1415 1427 1475 aut
1457 1410 1488 1472 in

300 1512 507 1580 emendandis
529 1513 608 1580 locis
628 1513 686 1579 ubi
703 1513 873 1580 hominum
892 1516 1034 1582 socordia
1046 1516 1184 1601 'antiqua
1199 1513 1330 1580 literuls
1347 1515 1488 1600 periisset

298 1637 413 1704 pamm
436 1618 514 1685 felix
538 1624 596 1685 aut
616 1619 817 1685 festinantior
837 1619 947 1706 paullo
970 1626 1002 1685 et
1025 1621 1294 1687 inconsideratior.
1335 1619 1386 1685 Elx
1408 1620 1489 1685 hisce

299 1744 442 1791 errorum
470 1725 641 1813 generibus
664 1724 816 1792 nonnulla
839 1726 973 1792 subinde
996 1726 1143 1813 exempla
1163 1729 1273 1813 paucis
1303 1726 1488 1813 redarguere

298 1833 400 1897 iuvet.

344 1935 475 2002 Faciam
498 1938 630 2003 initium
660 1937 700 2003 ab
722 1957 759 2004 eo
782 1939 868 2014 loco,
892 1938 948 2003 ubi
971 1940 1183 2005 necessarium
1206 1944 1239 2004 et
1261 1940 1487 2004 sententiaeot

298 2048 401 2108 metro
424 2041 576 2121 δίγαμμα
600 2043 686 2129 apud
709 2044 848 2129 reliquos
871 2062 982 2110 omnes
1005 2043 1348 2110 amissumsBelrlrero
1368 2061 1486 2130 quoquc

299 2146 483 2235 neglectum
508 2153 565 2213 est.

343 2251 537 2320 Pronomina
566 2256 667 2320 trium
693 2274 899 2342 personarum
921 2255 1040 2322 habent
1062 2258 1282 2322 accusativum
1305 2254 1485 2321 encliticam

298 2382 361 2438 με,
385 2382 419 2424 σι
444 2363 477 2426 et
498 2366 552 2428 Fr.
599 2360 689 2428 illisa
710 2361 814 2430 vocali
837 2367 979 2447 superest
1000 2364 1038 2441 μ’
1060 2368 1093 2429 et
1116 2368 1162 2427 r’:
1186 2363 1221 2426 in
1243 2363 1340 2427 tertia
1363 2366 1485 2433 autem,

299 2467 415 2550 quia?
432 2486 494 2532 non
517 2466 683 2546 scribitur,
707 2468 903 2553 pronominis
925 2489 982 2534 nec
1004 2466 1079 2535 vola
1101 2488 1159 2532 nec
1181 2467 1361 2554 uestigium
1386 2483 1485 2550 super·

298 2575 355 2637 est.
390 2569 450 2637 Vel
480 2574 525 2637 sic
554 2577 663 2638 tamen
684 2575 719 2638 in
741 2575 845 2639 vitam
867 2594 904 2638 ac
926 2573 1032 2640 lucem
1054 2576 1172 2660 poterit
1195 2574 1355 2649 revocari,
1380 2577 1418 2637 ut
1442 2569 1486 2634 lu·

298 2675 424 2742 eulento
447 2677 594 2762 exemplo
617 2678 829 2744 ostendemus.

343 2779 451 2848 Habet
480 2782 540 2849 hoc
568 2782 699 2871 lingulae
729 2783 846 2869 Epicae
869 2783 1060 2870 simplicitas
1082 2790 1119 2850 ut
1142 2805 1223 2870 quae
1246 2784 1318 2869 quis
1339 2782 1486 2848 mandata

298 2888 338 2954 ad
362 2887 503 2974 aliquem
527 2888 650 2955 dederit
668 2888 869 2976 perferendaj
894 2910 931 2956 ea
948 2891 1053 2956 iisdem
1072 2891 1178 2957 verbis
1196 2891 1341 2976 repetitis
1357 2890 1399 2955 ad
1417 2906 1486 2954 eum

297 2994 495 3080 perferantur
524 2997 620 3061 tertia
650 3001 777 3061 tantum
799 3014 932 3081 persons
953 2996 987 3061 in
1006 2996 1178 3063 secundam
1200 2999 1336 3061 mutata
1385 2994 1487 3060 Pauca

298 3098 444 3186 exempla
465 3100 543 3165 haec
566 3100 651 3167 vide.
699 3099 791 3166 Iliad.
815 3110 848 3165 B.
876 3100 928 3166 11.

457 3203 587 3286 θωρῆξαί
610 3206 646 3271 Ἐ
669 3205 773 3272 ιιίλευε
798 3204 1073 3287 καρηκομόωντας
1099 3206 1250 3290 ’Δχαιοιίς

456 3310 626 3392 πασσυδίῃ·
650 3315 702 3375 νῦν
725 3311 789 3393 γοίρ
813 3335 865 3377 κον
888 3310 971 3378 ἕλο1
995 3313 1084 3380 πίλιν
1108 3312 1304 3394 εὐρυάγυιαν.

298 3414 606 3486 mmwmffi

458 3521 588 3603 ίωριῑξαί
613 3524 645 3587 C'
668 3521 790 3589 ἐκέλευε
814 3524 890 3605 ιιοίριι
915 3527 1090 3603 κομόωντας
1114 3524 1268 3606 Ἀχαιούς

456 3629 628 3710 πασσυδίρ·
653 3634 704 3695 νῦν
727 3629 790 3712 rep
814 3655 866 3696 κεν
888 3628 997 3698 isole
1020 3630 1109 3696 πίλιν
1132 3627 1330 3711 εὐρυάγυιαν.

341 3734 433 3803 iliad.
459 3744 500 3804 0.
527 3734 603 3802 402.

432 3841 552 3921 γυιώσω
577 3840 635 3921 μίν
658 3843 758 3925 σφωϊν
782 3842 838 3924 ὑφ’
861 3840 997 3924 ίίρμασιν
1022 3841 1119 3916 ὦκίας
1142 3839 1273 3920 ίππους,

433 3946 534 4021 αὐτὸς
556 3946 583 4013 δ’
606 3947 641 4013 ίιι
663 3948 769 4030 δίφρου
792 3947 901 4028 βαλέω
927 3949 1013 4015 κατοί
1038 3947 1064 4014 l'
1090 3944 1222 4029 ἅρματα
1246 3946 1335 4025 ιοίξω.

296 4062 328 4123 et
350 4075 398 4122 vs.
423 4050 501 4120 416.

432 4159 574 4239 ρυιοίσσιν
597 4159 778 4244 plecticiis
802 4160 857 4242 ὑφ’
881 4158 1017 4244 ἅρμασιν
1041 4160 1138 4234 ὠκέας
1161 4156 1291 4240 ἵππους,

433 4265 534 4339 αὐτὸς
558 4263 585 4330 δ’
609 4265 772 4350 ίιιδίφρου
792 4265 922 4347 βαλέειν
943 4265 1026 4334 ιιατοί
1053 4267 1078 4331 ί·
1101 4263 1234 4350 ἅρματα
1257 4263 1368 4344 ιιίξειν.

341 4368 434 4437 iliad.
457 4380 496 4437 0.
525 4368 599 4437 160.

432 4476 632 4552 παυσάμενόν
656 4501 708 4555 μιν
732 4477 847 4559 ἄνωχθι
871 4481 984 4561 μσίχιις
1009 4481 1059 4555 ἠδὲ
1084 4480 1249 4560 πτολέμοιο
1278 4518 1318 4529 -
