3296 5022
621 355 820 405 consecrarem
850 356 967 404 narina.
1323 342 1387 403 417

204 523 277 589 nori
310 524 474 589 continere
511 525 621 611 itaque
651 545 784 612 prorsus
814 524 915 590 otiosa
947 542 1017 589 esse
1047 532 1080 590 et
1112 523 1276 610 languida.
1319 523 1388 590 Nou

202 629 307 713 magis
326 626 464 713 denique
486 649 614 715 possum
636 630 769 716 probare
789 628 956 714 Forbigeri
983 631 1194 707 sententiam,
1215 629 1390 696 statuentis

203 732 331 799 »iuberi
362 732 498 801 Graecos
522 755 540 800 a
564 734 739 803 Calchante
762 732 939 800 Pallatliom
964 734 1034 799 suis
1055 733 1206 800 manibus
1228 732 1388 821 pollutum
1476 785 1477 788 ,

201 845 234 903 et
256 836 375 922 templo
399 836 546 904 avulsum
572 843 604 905 in
629 840 736 907 sedern
761 859 853 905 suam
877 838 1050 916 reducere,
1076 848 1219 925 tempore
1242 859 1307 926 quo
1327 839 1387 906 hoo

200 940 383 1008 iacientium
409 944 450 1008 sit
473 963 534 1008 non
555 947 741 1011 accuratius
760 944 953 1021 constituto,
977 965 1092 1010 crimen
1111 952 1220 1011 autem
1240 963 1301 1031 pro
1320 945 1391 1030 ipso

200 1044 279 1113 eleae
310 1047 485 1113 simulacro
513 1069 583 1115 esse
611 1051 773 1137 positum,
803 1050 879 1135 quia
912 1067 974 1114 una
1007 1068 1082 1114 cum
1119 1048 1261 1116 Palladio
1290 1050 1389 1115 etiam

201 1151 270 1237 ipsa
300 1150 358 1217 dea
389 1150 576 1220 discessisse
605 1154 791 1230 videbatur,
822 1155 916 1220 cuius
938 1172 1058 1219 numen
1083 1153 1391 1242 erarptacanoum,

201 1260 297 1324 cuins
320 1276 411 1322 mens
435 1259 573 1344 propitia
596 1270 667 1325 erat
691 1256 886 1334 revocanda,
910 1266 943 1324 et
964 1278 1096 1325 versum
1125 1263 1187 1324 179
1211 1278 1229 1325 a
1254 1258 1389 1335 Sinone,

201 1361 312 1438 cuius,
332 1369 440 1446 spreta
465 1371 651 1429 eremorum
678 1365 832 1440 veritate,
864 1364 993 1430 intersit
1016 1362 1110 1430 modo
1136 1372 1172 1430 nt
1196 1362 1284 1430 fallat
1309 1363 1389 1429 Tro·

202 1468 306 1543 ianus,
337 1464 452 1543 adiici,
484 1476 653 1534 uteorum
677 1469 801 1535 animos
824 1469 928 1554 magis
952 1467 1123 1535 exacerbet
1145 1478 1178 1536 et
1202 1467 1242 1534 ad
1267 1487 1388 1554 equum

201 1573 234 1637 in
269 1569 380 1637 urbem
412 1571 633 1658 recipiendum
666 1592 704 1638 eo
738 1573 860 1639 certius
883 1573 1119 1639 commoueat.”
1153 1573 1270 1638 Contra
1291 1591 1387 1659 qoem
1470 1630 1476 1637 .

201 1678 321 1742 ilerum
347 1695 478 1741 moneo:
505 1698 619 1742 numen
644 1696 701 1763 pro
722 1676 897 1744 simulacro
917 1678 992 1763 poni
1013 1678 1154 1764 potuisse
1173 1697 1191 1743 a
1212 1685 1303 1764 poeta
1321 1696 1388 1743 om·

201 1801 275 1849 nem
299 1800 454 1869 superare
475 1780 588 1856 liberm
611 1779 726 1849 deinde
747 1803 808 1848 non
835 1783 976 1869 potuisse
1011 1780 1216 1849 Calchantem
1252 1779 1389 1848 suadere

200 1887 349 1964 Graecis,
384 1894 419 1952 ut
443 1888 548 1973 ipsum
573 1885 752 1953 Palladium
777 1887 924 1954 Troianis
949 1886 1139 1966 redderent,
1166 1907 1270 1974 neque
1294 1886 1388 1952 Sino·

200 2012 273 2058 nem
304 2011 381 2058 cum
404 1991 470 2057 nlla
496 1990 731 2078 probabilitatis
754 1996 861 2080 specie
882 1991 960 2059 illud
984 1991 1121 2078 lingere,
1155 1994 1231 2079 quia
1256 1993 1288 2058 in
1313 1990 1389 2068 latis

199 2118 269 2164 esse
298 2095 442 2163 sciebant
470 2096 621 2176 Troiam,
647 2099 708 2164 nisi
736 2098 876 2165 Palladio
896 2106 1081 2178 carentem,
1106 2098 1177 2185 capi
1200 2118 1262 2163 non
1285 2116 1388 2184 posse.

199 2203 360 2283 Quorsum
395 2221 471 2268 vero
497 2200 730 2269 haecomnia?
767 2204 807 2271 tn
832 2205 961 2270 unicam
987 2224 1039 2270 me
1063 2201 1171 2270 iuilioc
1194 2204 1300 2281 viam,
1325 2222 1389 2289 qna

200 2309 344 2374 universi
365 2306 426 2372 loci
445 2305 667 2374 difficultatem
691 2308 843 2394 expedire
861 2308 975 2384 liceat,
999 2307 1182 2375 ostendam:
1208 2326 1322 2394 nempe
1333 2327 1389 2373 ro·

201 2412 315 2479 cabula
343 2433 518 2498 numenque
540 2413 689 2479 reducant
712 2414 915 2498 significare,
944 2412 1027 2499 quod
1053 2431 1155 2478 unum
1179 2433 1236 2498 per
1259 2411 1390 2498 linguae

200 2523 356 2584 rationem
378 2526 410 2582 ct
432 2516 492 2581 loci
517 2526 704 2585 contextum
729 2518 913 2603 significare
937 2526 1089 2604 possunt,
1123 2517 1275 2603 deamque
1297 2517 1388 2582 reoc-

199 2635 286 2701 eoot,
310 2642 372 2688 non
398 2620 523 2688 reddito
547 2622 711 2699 Palladio,
743 2621 798 2688 sed
823 2621 898 2688 dato
920 2624 991 2688 eius
1013 2623 1083 2687 vice
1106 2642 1184 2703 equo
1207 2622 1326 2706 ligneo,
1352 2629 1389 2687 ut
1483 2628 1488 2636 '

197 2731 267 2815 ipse
280 2735 371 2815 poeta
385 2726 516 2794 disertis
530 2728 637 2795 verbis
648 2728 694 2793 ait
708 2747 752 2793 rs.
769 2731 831 2793 183
844 2746 918 2812 sqq:
932 2725 1022 2792 lianc
1031 2746 1089 2813 pro
1102 2723 1249 2790 Palladio
1261 2724 1388 2803 moniti,

197 2852 257 2920 pro
286 2833 414 2898 nomine
444 2832 528 2899 icero
559 2833 696 2918 effigiem
728 2840 887 2906 statuere.
923 2829 1013 2896 nolas
1041 2850 1124 2917 qnae
1152 2829 1246 2897 trista
1271 2829 1386 2915 piaret.

198 2937 245 3003 Ea
275 2937 397 3024 periuri
431 2945 479 3002 est
513 2958 566 3002 ors
599 2937 744 3015 Sinonis,
780 2944 816 3001 nt
846 2933 1038 3022 persuadeat
1063 2935 1211 3001 Troianis
1234 2956 1311 3021 equo
1336 2934 1388 3000 ilii

198 3041 276 3109 deae
308 3044 411 3110 inesse
438 3063 580 3124 elumen„
604 3040 699 3108 leand*
720 3061 813 3110 secus
846 3060 943 3127 quain
969 3043 1001 3106 in
1026 3039 1191 3117 Poilobio,
1215 3059 1316 3127 quaro
1340 3040 1389 3106 sic

197 3149 319 3237 pergit:

333 3254 422 3320 lianc
447 3261 554 3321 tamen
580 3254 760 3322 inmensam
786 3253 923 3322 Calchas
948 3251 1094 3319 attollere
1120 3250 1236 3318 molem

334 3359 502 3426 roboribus
526 3363 622 3427 textis
646 3361 798 3448 caeloque
820 3360 958 3427 educere
982 3360 1096 3436 iussit,

332 3484 372 3531 ne
396 3466 496 3552 recipi
522 3466 623 3551 portis
645 3477 703 3533 ant
726 3466 801 3532 doci
826 3466 859 3530 in
885 3464 1011 3530 moenia
1035 3469 1159 3550 posset,

331 3591 391 3635 oen
412 3570 562 3657 populum
583 3572 712 3658 antiqua
735 3570 793 3636 sub
816 3570 967 3655 religione
991 3568 1084 3633 tucri.

243 3676 330 3756 Quae
362 3674 389 3739 si
422 3694 496 3741 vcra
528 3683 577 3740 est
600 3695 671 3741 ntea
696 3664 921 3761 interpretatio
945 3672 1114 3740 verborum
1139 3692 1314 3760 numenque
1337 3693 1389 3738 ra·

197 3780 327 3857 docent,
353 3798 483 3845 necesse
505 3788 554 3844 est
578 3798 706 3845 versum
731 3787 936 3865 sequentem:

334 3882 419 3971 qnod
443 3884 553 3969 pelago
576 3893 605 3949 et
631 3886 740 3950 curris
763 3903 873 3949 secum
898 3902 1034 3950 avexere
1057 3882 1179 3948 carinis

198 4009 262 4055 oon
281 4009 352 4055 esse
373 3988 525 4072 Vergilii,
548 3987 603 4054 setl
625 3991 733 4055 nescio
752 3991 846 4055 cuius
864 3986 1122 4074 interpolatoris,
1147 3985 1388 4054 substantivum

197 4116 312 4161 curren
342 4113 510 4181 perperam
543 4092 758 4179 intellegentis
790 4102 822 4159 et
855 4101 986 4178 propter
1016 4091 1095 4158 illud
1127 4092 1278 4158 reducunt
1307 4090 1390 4159 male

198 4201 390 4266 somniantis
420 4197 458 4264 tle
492 4195 632 4263 Palladio
664 4207 775 4264 avecta
805 4200 837 4264 in
870 4198 1052 4264 Graeciam.
1094 4195 1181 4263 Nibil
1204 4206 1312 4265 autern
1338 4194 1390 4264 lu·

197 4326 329 4374 cramur
354 4301 565 4389 Peerlkampii
590 4305 796 4370 coniectura:

401 4407 486 4496 quod
512 4406 622 4495 pelago
648 4410 735 4496 turpi
762 4430 872 4477 secum
900 4427 1034 4477 arcuere
1059 4409 1185 4496 rapina.
