3244 5012
657 342 827 391 sonemus.
1271 325 1336 391 349

148 515 183 578 in
207 515 391 577 contextum
416 530 481 575 esse
505 516 676 594 receptum.
720 511 757 577 ln
781 512 892 599 Odyss.
920 521 955 575 Τ.
982 508 1057 575 364.
1083 511 1336 598 Theoclymenus

152 617 193 682 ad
215 636 325 703 procos
348 617 394 680 ita
416 616 510 679 dicit:

283 719 463 799 Εὐρύμαχ’,
488 718 523 783 οὗ
544 719 578 783 τό
599 720 629 782 π’
653 716 760 798 ἄνωγα
784 720 851 799 ἐμοὶ
876 726 1026 796 πομπῆας
1051 718 1186 799 testeo.

284 823 345 889 εῐσό
367 846 419 900 μοι
443 824 601 903 όφόαλμοό
622 824 733 889 τεκαὶ
757 824 857 891 οὔατα
882 825 934 890 καὶ
956 824 1045 897 πόδες
1070 824 1189 908 ἄμφω,

285 926 352 1012 [καὶ
378 925 440 1000 νόος
465 928 495 992 ἐν
517 929 638 1004 salicem
662 930 851 1008 τετυμμένος
875 929 957 996 οὐδὲν
981 930 1114 1014 ἀπεικός]

282 1042 385 1097 TOIC
408 1030 505 1111 ἔξειμι
530 1032 649 1115 όύραζε.

192 1137 261 1217 Quo
284 1137 418 1201 refertur
439 1144 499 1209 τοῖς
525 1140 558 1202 in
580 1146 643 1212 τοῖς
665 1137 784 1216 liesca?
808 1139 858 1204 Ad
878 1141 1025 1206 omniane
1044 1159 1125 1224 quae
1140 1139 1334 1224 praecedunt

145 1262 186 1306 an
209 1241 250 1307 ad
273 1240 362 1314 πόδες
386 1239 507 1322 ineps?
541 1242 614 1309 Non
632 1248 696 1321 est,
721 1244 830 1323 credo,
855 1244 953 1309 dubia
971 1248 1003 1309 et
1023 1265 1136 1328 anceps
1148 1246 1244 1329 optio.
1268 1242 1331 1310 Sed

143 1350 172 1412 si
203 1347 243 1412 ad
271 1346 362 1420 πόδες
392 1345 493 1430 ἄμφω
523 1349 671 1425 refertur,
703 1348 792 1415 nullo
821 1348 917 1415 modo
943 1350 1061 1415 servari
1083 1350 1202 1432 poterit
1224 1349 1331 1432 inepte

143 1455 349 1537 interpositus
370 1451 562 1517 versiculus:

281 1556 333 1621 acl
360 1557 420 1630 νόος
445 1557 474 1621 ἕν
499 1557 621 1633 sitm!
644 1556 831 1636 τετυμμένος
856 1557 937 1621 οὐδὲν
961 1559 1088 1631 ἀνεικός.

687 1869 792 1942 ΧΙΙΙ.

547 2105 739 2154 salsensem
761 2104 912 2155 Rusones.

183 2300 403 2376 Aristarchus,
435 2300 526 2364 cuius
555 2317 733 2383 numquam
754 2319 794 2364 ns
816 2300 952 2364 minima
973 2297 1103 2383 quidem
1125 2299 1262 2384 suspicio
1285 2299 1324 2365 de

139 2409 256 2472 amissa
277 2407 408 2490 antiqua
429 2405 611 2468 consonanti
634 2402 727 2468 litera
750 2427 765 2467 r
785 2404 819 2468 in
842 2403 1036 2468 carminibus
1053 2400 1235 2468 Homericis
1257 2404 1323 2468 ani·

138 2531 231 2575 mum
260 2509 375 2586 subiit,
406 2507 569 2574 interdum
598 2527 636 2571 ex
665 2506 763 2571 huius
785 2509 832 2571 rei
853 2508 1051 2593 ignoratione
1074 2511 1130 2571 eut
1152 2508 1186 2569 in
1209 2507 1323 2571 consti-

139 2614 256 2679 tuenda
284 2612 419 2678 lectione
446 2615 502 2676 aut
523 2613 557 2674 in
579 2610 759 2696 indaganda
781 2613 937 2675 sententia
959 2613 1069 2694 politae
1092 2611 1234 2697 graviter
1255 2607 1323 2694 lep-

138 2738 192 2784 sus
222 2722 270 2782 est
300 2721 332 2781 et
360 2718 395 2780 in
424 2714 609 2780 manifestos
639 2733 756 2779 errores
787 2735 820 2779 se
852 2713 968 2778 induit.
1004 2711 1041 2778 In
1064 2713 1155 2780 Iliad.
1180 2722 1218 2778 Θ.
1244 2711 1320 2779 526.

139 2841 239 2907 quum
263 2825 344 2886 esset
366 2822 400 2884 in
423 2817 515 2885 libris
537 2818 701 2884 omnibus:

318 2922 454 3003 ἔλπομαι
478 2922 644 3006 εὐχόμενος
668 2922 723 2988 nil
745 2925 774 2987 τ’
795 2921 935 2988 ἄλλοισίν
958 2947 992 2986 πε
1017 2923 1124 2988 όεοῖονν

318 3027 452 3105 ἐξελάαν
476 3027 589 3093 ectetas
612 3027 706 3099 κύνας
729 3027 1009 3110 κηρεσσιφορήτους.

181 3134 364 3201 Aristarcho
382 3132 505 3219 placuit
523 3133 561 3199 ds
581 3153 638 3199 suo
656 3153 805 3219 reponere
827 3142 982 3211 εΤΧομαν
996 3132 1211 3211 ἘΛΠόμενος.
1235 3135 1322 3201 Audi

135 3241 369 3307 Aristonicum:
395 3240 412 3315 ἡ
436 3239 530 3313 διπλῆ
547 3224 797 3325 ,(περοεςονμένν)
822 3233 867 3302 ὅτι
890 3236 1051 3313 Ζηνόδοτος
1072 3236 1189 3321 νροόΦει
1208 3238 1321 3305 ἔλπο·
1406 3248 1408 3251 ’

8 3344 10 3361 '
136 3369 210 3422 μαι
242 3344 483 3425 εὐχόμενος.
513 3345 546 3409 οὐ
570 3344 654 3409 κατὰ
679 3345 729 3409 τόν
752 3346 888 3424 Ἕκτορα
912 3343 942 3408 δὲ
965 3345 1017 3409 τόν
1040 3341 1133 3416 οὕτως
1156 3343 1322 3425 ἐπηρμένον

134 3449 254 3527 λέγειν·
285 3446 437 3528 ἐλπίζον
469 3448 696 3531 εὐχόμενος
727 3457 789 3522 τοῖς
815 3451 907 3521 trois·
941 3448 1071 3520 lassante
1095 3447 1174 3530 γοόρ·
1200 3451 1321 3514 τούναν-

9 3548 12 3573 ”
134 3555 196 3619 πόον
228 3553 292 3635 γὰρ
314 3555 421 3619 οἰκεῖον
444 3553 625 3633 εὔχομαι
649 3554 893 3632 ἐλπόμενος,
923 3560 1093 3635 καυχῶμαι
1117 3554 1321 3620 ἐλπιδοπονοό·

9 3646 11 3679 ⁵
134 3683 222 3739 μενος
247 3658 305 3725 ὑπό
329 3663 382 3723 ποῦ
408 3658 480 3731 Διός
505 3656 557 3723 καὶ
582 3665 640 3723 τῶν
662 3656 767 3723 ἄλλον
791 3659 870 3722 όεῶν.
906 3658 1115 3744 Perspicuum
1138 3664 1187 3724 est
1208 3661 1243 3723 in
1262 3659 1322 3725 tuli

9 3748 13 3785 ³
133 3788 167 3831 re
191 3763 352 3840 vactcrcc
375 3762 494 3845 γράφον
517 3760 696 3850 significare
716 3762 798 3828 hanc
821 3783 887 3828 esse
907 3762 1075 3850 vulgatam
1094 3763 1246 3829 librorum
1269 3785 1321 3830 ve

10 3858 12 3889 ⁵
134 3877 239 3937 terum
270 3871 477 3955 scripturam,
512 3888 609 3953 quam
638 3868 841 3933 Aristarchus
872 3873 928 3934 sut
963 3889 1002 3933 ex
1037 3867 1109 3933 aliis
1143 3868 1235 3935 libris
1265 3875 1321 3935 aut

10 3970 13 3999 ³
135 3978 232 4042 etiam
263 3996 301 4041 er
331 3975 461 4061 ingenio
492 3975 526 4037 in
557 3970 655 4037 sliam
685 3974 868 4039 mutaverit.
913 3974 957 4039 At
986 3993 1070 4038 nunc
1094 3973 1222 4058 quidem
1245 3994 1321 4039 eum

10 4068 14 4105 '⁵
133 4082 214 4147 ratio
245 4079 340 4167 fugit.
384 4077 469 4157 Quid
500 4080 542 4142 sit
570 4075 719 4143 Hectoris
748 4079 877 4165 ingenio
910 4080 1016 4164 magis
1046 4078 1320 4144 accommodatum

11 4202 14 4213 ’
135 4183 266 4269 (οἰκεῖον)
299 4183 422 4269 liquido
453 4179 577 4247 definiri
607 4202 669 4247 non
698 4186 820 4267 potest:
852 4203 948 4248 suum
978 4184 1110 4268 quisque
1140 4185 1174 4249 in
1201 4183 1321 4250 talibus

135 4309 261 4354 sensum
293 4290 453 4373 sequitur,
484 4307 586 4373 neque
616 4291 709 4352 acuto
730 4286 854 4353 homini
876 4308 1030 4372 umquam
1053 4286 1178 4354 deficiet
1200 4292 1318 4365 oratio,

136 4392 230 4459 donec
262 4414 336 4459 eum
367 4393 536 4479 redarguat
566 4396 687 4459 acutior
717 4391 806 4458 alter.
843 4392 935 4485 Nihil
968 4395 1013 4458 sic
1046 4391 1227 4478 proficitur:
1265 4395 1323 4461 sed
