3388 5010
275 307 339 373 att
769 322 970 370 urserumnrr

275 495 398 561 viveret
429 503 461 559 et
494 495 598 580 ipsum
633 495 815 581 percontari
844 493 965 562 liceret.
1014 493 1123 579 Pergit
1147 509 1302 578 quaerero
1327 488 1468 557 Herodes

275 599 336 680 ὄζοι
360 608 484 675 σισοῖσο;
518 597 579 667 cni
602 599 658 667 ilie
683 605 947 684 γαλακτοφαγῶ,
972 601 1089 686 inquit.
1137 597 1286 665 Advertit
1309 595 1466 663 Herodem

276 707 309 771 in
334 704 462 772 bomine
484 707 607 773 rustico
626 715 657 773 et
680 705 810 772 assiduo
831 717 981 773 venatore
999 724 1117 793 purum
1139 712 1171 771 et
1191 703 1320 791 elegans
1339 702 1467 770 dicendi

275 831 378 900 genus
399 820 432 878 et
455 814 658 880 sciscitatur:
683 814 739 889 rio
759 813 791 879 δὲ
811 812 848 888 δὲ
870 819 1019 893 γλῶτταν
1043 816 1107 886 πῶς
1130 809 1311 884 ἐπαιδεύθης
1335 810 1467 878 retiari

275 900 375 991 rioci:
407 916 575 986 bianiiesto
599 921 785 1007 suspiratur
808 918 973 985 bominem
998 920 1030 984 iu
1055 918 1262 985 venationum
1289 915 1467 983 intervallis

275 1026 339 1090 arti
362 1025 520 1092 oratoriae
545 1025 605 1092 sub
629 1025 711 1092 borio
735 1033 941 1113 praeceptore
965 1023 1042 1091 dare
1058 1044 1208 1111 operam,
1229 1033 1261 1089 at
1285 1023 1336 1090 ille
1357 1024 1467 1089 minus

274 1151 406 1218 operose
430 1130 513 1198 banc
537 1130 723 1198 facultatem
749 1130 921 1218 eollegerat
945 1140 977 1197 et
998 1132 1041 1198 ita
1062 1129 1250 1218 respondet:
1276 1132 1293 1207 >i
1313 1129 1468 1210 μεσόγεια

274 1245 330 1313 σῆς
362 1239 511 1313 Ἀττικῆς
543 1239 663 1317 οὶγαθδν
692 1239 906 1306 διδασκαλεῖον
937 1237 1019 1319 abripi
1054 1234 1229 1319 βουλομένῳ
1254 1236 1466 1317 διαλέγεσθαι.

279 1343 398 1410 Urbani
406 1396 415 1421 ‚
441 1344 566 1430 inquit,
600 1343 710 1411 uitiosa
735 1344 843 1432 linquo
867 1353 1016 1421 otiantur,
1040 1344 1094 1410 red
1116 1344 1171 1432 qui
1194 1344 1294 1410 medio
1316 1365 1391 1409 nire
1413 1364 1467 1409 oe·

275 1460 368 1517 tutem
398 1459 495 1540 cpont
524 1471 698 1522 sermonem
730 1450 867 1517 Atticum
894 1471 1013 1537 purum
1045 1460 1073 1516 et
1094 1451 1307 1538 incorreptum
1331 1462 1464 1518 σσσοσκι.

276 1558 422 1644 Purgere
442 1576 480 1624 ea
504 1554 599 1623 verba
622 1555 777 1623 Herodem
799 1555 979 1635 debebant,
1016 1557 1125 1644 itaque
1150 1558 1260 1623 statim
1286 1559 1405 1625 transit
1425 1557 1466 1625 ad

275 1664 337 1731 alia
360 1664 469 1730 omnia
493 1663 684 1750 quaeritque
709 1683 749 1728 un
774 1661 867 1730 iudos
886 1662 1091 1749 spectaverit.
1134 1661 1286 1752 Pythicas
1310 1683 1344 1729 se
1367 1663 1465 1731 semei

275 1791 314 1838 er
336 1790 464 1837 summo
487 1771 619 1837 Parnasi
641 1771 810 1836 cacumine
829 1775 1050 1857 prospectasse
1067 1767 1147 1834 dicit
1167 1778 1199 1835 et
1212 1767 1465 1854 tragoediarum

275 1887 485 1964 argumenta,
517 1878 560 1944 σοὶ
591 1883 650 1943 τῶν
681 1876 857 1944 Πελοπιδῶν
887 1875 939 1942 καὶ
973 1875 1017 1942 σοὶ
1046 1882 1105 1941 τῶν
1128 1874 1337 1953 Λαβδακιδῶν
1360 1876 1464 1957 κακοὶ,

275 1983 391 2051 acerbe
413 1981 620 2070 reprehendit
644 1991 677 2049 et
699 1983 839 2049 moribus
858 2003 967 2049 κοοσσσ
989 1982 1133 2066 graviter
1158 1982 1355 2068 pronuntiat.
1403 1982 1466 2049 lie·

275 2089 379 2171 rodes*
400 2108 464 2177 qua
488 2096 559 2155 erat
582 2089 705 2175 ingenii
729 2089 871 2156 sollertia
895 2090 1049 2156 continuo
1071 2109 1109 2155 ex
1135 2087 1185 2155 bis
1209 2087 1372 2156 bominem
1396 2109 1467 2156 esse

276 2195 501 2286 philosophum
527 2197 680 2282 perspicit
702 2204 858 2282 rogatque
883 2195 950 2279 περὶ
975 2204 1031 2273 τῆς
1054 2203 1206 2276 ρορονικῆο
1226 2196 1363 2274 ἀγωνίας
1388 2194 1465 2283 quid

276 2306 406 2372 sentiat.
454 2301 636 2388 Respondet
661 2302 805 2368 rusticus
830 2301 884 2368 sed
910 2301 993 2369 idem
1019 2302 1160 2369 disertus
1183 2309 1216 2369 et
1241 2301 1462 2391 philosophus:

276 2412 393 2478 ἐκείνων
423 2410 595 2487 καταγελῶ
619 2412 763 2489 μᾶλλον,
792 2428 864 2475 esse
886 2410 972 2474 enim
999 2409 1165 2474 bominum
1193 2409 1277 2474 inter
1300 2430 1371 2476 sese
1392 2429 1465 2477 con·

275 2518 436 2585 tentiones
462 2513 583 2581 nullius
607 2516 715 2602 pretii:
739 2516 937 2597 ςεφανούσδιι
961 2513 1010 2592 δέ,
1037 2516 1160 2601 inquit.
1185 2513 1354 2597 δδροροικδο
1373 2517 1466 2591 ἄλλο·

275 2627 330 2702 rita
352 2623 472 2704 ἔλαφον
494 2623 652 2704 παρελθὼν
676 2621 729 2689 καὶ
753 2620 857 2689 ἵππον.
906 2621 1095 2688 Admiratus
1121 2620 1260 2688 Herodes
1286 2629 1407 2688 tantam
1432 2622 1464 2687 io

276 2730 405 2798 bomine
429 2730 551 2795 rustico
573 2730 764 2816 sapientiam
790 2736 882 2795 vocat
907 2726 947 2793 ad
972 2746 1115 2794 coenam.
1154 2727 1316 2794 Promittit
1337 2747 1372 2795 se
1393 2747 1466 2794 ren·

274 2846 386 2904 turum
419 2843 451 2903 et
475 2834 568 2900 laetis
590 2836 714 2922 copiam
740 2834 800 2900 sibi
826 2834 934 2921 parari
955 2833 1044 2900 iubet
1068 2832 1127 2899 sub
1150 2841 1238 2900 certa
1264 2832 1465 2912 conditione,

273 2942 453 3023 γάλακτος,
477 2941 601 3027 inquit,
625 2933 639 3005 i
663 2943 707 3021 μδρ
732 2941 809 3021 puali
833 2938 978 3019 ἥρελξεν.
1029 2938 1185 3006 Postridie
1210 2939 1297 3006 dicto
1322 2952 1465 3027 tempore

274 3047 382 3124 adest,
413 3045 468 3113 sed
501 3066 595 3113 nares
628 3046 702 3113 lacti
733 3046 921 3121 adromeus,
953 3067 1014 3111 κοιι
1037 3056 1083 3112 ert
1103 3067 1220 3131 purum
1244 3046 1312 3123 lae,
1337 3048 1463 3134 inquit,

274 3175 348 3220 nom
376 3151 495 3219 stabulet
522 3153 602 3218 milri
634 3174 746 3219 ιιισιιιισ
774 3152 946 3218 muliebris.
981 3153 1035 3229 riv
1067 3151 1099 3217 δὲ
1129 3156 1195 3232 ρι’να
1219 3153 1335 3234 ἐρείσας
1359 3155 1388 3227 ἐς
1412 3154 1464 3219 σὸν

274 3267 412 3345 κρατῆρα
445 3261 497 3327 »οὐ
530 3260 662 3344 καθαρὸν
694 3259 783 3349 (ἔφη)
815 3258 851 3325 ri
882 3257 994 3339 γάλα,
1026 3257 1221 3338 προσβάλλει
1243 3256 1305 3340 γάρ
1329 3284 1371 3340 με
1394 3260 1464 3341 χεὶρ

273 3367 458 3449 ροναικόο·,”
490 3375 523 3433 et
556 3367 626 3433 sinc
657 3386 746 3432 mora
780 3364 927 3432 discedit.
977 3363 1115 3430 Herodes
1139 3365 1227 3430 misit
1254 3384 1309 3431 rus
1332 3367 1388 3453 qui
1413 3368 1465 3432 in·

274 3475 442 3561 quirerent
472 3481 700 3560 compertoque
730 3473 776 3538 iia
806 3491 875 3538 esse
906 3471 1032 3551 ξσνῆκεν
1062 3472 1101 3545 ὡς
1133 3470 1276 3551 δαιμονία
1302 3473 1397 3555 φύσις
1418 3472 1464 3549 εἴη

272 3582 340 3661 περὶ
372 3584 424 3647 τὸν
452 3576 558 3661 ἄνδρα.
608 3577 764 3665 Equidem
798 3598 860 3643 non
897 3577 1005 3642 minus
1042 3576 1211 3643 mirificam
1249 3587 1397 3645 naturam
1431 3579 1464 3644 in

274 3686 469 3753 Philostrato
488 3683 589 3751 tuisse
609 3682 769 3763 arbitror,
789 3685 844 3771 qui
868 3681 925 3747 bas
947 3702 1049 3769 nugas
1068 3690 1101 3749 et
1123 3684 1260 3771 ineptias
1273 3685 1465 3768 εἰορριιϊκῶο

275 3793 448 3858 memoriae
473 3788 662 3879 prodiderit.

320 3896 402 3964 Suot
428 3895 486 3964 bae
511 3897 649 3963 insulsae
673 3893 800 3963 tabulae
824 3917 841 3963 e
865 3896 930 3962 vita
952 3896 1095 3983 privata,
1126 3916 1209 3982 quae
1235 3904 1362 3985 praetor
1389 3916 1466 3984 pau·

274 4023 329 4070 cos
353 4001 529 4069 familiares
554 4022 656 4089 neque
680 4011 844 4069 auctorem
870 4001 970 4069 ullum
997 4021 1100 4089 nequo
1125 4012 1238 4069 testem
1261 4004 1377 4071 babere
1397 4023 1466 4091 pos·

275 4119 368 4186 sunt,
398 4107 535 4173 atterum
567 4107 748 4195 exemplum
776 4107 882 4175 tabula
906 4107 946 4174 de
969 4108 1107 4175 Traiano
1132 4109 1277 4196 principe
1302 4109 1467 4197 praebebit

275 4236 307 4303 p.
324 4219 401 4281 too.
425 4212 580 4294 Τρσίιάνδς
601 4215 615 4279 δ
637 4214 1131 4297 αὐτοκρατοροὲναθὲρεενοςαὐτὸν
1156 4215 1304 4303 (Dionem
1327 4214 1467 4305 Chryso·

277 4319 432 4410 stomum)
454 4319 504 4385 ἐπὶ
527 4326 582 4394 rire
604 4322 721 4400 Ῥώμης
742 4322 772 4396 ἕρ
792 4324 847 4398 arn
865 4329 982 4404 χρυσῆν
1001 4320 1132 4398 ἅμαξαν
1152 4324 1205 4406 ἐφ’
1223 4320 1255 4401 ἧς
1276 4324 1301 4389 ol
1321 4321 1467 4400 βασιλεῖς

277 4428 337 4501 σας
367 4426 401 4492 ἐκ
429 4432 489 4493 σῶν
521 4425 663 4507 πολέμιον
693 4427 825 4507 πομπὰς
848 4426 1056 4509 πομπεύουσιν
1076 4426 1168 4509 ἔλεγε
1193 4428 1281 4509 θαμὰ
1304 4426 1468 4513 tricaret·
