3296 5022
598 369 641 416 sn
664 367 931 416 ruuorsnssrun.
1318 349 1362 414 59

169 555 245 603 narn
275 536 403 621 siquid
436 536 558 602 dudum
589 537 781 603 moderatum
810 538 995 605 habuissent
1023 539 1128 631 prirna
1156 538 1227 604 lues
1253 540 1363 604 venire

170 639 427 728 supersedissent.
470 640 568 717 ,Nune
592 644 728 730 urgebat
750 663 820 729 spes
841 643 925 709 lueri
948 664 988 708 er
1009 644 1192 709 venditione
1215 644 1269 711 vel
1291 664 1363 710 oon·

172 747 320 813 ductione
342 747 489 833 faciendi.

216 954 298 1021 Ibid.
332 957 384 1023 κα)
419 958 491 1024 ούτε
525 955 578 1022 ἐπ’
613 957 816 1038 ἀλειφόμενον
850 958 943 1024 αὐτόν
978 958 1047 1024 ούτε
1082 970 1258 1036 λουομενον
1292 958 1362 1024 οὔτε

172 1060 309 1126 έσόόοντα
333 1063 426 1127 έοῖσοιι
448 1062 487 1129 όον
511 1060 682 1149 εἰσελθεῖν]
720 1061 954 1147 Theophrastus
974 1068 1007 1128 et
1025 1063 1171 1149 aequales
1188 1085 1251 1129 non
1271 1062 1365 1129 aliter

174 1166 319 1231 dicebaut
340 1187 436 1251 quam
459 1172 583 1243 λοῦται,
614 1169 761 1244 λούοόαι,
796 1169 961 1245 λούμενος,
989 1169 1044 1234 sed
1066 1167 1216 1235 Graeculi
1239 1172 1268 1234 ei
1291 1189 1366 1234 suas

173 1270 279 1335 sordes
301 1270 453 1336 affrieaut.

221 1478 297 1566 Cap.
320 1483 422 1548 XXV.
448 1485 588 1557 Δειλόας.

221 1587 235 1650 ό
260 1586 292 1651 δὲ
322 1587 419 1661 δειλός
448 1589 582 1660 τοιοῦτός
613 1612 661 1660 τις
693 1584 817 1659 οἶος-
841 1586 989 1658 κλύδωνος
1013 1585 1175 1665 γενομένου
1200 1586 1312 1666 ε’ρωτοῖυ
1337 1587 1366 1651 εἴ

176 1715 223 1762 τις
246 1691 291 1768 oi
313 1692 473 1770 μεμύηται
497 1699 556 1757 τῶν
579 1694 774 1778 ΠΛέοντων.]
797 1695 824 1758 οἱ
840 1692 984 1763 πλέοντες
1001 1698 1073 1756 tum
1092 1690 1293 1776 appellantur
1308 1694 1366 1756 ubi

177 1800 378 1881 opponuntur
407 1805 471 1870 τοῖς
495 1799 525 1861 ἐν
547 1808 586 1879 τῇ
611 1808 665 1878 γη.
690 1797 830 1882 alioquin
858 1817 915 1882 pro
945 1817 979 1861 re
1002 1800 1077 1860 nata
1099 1802 1156 1860 sut
1178 1794 1364 1874 ἐμπλέοντες

176 1900 326 1965 dicuntur
357 1907 413 1966 aut
442 1901 665 1980 συμπλέοντες.
713 1902 824 1987 Itaque
854 1907 961 1967 nostro
987 1901 1056 1965 loeo
1084 1903 1296 1966 necessarium
1319 1908 1367 1966 est

176 2005 291 2084 έρωτῖον
315 2004 343 2070 εό
363 2029 411 2077 τις
434 2007 479 2083 μη
510 2007 672 2085 μεμύηται
702 2008 762 2071 τῶν
787 2006 1041 2071 ΕΤΜπλεόντων.
1089 2005 1191 2071 Navis
1212 2006 1368 2092 magister

177 2109 297 2174 dieitur
317 2110 388 2183 τοὺς
412 2112 640 2183 ἐΜπλέοντας
663 2110 788 2193 αύζειν,
812 2112 867 2176 sed
889 2116 997 2176 vector
1014 2109 1129 2194 aliquis
1146 2109 1283 2193 reliquos
1301 2130 1367 2174 om-

178 2235 234 2279 nes
256 2216 312 2298 qui
334 2221 409 2279 sunt
431 2217 465 2280 in
488 2216 599 2281 eadem
622 2219 697 2281 nari
719 2217 789 2286 τοὺς
814 2217 1056 2287 consessores
1080 2234 1190 2279 vocare
1213 2214 1302 2280 solet.

224 2421 306 2491 Ibid.
334 2428 389 2488 τοῦ
420 2424 604 2505 κυβερνήτου
630 2462 672 2473 —-
696 2424 897 2490 πυυόοέυεσόοω
922 2461 965 2471 -
986 2425 1018 2489 τό
1040 2426 1125 2505 αὐτῷ
1148 2423 1230 2489 δοκεῖ
1248 2425 1291 2488 τός
1314 2430 1367 2489 τοῦ

180 2526 277 2616 όεοῦη]
311 2526 515 2595 casaubonus
554 2578 571 2607 ‚‚
586 2530 703 2595 Veteres
731 2532 812 2594 nisis
823 2531 940 2615 secuse
974 2567 1017 2577 —-
1048 2530 1234 2617 inauspicato
1259 2535 1369 2592 οσσέωνω

180 2632 248 2698 oo.
294 2632 367 2698 Non
390 2640 438 2698 est
460 2634 540 2700 haee·
558 2633 621 2699 looi
651 2639 827 2711 sententia‚'
854 2636 908 2701 sed
931 2635 1014 2719 quod
1036 2654 1145 2699 omnes
1166 2638 1201 2698 in
1223 2654 1259 2700 ea
1281 2654 1315 2698 re
1338 2638 1370 2697 et

181 2735 260 2801 olim
283 2741 316 2800 et
338 2758 422 2803 nuno
445 2759 464 2804 a
486 2741 577 2805 navis
598 2743 754 2826 magistro
776 2745 831 2804 aut
854 2739 1064 2825 gubernatore
1086 2740 1287 2803 sciscitantur
1309 2739 1371 2815 „de

181 2841 255 2905 coeli
273 2848 440 2924 tenpestate
461 2844 536 2928 quid
554 2845 583 2907 ον’
600 2844 773 2907 videatur?
795 2851 833 2909 ut
852 2844 969 2907 dieitur
987 2840 1087 2914 ὕοντος
1107 2847 1159 2906 σού
1181 2843 1264 2918 seso,
1286 2845 1371 2922 βρον-

181 2950 292 3019 τῶντος
317 2951 350 3011 et
371 2949 443 3011 sim.
490 2946 528 3012 ln
549 2950 770 3033 Aristophanis
790 2948 903 3013 sesso
925 2949 1049 3031 quaerit
1070 2947 1296 3012 Prometheus:

497 3052 529 3116 τό
551 3053 615 3132 γὰρ
639 3054 653 3117 ό
677 3054 754 3126 Ζεύς
779 3061 876 3127 ποιεῖς

182 3154 216 3219 id
238 3160 304 3220 est:
328 3177 403 3241 quoe
426 3165 468 3221 est
490 3158 564 3222 coesi
586 3159 761 3242 όοωρνοεέωεέ
784 3159 930 3222 Sodomae
953 3162 995 3220 ost
1018 3179 1059 3219 oo
1080 3157 1237 3228 κυόὶύωινό

429 3259 608 3343 ἐξαιθριόζει
633 3262 692 3334 τόςς
717 3262 853 3343 νεφέλας
879 3262 896 3336 ἢ
920 3257 1082 3341 ξυννέφεις

225 3362 411 3448 Xenophon.
434 3367 469 3428 in
504 3366 688 3431 Oeconomico
718 3366 819 3432 XVII.
844 3365 875 3431 2.
900 3364 1023 3430 έπειὸόιν
1046 3366 1111 3445 μόιρ
1134 3367 1148 3430 ό
1172 3367 1373 3448 μετοπωρινός

117 3502 121 3511 ·
182 3465 287 3548 χρόνος
311 3465 381 3550 έλόη
405 3468 522 3541 πιόντες
546 3495 603 3536 σου
627 3472 652 3536 οἱ
675 3470 820 3552 ἄνόρονποι
849 3471 943 3551 πρός
978 3469 1045 3533 τόν
1080 3471 1164 3536 όεόν
1194 3471 1373 3550 ἀποβλέ-

184 3594 327 3637 πουσιν
360 3572 452 3639 όπότε
484 3575 599 3654 βρέξας
628 3576 684 3651 την
716 3583 775 3655 γῆν
806 3578 922 3658 οὶφνὶσει
952 3574 1064 3646 αὐτοὺς
1087 3576 1236 3655 σπεόρειν,
1268 3576 1303 3641 id
1327 3582 1375 3641 est

183 3697 280 3741 omues
301 3676 431 3742 Ιωωόαοε
453 3681 528 3744 coeli
549 3688 744 3764 ύουηοοοόοόωα
765 3683 930 3745 observant.

228 3884 309 3951 Ibid.
341 3886 394 3952 καὶ
424 3893 479 3953 τοῦ
510 3895 665 3958 σαλπιςοῦ
688 3890 719 3955 δέ
743 3892 777 3955 τὸ
802 3890 969 3966 πολεμικόν
991 3894 1182 3967 σημήναντος
1206 3888 1374 3965 καθήμενος

184 3994 216 4055 ὲν
237 4001 276 4073 τῇ
301 4001 417 4074 σκηνῇ·
446 3995 575 4073 Ἄσαν·
604 3996 634 4069 ές
666 3994 799 4074 κόρακας
830 3997 884 4059 ούκ
912 3993 1012 4059 taisel
1035 3993 1086 4058 τόν
1110 3992 1260 4073 ύνόρωπου
1283 3991 1375 4059 ύπυου

183 4098 298 4175 λαβεῖν
317 4097 420 4162 πυκναὶ
439 4099 622 4184 σημαίνων]
658 4098 868 4165 Scribendum
888 4101 942 4165 ούκ
959 4097 1102 4177 sassie,
1124 4101 1375 4184 quintamquom

184 4204 341 4286 praesenti
371 4202 507 4268 tubicini
531 4202 649 4291 (ἄπαγ’
672 4206 703 4278 ές
728 4205 873 4291 κόρακας)
897 4208 1092 4290 imprecatur
1112 4203 1247 4269 malum.
1282 4203 1375 4270 Proe-

185 4312 271 4373 terea
292 4308 414 4393 corrige
437 4328 476 4372 ex
498 4316 582 4375 oerto
605 4309 756 4377 Veterum
778 4331 840 4375 usu
863 4307 956 4376 ύτυον
979 4316 1115 4387 λαλεῖν,
1147 4312 1296 4393 quoniam
1320 4316 1377 4375 out

185 4416 231 4479 sio
261 4418 318 4479 aut
348 4409 441 4479 ύπνου
471 4423 603 4482 ΤΤΧεῖυ
637 4416 883 4482 Atheniensibus
913 4420 961 4482 est
987 4422 1173 4481 consuetum
1207 4416 1309 4481 dicere
1344 4423 1377 4482 et
