<?xml version="1.0" encoding="UTF-8"?>
<!DOCTYPE html PUBLIC "-//W3C//DTD XHTML 1.0 Transitional//EN"
    "http://www.w3.org/TR/xhtml1/DTD/xhtml1-transitional.dtd">
<html xmlns="http://www.w3.org/1999/xhtml" xml:lang="en" lang="en">
 <head>
  <title>
</title>
<meta http-equiv="Content-Type" content="text/html;charset=utf-8" />
  <meta name='ocr-system' content='tesseract 3.04.00' />
  <meta name='ocr-capabilities' content='ocr_page ocr_carea ocr_par ocr_line ocrx_word'/>
</head>
<body>
  <div class='ocr_page' id='page_1' title='image "./mnemosynebiblio00servgoog_0683.png"; bbox 0 0 3242 5014; ppageno 0'>
   <div class='ocr_carea' id='block_1_1' title="bbox 752 361 964 412">
    <p class='ocr_par' dir='ltr' id='par_1_1' title="bbox 752 361 964 412">
     <span class='ocr_line' id='line_1_1' title="bbox 752 361 964 412; baseline -0.005 -2"><span class='ocrx_word' id='word_1_1' title='bbox 752 361 964 412; x_wconf 62' lang='lat' dir='ltr'>amararum.</span> 
     </span>
    </p>
   </div>
   <div class='ocr_carea' id='block_1_2' title="bbox 426 528 737 611">
    <p class='ocr_par' dir='ltr' id='par_1_2' title="bbox 426 528 737 611">
     <span class='ocr_line' id='line_1_2' title="bbox 426 528 737 611; baseline -0.003 -16"><span class='ocrx_word' id='word_1_2' title='bbox 426 528 507 609; x_wconf 70' lang='grc' dir='ltr'><strong><em>ἥξεις</em></strong></span> <span class='ocrx_word' id='word_1_3' title='bbox 528 528 671 611; x_wconf 74' lang='grc' dir='ltr'><strong><em>ςννάνορ</em></strong></span> <span class='ocrx_word' id='word_1_4' title='bbox 696 569 737 580; x_wconf 95' lang='grc'>-</span> 
     </span>
    </p>
   </div>
   <div class='ocr_carea' id='block_1_3' title="bbox 177 738 1466 4509">
    <p class='ocr_par' dir='ltr' id='par_1_3' title="bbox 363 738 1136 821">
     <span class='ocr_line' id='line_1_3' title="bbox 363 738 1136 821; baseline -0.003 -10"><span class='ocrx_word' id='word_1_5' title='bbox 363 802 370 811; x_wconf 83' lang='grc'><strong>.</strong></span> <span class='ocrx_word' id='word_1_6' title='bbox 426 738 521 808; x_wconf 81' lang='grc' dir='ltr'><strong><em>αὖπαι</em></strong></span> <span class='ocrx_word' id='word_1_7' title='bbox 545 740 575 806; x_wconf 86' lang='grc' dir='ltr'>σ’</span> <span class='ocrx_word' id='word_1_8' title='bbox 598 742 780 821; x_wconf 71' lang='grc' dir='ltr'>ὁδηγήσουσι</span> <span class='ocrx_word' id='word_1_9' title='bbox 806 744 858 807; x_wconf 78' lang='grc' dir='ltr'>καὶ</span> <span class='ocrx_word' id='word_1_10' title='bbox 880 744 961 819; x_wconf 80' lang='grc' dir='ltr'><strong><em>μάλ’</em></strong></span> <span class='ocrx_word' id='word_1_11' title='bbox 984 742 1136 821; x_wconf 75' lang='grc' dir='ltr'><strong><em>άσμένας.</em></strong></span> 
     </span>
    </p>

    <p class='ocr_par' dir='ltr' id='par_1_4' title="bbox 426 845 1272 930">
     <span class='ocr_line' id='line_1_4' title="bbox 426 845 1272 930; baseline 0.002 -16"><span class='ocrx_word' id='word_1_12' title='bbox 426 845 539 926; x_wconf 67' lang='grc' dir='ltr'>ἰσθμὸν</span> <span class='ocrx_word' id='word_1_13' title='bbox 562 847 590 914; x_wconf 68' lang='grc' dir='ltr'>δ’</span> <span class='ocrx_word' id='word_1_14' title='bbox 614 845 666 911; x_wconf 78' lang='grc' dir='ltr'>ἐπ’</span> <span class='ocrx_word' id='word_1_15' title='bbox 693 849 806 921; x_wconf 78' lang='grc' dir='ltr'><strong><em>αὑταῖς</em></strong></span> <span class='ocrx_word' id='word_1_16' title='bbox 830 847 996 930; x_wconf 82' lang='grc' dir='ltr'><strong><em>ςενοπάροις</em></strong></span> <span class='ocrx_word' id='word_1_17' title='bbox 1020 849 1132 926; x_wconf 71' lang='grc' dir='ltr'><strong><em>λίμνης</em></strong></span> <span class='ocrx_word' id='word_1_18' title='bbox 1156 850 1272 922; x_wconf 81' lang='grc' dir='ltr'><strong><em>πύλαις</em></strong></span> 
     </span>
    </p>

    <p class='ocr_par' dir='ltr' id='par_1_5' title="bbox 428 946 1260 1038">
     <span class='ocr_line' id='line_1_5' title="bbox 428 946 1260 1038; baseline -0.001 -18"><span class='ocrx_word' id='word_1_19' title='bbox 428 954 614 1035; x_wconf 72' lang='grc' dir='ltr'>Κιμμερικὸν</span> <span class='ocrx_word' id='word_1_20' title='bbox 637 952 737 1031; x_wconf 73' lang='grc' dir='ltr'><strong><em>ἥξεις,</em></strong></span> <span class='ocrx_word' id='word_1_21' title='bbox 762 946 794 1019; x_wconf 73' lang='grc' dir='ltr'>ὃν</span> <span class='ocrx_word' id='word_1_22' title='bbox 816 952 1116 1038; x_wconf 68' lang='grc' dir='ltr'>θρασυσπλάγχνως</span> <span class='ocrx_word' id='word_1_23' title='bbox 1141 978 1176 1019; x_wconf 85' lang='grc' dir='ltr'>σε</span> <span class='ocrx_word' id='word_1_24' title='bbox 1199 959 1260 1036; x_wconf 70' lang='grc' dir='ltr'>χρὴ</span> 
     </span>
    </p>

    <p class='ocr_par' dir='ltr' id='par_1_6' title="bbox 177 1059 1462 1771">
     <span class='ocr_line' id='line_1_6' title="bbox 427 1059 1080 1141; baseline 0.002 -16"><span class='ocrx_word' id='word_1_25' title='bbox 427 1062 579 1125; x_wconf 80' lang='grc' dir='ltr'>λιποῦσαν</span> <span class='ocrx_word' id='word_1_26' title='bbox 604 1059 715 1125; x_wconf 81' lang='grc' dir='ltr'><strong><em>αὐλῶν’</em></strong></span> <span class='ocrx_word' id='word_1_27' title='bbox 736 1060 868 1141; x_wconf 73' lang='grc' dir='ltr'><strong><em>ἐκπερᾶν</em></strong></span> <span class='ocrx_word' id='word_1_28' title='bbox 892 1060 1080 1127; x_wconf 75' lang='grc' dir='ltr'><strong><em>Μαιωτικόν.</em></strong></span> 
     </span>
     <span class='ocr_line' id='line_1_7' title="bbox 313 1163 1462 1254; baseline 0.002 -23"><span class='ocrx_word' id='word_1_29' title='bbox 313 1163 397 1231; x_wconf 81' lang='lat' dir='ltr'>Sunt</span> <span class='ocrx_word' id='word_1_30' title='bbox 425 1166 528 1254; x_wconf 77' lang='lat' dir='ltr'>igitur</span> <span class='ocrx_word' id='word_1_31' title='bbox 556 1170 629 1250; x_wconf 92' lang='lat' dir='ltr'>post</span> <span class='ocrx_word' id='word_1_32' title='bbox 659 1164 730 1238; x_wconf 80' lang='grc' dir='ltr'><strong><em>τοὺς</em></strong></span> <span class='ocrx_word' id='word_1_33' title='bbox 762 1163 892 1240; x_wconf 64' lang='grc' dir='ltr'><strong><em>Σκύθας</em></strong></span> <span class='ocrx_word' id='word_1_34' title='bbox 916 1166 1070 1246; x_wconf 71' lang='grc' dir='ltr'><strong><em>νομάδας,</em></strong></span> <span class='ocrx_word' id='word_1_35' title='bbox 1101 1168 1244 1252; x_wconf 90' lang='lat' dir='ltr'>primum</span> <span class='ocrx_word' id='word_1_36' title='bbox 1268 1168 1301 1231; x_wconf 83' lang='grc' dir='ltr'>αἱ</span> <span class='ocrx_word' id='word_1_37' title='bbox 1324 1167 1462 1235; x_wconf 74' lang='grc' dir='ltr'><strong><em>άλάςονοι</em></strong></span> 
     </span>
     <span class='ocr_line' id='line_1_8' title="bbox 177 1269 1462 1359; baseline 0.002 -22"><span class='ocrx_word' id='word_1_38' title='bbox 177 1343 180 1348; x_wconf 57' lang='grc'><strong>,</strong></span> <span class='ocrx_word' id='word_1_39' title='bbox 268 1270 395 1354; x_wconf 80' lang='grc' dir='ltr'><strong><em>ῥαχίαν,</em></strong></span> <span class='ocrx_word' id='word_1_40' title='bbox 419 1275 491 1336; x_wconf 89' lang='lat' dir='ltr'>tum</span> <span class='ocrx_word' id='word_1_41' title='bbox 518 1269 666 1349; x_wconf 81' lang='grc' dir='ltr'><strong><em>Χάλυβες</em></strong></span> <span class='ocrx_word' id='word_1_42' title='bbox 697 1272 882 1350; x_wconf 85' lang='lat' dir='ltr'>asinistrs,</span> <span class='ocrx_word' id='word_1_43' title='bbox 914 1273 1032 1340; x_wconf 65' lang='lat' dir='ltr'>flamus</span> <span class='ocrx_word' id='word_1_44' title='bbox 1054 1272 1218 1354; x_wconf 64' lang='lat' dir='ltr'>‘aeaeis</span> <span class='ocrx_word' id='word_1_45' title='bbox 1246 1274 1341 1358; x_wconf 81' lang='lat' dir='ltr'>juxta</span> <span class='ocrx_word' id='word_1_46' title='bbox 1363 1293 1462 1359; x_wconf 88' lang='lat' dir='ltr'>quem</span> 
     </span>
     <span class='ocr_line' id='line_1_9' title="bbox 269 1374 1462 1463; baseline 0.002 -20"><span class='ocrx_word' id='word_1_47' title='bbox 269 1379 331 1445; x_wconf 88' lang='lat' dir='ltr'>iter</span> <span class='ocrx_word' id='word_1_48' title='bbox 359 1376 455 1442; x_wconf 86' lang='lat' dir='ltr'>faciet</span> <span class='ocrx_word' id='word_1_49' title='bbox 483 1374 518 1442; x_wconf 94' lang='lat' dir='ltr'>Io</span> <span class='ocrx_word' id='word_1_50' title='bbox 548 1397 649 1463; x_wconf 86' lang='lat' dir='ltr'>usqua</span> <span class='ocrx_word' id='word_1_51' title='bbox 679 1376 720 1443; x_wconf 91' lang='lat' dir='ltr'>ad</span> <span class='ocrx_word' id='word_1_52' title='bbox 747 1374 941 1457; x_wconf 87' lang='lat' dir='ltr'>Caucasum,</span> <span class='ocrx_word' id='word_1_53' title='bbox 972 1379 1030 1444; x_wconf 91' lang='lat' dir='ltr'>ubi</span> <span class='ocrx_word' id='word_1_54' title='bbox 1056 1379 1201 1444; x_wconf 89' lang='lat' dir='ltr'>fluminis</span> <span class='ocrx_word' id='word_1_55' title='bbox 1221 1377 1333 1445; x_wconf 79' lang='lat' dir='ltr'>fontes.</span> <span class='ocrx_word' id='word_1_56' title='bbox 1379 1378 1462 1446; x_wconf 83' lang='lat' dir='ltr'>Mox</span> 
     </span>
     <span class='ocr_line' id='line_1_10' title="bbox 269 1480 1462 1570; baseline -0.001 -19"><span class='ocrx_word' id='word_1_57' title='bbox 269 1487 416 1569; x_wconf 88' lang='lat' dir='ltr'>superato</span> <span class='ocrx_word' id='word_1_58' title='bbox 446 1488 555 1548; x_wconf 91' lang='lat' dir='ltr'>monte</span> <span class='ocrx_word' id='word_1_59' title='bbox 586 1481 621 1549; x_wconf 93' lang='lat' dir='ltr'>Io</span> <span class='ocrx_word' id='word_1_60' title='bbox 644 1481 770 1549; x_wconf 75' lang='lat' dir='ltr'>accedet</span> <span class='ocrx_word' id='word_1_61' title='bbox 793 1482 833 1549; x_wconf 92' lang='lat' dir='ltr'>ad</span> <span class='ocrx_word' id='word_1_62' title='bbox 855 1483 1048 1563; x_wconf 76' lang='lat' dir='ltr'><strong>Amazonas,</strong></span> <span class='ocrx_word' id='word_1_63' title='bbox 1078 1490 1151 1570; x_wconf 91' lang='lat' dir='ltr'>post</span> <span class='ocrx_word' id='word_1_64' title='bbox 1173 1505 1250 1570; x_wconf 91' lang='lat' dir='ltr'>quas</span> <span class='ocrx_word' id='word_1_65' title='bbox 1272 1480 1387 1563; x_wconf 70' lang='grc' dir='ltr'>ἰσθμὸς</span> <span class='ocrx_word' id='word_1_66' title='bbox 1411 1493 1462 1550; x_wconf 88' lang='lat' dir='ltr'>est</span> 
     </span>
     <span class='ocr_line' id='line_1_11' title="bbox 269 1584 1461 1675; baseline 0.003 -22"><span class='ocrx_word' id='word_1_67' title='bbox 269 1588 320 1654; x_wconf 65' lang='grc' dir='ltr'>ἐπὶ</span> <span class='ocrx_word' id='word_1_68' title='bbox 342 1584 509 1669; x_wconf 78' lang='grc' dir='ltr'><strong><em>ςενοπάροις</em></strong></span> <span class='ocrx_word' id='word_1_69' title='bbox 533 1586 643 1666; x_wconf 75' lang='grc' dir='ltr'><strong><em>λίμνης</em></strong></span> <span class='ocrx_word' id='word_1_70' title='bbox 665 1586 799 1671; x_wconf 80' lang='grc' dir='ltr'><strong><em>πάλαις,</em></strong></span> <span class='ocrx_word' id='word_1_71' title='bbox 824 1588 959 1675; x_wconf 89' lang='lat' dir='ltr'>denique</span> <span class='ocrx_word' id='word_1_72' title='bbox 981 1589 1108 1657; x_wconf 83' lang='lat' dir='ltr'>debebit</span> <span class='ocrx_word' id='word_1_73' title='bbox 1131 1592 1183 1656; x_wconf 76' lang='lat' dir='ltr'>ada</span> <span class='ocrx_word' id='word_1_74' title='bbox 1206 1588 1384 1655; x_wconf 75' lang='grc' dir='ltr'><strong><em>Μαιωπιιιὸν</em></strong></span> <span class='ocrx_word' id='word_1_75' title='bbox 1403 1593 1461 1656; x_wconf 73' lang='lat' dir='ltr'>ad·</span> 
     </span>
     <span class='ocr_line' id='line_1_12' title="bbox 268 1693 1009 1771; baseline 0 -11"><span class='ocrx_word' id='word_1_76' title='bbox 268 1699 351 1760; x_wconf 78' lang='grc' dir='ltr'><strong><em>λῶνα</em></strong></span> <span class='ocrx_word' id='word_1_77' title='bbox 373 1696 515 1771; x_wconf 76' lang='lat' dir='ltr'>tranare,</span> <span class='ocrx_word' id='word_1_78' title='bbox 540 1697 578 1760; x_wconf 88' lang='lat' dir='ltr'>ut</span> <span class='ocrx_word' id='word_1_79' title='bbox 600 1694 703 1759; x_wconf 91' lang='lat' dir='ltr'>sicin</span> <span class='ocrx_word' id='word_1_80' title='bbox 726 1693 836 1759; x_wconf 89' lang='lat' dir='ltr'>Asiam</span> <span class='ocrx_word' id='word_1_81' title='bbox 861 1698 1009 1760; x_wconf 87' lang='lat' dir='ltr'>transeat.</span> 
     </span>
    </p>

    <p class='ocr_par' dir='ltr' id='par_1_7' title="bbox 270 1797 1463 2413">
     <span class='ocr_line' id='line_1_13' title="bbox 315 1797 1460 1884; baseline 0.002 -20"><span class='ocrx_word' id='word_1_82' title='bbox 315 1797 388 1865; x_wconf 90' lang='lat' dir='ltr'>Duo</span> <span class='ocrx_word' id='word_1_83' title='bbox 417 1803 509 1876; x_wconf 90' lang='lat' dir='ltr'>sunt,</span> <span class='ocrx_word' id='word_1_84' title='bbox 541 1817 622 1884; x_wconf 90' lang='lat' dir='ltr'>quae</span> <span class='ocrx_word' id='word_1_85' title='bbox 650 1800 762 1863; x_wconf 87' lang='lat' dir='ltr'>statim</span> <span class='ocrx_word' id='word_1_86' title='bbox 791 1800 964 1884; x_wconf 89' lang='lat' dir='ltr'>unicuique</span> <span class='ocrx_word' id='word_1_87' title='bbox 985 1800 1155 1866; x_wconf 85' lang='lat' dir='ltr'>manifesta</span> <span class='ocrx_word' id='word_1_88' title='bbox 1177 1807 1261 1866; x_wconf 89' lang='lat' dir='ltr'>sunt.</span> <span class='ocrx_word' id='word_1_89' title='bbox 1308 1800 1460 1866; x_wconf 89' lang='lat' dir='ltr'>Primum</span> 
     </span>
     <span class='ocr_line' id='line_1_14' title="bbox 271 1902 1460 1992; baseline 0 -20"><span class='ocrx_word' id='word_1_90' title='bbox 271 1909 319 1973; x_wconf 89' lang='lat' dir='ltr'>est</span> <span class='ocrx_word' id='word_1_91' title='bbox 348 1903 432 1989; x_wconf 92' lang='lat' dir='ltr'>quod</span> <span class='ocrx_word' id='word_1_92' title='bbox 461 1902 495 1970; x_wconf 92' lang='lat' dir='ltr'>Io</span> <span class='ocrx_word' id='word_1_93' title='bbox 526 1904 640 1992; x_wconf 77' lang='lat' dir='ltr'>dirigit</span> <span class='ocrx_word' id='word_1_94' title='bbox 661 1924 790 1969; x_wconf 90' lang='lat' dir='ltr'>cursum</span> <span class='ocrx_word' id='word_1_95' title='bbox 814 1924 909 1969; x_wconf 88' lang='lat' dir='ltr'>suum</span> <span class='ocrx_word' id='word_1_96' title='bbox 932 1907 1016 1971; x_wconf 87' lang='lat' dir='ltr'>inter</span> <span class='ocrx_word' id='word_1_97' title='bbox 1038 1906 1207 1971; x_wconf 84' lang='lat' dir='ltr'>meridiem</span> <span class='ocrx_word' id='word_1_98' title='bbox 1230 1911 1263 1972; x_wconf 91' lang='lat' dir='ltr'>et</span> <span class='ocrx_word' id='word_1_99' title='bbox 1285 1907 1460 1983; x_wconf 89' lang='lat' dir='ltr'>orientem,</span> 
     </span>
     <span class='ocr_line' id='line_1_15' title="bbox 270 2007 1462 2096; baseline 0.002 -20"><span class='ocrx_word' id='word_1_100' title='bbox 270 2008 408 2077; x_wconf 87' lang='lat' dir='ltr'>alterum</span> <span class='ocrx_word' id='word_1_101' title='bbox 430 2009 514 2096; x_wconf 89' lang='lat' dir='ltr'>quod</span> <span class='ocrx_word' id='word_1_102' title='bbox 536 2008 621 2095; x_wconf 91' lang='lat' dir='ltr'>apud</span> <span class='ocrx_word' id='word_1_103' title='bbox 643 2007 840 2096; x_wconf 75' lang='lat' dir='ltr'>Aeschylum</span> <span class='ocrx_word' id='word_1_104' title='bbox 862 2012 973 2096; x_wconf 91' lang='lat' dir='ltr'>utique</span> <span class='ocrx_word' id='word_1_105' title='bbox 997 2009 1095 2076; x_wconf 89' lang='lat' dir='ltr'>Palus</span> <span class='ocrx_word' id='word_1_106' title='bbox 1116 2010 1254 2076; x_wconf 90' lang='lat' dir='ltr'>Maeotis</span> <span class='ocrx_word' id='word_1_107' title='bbox 1275 2011 1359 2078; x_wconf 85' lang='lat' dir='ltr'>infra</span> <span class='ocrx_word' id='word_1_108' title='bbox 1377 2009 1462 2078; x_wconf 84' lang='lat' dir='ltr'>Cau·</span> 
     </span>
     <span class='ocr_line' id='line_1_16' title="bbox 271 2112 1463 2204; baseline -0.001 -23"><span class='ocrx_word' id='word_1_109' title='bbox 271 2135 382 2181; x_wconf 89' lang='lat' dir='ltr'>casum</span> <span class='ocrx_word' id='word_1_110' title='bbox 415 2119 472 2180; x_wconf 85' lang='lat' dir='ltr'>est.</span> <span class='ocrx_word' id='word_1_111' title='bbox 517 2117 554 2181; x_wconf 89' lang='lat'>‘0</span> <span class='ocrx_word' id='word_1_112' title='bbox 591 2116 777 2195; x_wconf 76' lang='grc' dir='ltr'><strong><em>Κιαμεριιιρς</em></strong></span> <span class='ocrx_word' id='word_1_113' title='bbox 811 2112 926 2191; x_wconf 69' lang='grc' dir='ltr'><strong><em>ἰσθμὸς</em></strong></span> <span class='ocrx_word' id='word_1_114' title='bbox 958 2121 1066 2182; x_wconf 86' lang='lat' dir='ltr'>autem</span> <span class='ocrx_word' id='word_1_115' title='bbox 1102 2116 1258 2203; x_wconf 82' lang='lat' dir='ltr'>(Pcrckop)</span> <span class='ocrx_word' id='word_1_116' title='bbox 1293 2119 1463 2204; x_wconf 79' lang='lat' dir='ltr'>conjungit</span> 
     </span>
     <span class='ocr_line' id='line_1_17' title="bbox 271 2216 1463 2301; baseline -0.002 -15"><span class='ocrx_word' id='word_1_117' title='bbox 271 2219 441 2286; x_wconf 75' lang='lat' dir='ltr'>Tauricam</span> <span class='ocrx_word' id='word_1_118' title='bbox 471 2216 702 2301; x_wconf 72' lang='lat' dir='ltr'>Chersonesum</span> <span class='ocrx_word' id='word_1_119' title='bbox 730 2225 762 2285; x_wconf 93' lang='lat' dir='ltr'>et</span> <span class='ocrx_word' id='word_1_120' title='bbox 792 2224 910 2287; x_wconf 74' lang='lat' dir='ltr'>terrm</span> <span class='ocrx_word' id='word_1_121' title='bbox 933 2223 1166 2298; x_wconf 88' lang='lat' dir='ltr'>continentem,</span> <span class='ocrx_word' id='word_1_122' title='bbox 1196 2226 1234 2285; x_wconf 92' lang='lat' dir='ltr'>ut</span> <span class='ocrx_word' id='word_1_123' title='bbox 1256 2221 1463 2299; x_wconf 70' lang='lat' dir='ltr'>videmus35</span> 
     </span>
     <span class='ocr_line' id='line_1_18' title="bbox 274 2323 1322 2413; baseline 0.001 -22"><span class='ocrx_word' id='word_1_124' title='bbox 274 2325 305 2392; x_wconf 74' lang='grc' dir='ltr'>ῥὶ</span> <span class='ocrx_word' id='word_1_125' title='bbox 329 2323 508 2397; x_wconf 71' lang='lat' dir='ltr'>Materiale</span> <span class='ocrx_word' id='word_1_126' title='bbox 532 2325 635 2392; x_wconf 81' lang='grc' dir='ltr'><strong><em>αὐλὼν</em></strong></span> <span class='ocrx_word' id='word_1_127' title='bbox 659 2325 743 2413; x_wconf 79' lang='lat' dir='ltr'>(Jcaa&#39;</span> <span class='ocrx_word' id='word_1_128' title='bbox 763 2325 842 2412; x_wconf 75' lang='lat' dir='ltr'>kala)</span> <span class='ocrx_word' id='word_1_129' title='bbox 866 2325 1024 2412; x_wconf 81' lang='lat' dir='ltr'>Bosporus</span> <span class='ocrx_word' id='word_1_130' title='bbox 1046 2323 1240 2392; x_wconf 83' lang='lat' dir='ltr'>Cimmerius</span> <span class='ocrx_word' id='word_1_131' title='bbox 1265 2331 1322 2392; x_wconf 83' lang='lat' dir='ltr'>est.</span> 
     </span>
    </p>

    <p class='ocr_par' dir='ltr' id='par_1_8' title="bbox 268 2426 1466 3973">
     <span class='ocr_line' id='line_1_19' title="bbox 318 2426 1465 2518; baseline 0.003 -21"><span class='ocrx_word' id='word_1_132' title='bbox 318 2426 432 2497; x_wconf 88' lang='lat' dir='ltr'>Contra</span> <span class='ocrx_word' id='word_1_133' title='bbox 465 2431 500 2496; x_wconf 81' lang='lat' dir='ltr'>si</span> <span class='ocrx_word' id='word_1_134' title='bbox 530 2431 642 2513; x_wconf 76' lang='grc' dir='ltr'><strong><em>ῥαχραι</em></strong></span> <span class='ocrx_word' id='word_1_135' title='bbox 675 2429 771 2510; x_wconf 80' lang='lat' dir='ltr'>illae,</span> <span class='ocrx_word' id='word_1_136' title='bbox 806 2451 901 2517; x_wconf 89' lang='lat' dir='ltr'>supra</span> <span class='ocrx_word' id='word_1_137' title='bbox 931 2451 1009 2517; x_wconf 90' lang='lat' dir='ltr'>quas</span> <span class='ocrx_word' id='word_1_138' title='bbox 1039 2428 1199 2518; x_wconf 73' lang='lat' dir='ltr'>Chalybes</span> <span class='ocrx_word' id='word_1_139' title='bbox 1229 2437 1317 2510; x_wconf 89' lang='lat' dir='ltr'>sunt,</span> <span class='ocrx_word' id='word_1_140' title='bbox 1351 2453 1465 2500; x_wconf 84' lang='lat' dir='ltr'>revers</span> 
     </span>
     <span class='ocr_line' id='line_1_20' title="bbox 273 2530 1465 2625; baseline 0.003 -24"><span class='ocrx_word' id='word_1_141' title='bbox 273 2536 403 2623; x_wconf 89' lang='lat' dir='ltr'>quidem</span> <span class='ocrx_word' id='word_1_142' title='bbox 434 2538 517 2601; x_wconf 88' lang='lat' dir='ltr'>inter</span> <span class='ocrx_word' id='word_1_143' title='bbox 547 2530 725 2601; x_wconf 77' lang='lat' dir='ltr'>Caucasum</span> <span class='ocrx_word' id='word_1_144' title='bbox 755 2543 885 2603; x_wconf 89' lang='lat' dir='ltr'>suntet</span> <span class='ocrx_word' id='word_1_145' title='bbox 918 2536 1059 2602; x_wconf 83' lang='lat' dir='ltr'>Pontum</span> <span class='ocrx_word' id='word_1_146' title='bbox 1088 2536 1269 2616; x_wconf 80' lang='lat' dir='ltr'>Euxinum3</span> <span class='ocrx_word' id='word_1_147' title='bbox 1301 2538 1465 2625; x_wconf 85' lang='lat' dir='ltr'>Aeschylo</span> 
     </span>
     <span class='ocr_line' id='line_1_21' title="bbox 272 2638 1466 2729; baseline 0.001 -20"><span class='ocrx_word' id='word_1_148' title='bbox 272 2646 381 2709; x_wconf 88' lang='lat' dir='ltr'>autem</span> <span class='ocrx_word' id='word_1_149' title='bbox 411 2644 485 2706; x_wconf 91' lang='lat' dir='ltr'>sunt</span> <span class='ocrx_word' id='word_1_150' title='bbox 515 2660 610 2726; x_wconf 88' lang='lat' dir='ltr'>supra</span> <span class='ocrx_word' id='word_1_151' title='bbox 641 2638 837 2720; x_wconf 79' lang='lat' dir='ltr'>Caucasum,</span> <span class='ocrx_word' id='word_1_152' title='bbox 870 2642 926 2707; x_wconf 91' lang='lat' dir='ltr'>ubi</span> <span class='ocrx_word' id='word_1_153' title='bbox 948 2642 1013 2708; x_wconf 86' lang='lat' dir='ltr'>fare</span> <span class='ocrx_word' id='word_1_154' title='bbox 1035 2641 1129 2707; x_wconf 90' lang='lat' dir='ltr'>hodie</span> <span class='ocrx_word' id='word_1_155' title='bbox 1157 2642 1304 2707; x_wconf 75' lang='lat' dir='ltr'>Ocaakou.</span> <span class='ocrx_word' id='word_1_156' title='bbox 1351 2641 1466 2729; x_wconf 84' lang='lat' dir='ltr'>Itaque</span> 
     </span>
     <span class='ocr_line' id='line_1_22' title="bbox 271 2743 1464 2835; baseline 0.003 -22"><span class='ocrx_word' id='word_1_157' title='bbox 271 2751 442 2833; x_wconf 67' lang='lat' dir='ltr'>ausuque</span> <span class='ocrx_word' id='word_1_158' title='bbox 462 2747 627 2834; x_wconf 76' lang='lat' dir='ltr'>regionem</span> <span class='ocrx_word' id='word_1_159' title='bbox 650 2746 809 2812; x_wconf 87' lang='lat' dir='ltr'>confudit:</span> <span class='ocrx_word' id='word_1_160' title='bbox 845 2746 1014 2813; x_wconf 74' lang='lat' dir='ltr'>Tauricam</span> <span class='ocrx_word' id='word_1_161' title='bbox 1034 2743 1265 2817; x_wconf 88' lang='lat' dir='ltr'>Chersonesum</span> <span class='ocrx_word' id='word_1_162' title='bbox 1285 2769 1351 2815; x_wconf 90' lang='lat' dir='ltr'>esse</span> <span class='ocrx_word' id='word_1_163' title='bbox 1369 2755 1464 2835; x_wconf 84' lang='lat' dir='ltr'>puta·</span> 
     </span>
     <span class='ocr_line' id='line_1_23' title="bbox 271 2850 1464 2935; baseline 0.003 -16"><span class='ocrx_word' id='word_1_164' title='bbox 271 2853 321 2919; x_wconf 84' lang='lat' dir='ltr'>vit</span> <span class='ocrx_word' id='word_1_165' title='bbox 343 2852 400 2919; x_wconf 92' lang='lat' dir='ltr'>ubi</span> <span class='ocrx_word' id='word_1_166' title='bbox 423 2853 458 2917; x_wconf 80' lang='grc' dir='ltr'><strong><em>αρ</em></strong></span> <span class='ocrx_word' id='word_1_167' title='bbox 479 2850 591 2932; x_wconf 75' lang='grc' dir='ltr'><strong><em>ῥαχραι</em></strong></span> <span class='ocrx_word' id='word_1_168' title='bbox 615 2856 706 2930; x_wconf 86' lang='lat' dir='ltr'>sunt,</span> <span class='ocrx_word' id='word_1_169' title='bbox 737 2853 796 2923; x_wconf 80' lang='grc' dir='ltr'><strong><em>τάς</em></strong></span> <span class='ocrx_word' id='word_1_170' title='bbox 820 2852 937 2935; x_wconf 70' lang='grc' dir='ltr'><strong><em>ῥαχίας</em></strong></span> <span class='ocrx_word' id='word_1_171' title='bbox 961 2852 1019 2917; x_wconf 90' lang='lat' dir='ltr'>ubi</span> <span class='ocrx_word' id='word_1_172' title='bbox 1042 2872 1152 2919; x_wconf 86' lang='lat' dir='ltr'>revera</span> <span class='ocrx_word' id='word_1_173' title='bbox 1173 2851 1308 2919; x_wconf 79' lang='lat' dir='ltr'>Taurica</span> <span class='ocrx_word' id='word_1_174' title='bbox 1329 2851 1464 2921; x_wconf 87' lang='lat' dir='ltr'>Cherso-</span> 
     </span>
     <span class='ocr_line' id='line_1_24' title="bbox 272 2953 1463 3044; baseline 0.007 -22"><span class='ocrx_word' id='word_1_175' title='bbox 272 2978 376 3023; x_wconf 89' lang='lat' dir='ltr'>nesus.</span> <span class='ocrx_word' id='word_1_176' title='bbox 408 2953 559 3024; x_wconf 86' lang='lat' dir='ltr'>Ceterum</span> <span class='ocrx_word' id='word_1_177' title='bbox 581 2954 786 3024; x_wconf 88' lang='lat' dir='ltr'>Hermannus</span> <span class='ocrx_word' id='word_1_178' title='bbox 804 2964 888 3025; x_wconf 90' lang='lat' dir='ltr'>recte</span> <span class='ocrx_word' id='word_1_179' title='bbox 910 2958 1040 3044; x_wconf 91' lang='lat' dir='ltr'>quidem</span> <span class='ocrx_word' id='word_1_180' title='bbox 1064 2959 1225 3024; x_wconf 86' lang='lat' dir='ltr'>contendit</span> <span class='ocrx_word' id='word_1_181' title='bbox 1244 2959 1295 3024; x_wconf 84' lang='grc' dir='ltr'>τρν</span> <span class='ocrx_word' id='word_1_182' title='bbox 1314 2960 1463 3040; x_wconf 70' lang='grc' dir='ltr'><strong><em>’Τβριςὶιν</em></strong></span> 
     </span>
     <span class='ocr_line' id='line_1_25' title="bbox 268 3060 1465 3151; baseline 0.002 -22"><span class='ocrx_word' id='word_1_183' title='bbox 268 3062 406 3129; x_wconf 90' lang='lat' dir='ltr'>eundem</span> <span class='ocrx_word' id='word_1_184' title='bbox 437 3082 520 3140; x_wconf 87' lang='lat' dir='ltr'>essa,</span> <span class='ocrx_word' id='word_1_185' title='bbox 557 3082 653 3148; x_wconf 88' lang='lat' dir='ltr'>quem</span> <span class='ocrx_word' id='word_1_186' title='bbox 682 3060 798 3131; x_wconf 84' lang='lat' dir='ltr'>Graeci</span> <span class='ocrx_word' id='word_1_187' title='bbox 826 3069 935 3151; x_wconf 88' lang='lat' dir='ltr'>postea</span> <span class='ocrx_word' id='word_1_188' title='bbox 965 3066 1105 3129; x_wconf 73' lang='grc' dir='ltr'><strong><em>Ὕπανιν</em></strong></span> <span class='ocrx_word' id='word_1_189' title='bbox 1132 3067 1276 3130; x_wconf 82' lang='lat' dir='ltr'>vocarint</span> <span class='ocrx_word' id='word_1_190' title='bbox 1300 3092 1341 3114; x_wconf 52' lang='lat' dir='ltr'>-e</span> <span class='ocrx_word' id='word_1_191' title='bbox 1365 3063 1465 3131; x_wconf 90' lang='lat' dir='ltr'>hodie</span> 
     </span>
     <span class='ocr_line' id='line_1_26' title="bbox 268 3166 1462 3256; baseline 0.005 -24"><span class='ocrx_word' id='word_1_192' title='bbox 268 3168 378 3233; x_wconf 79' lang='lat' dir='ltr'>Kabom</span> <span class='ocrx_word' id='word_1_193' title='bbox 402 3205 463 3247; x_wconf 90' lang='lat'>-,</span> <span class='ocrx_word' id='word_1_194' title='bbox 495 3166 550 3232; x_wconf 86' lang='lat' dir='ltr'>ssd</span> <span class='ocrx_word' id='word_1_195' title='bbox 580 3170 614 3232; x_wconf 91' lang='lat' dir='ltr'>in</span> <span class='ocrx_word' id='word_1_196' title='bbox 645 3166 718 3233; x_wconf 89' lang='lat' dir='ltr'>aliis</span> <span class='ocrx_word' id='word_1_197' title='bbox 748 3170 817 3233; x_wconf 86' lang='lat' dir='ltr'>eius</span> <span class='ocrx_word' id='word_1_198' title='bbox 846 3172 927 3236; x_wconf 85' lang='lat' dir='ltr'>ratio</span> <span class='ocrx_word' id='word_1_199' title='bbox 956 3168 1125 3235; x_wconf 86' lang='lat' dir='ltr'>deserenda</span> <span class='ocrx_word' id='word_1_200' title='bbox 1152 3176 1208 3235; x_wconf 89' lang='lat' dir='ltr'>est.</span> <span class='ocrx_word' id='word_1_201' title='bbox 1244 3168 1354 3235; x_wconf 84' lang='lat' dir='ltr'>Veluti</span> <span class='ocrx_word' id='word_1_202' title='bbox 1376 3172 1462 3256; x_wconf 89' lang='lat' dir='ltr'>quod</span> 
     </span>
     <span class='ocr_line' id='line_1_27' title="bbox 268 3272 1462 3361; baseline 0.003 -22"><span class='ocrx_word' id='word_1_203' title='bbox 268 3272 431 3339; x_wconf 77' lang='lat' dir='ltr'>contendit</span> <span class='ocrx_word' id='word_1_204' title='bbox 452 3272 649 3359; x_wconf 79' lang='lat' dir='ltr'>Aeschylum</span> <span class='ocrx_word' id='word_1_205' title='bbox 678 3274 858 3361; x_wconf 82' lang='lat' dir='ltr'>ignorasse,</span> <span class='ocrx_word' id='word_1_206' title='bbox 888 3276 945 3341; x_wconf 91' lang='lat' dir='ltr'>ubi</span> <span class='ocrx_word' id='word_1_207' title='bbox 970 3274 983 3338; x_wconf 87' lang='grc' dir='ltr'><strong><em>ῥ</em></strong></span> <span class='ocrx_word' id='word_1_208' title='bbox 1008 3274 1153 3355; x_wconf 66' lang='lat' dir='ltr'>&#39;iliacis</span> <span class='ocrx_word' id='word_1_209' title='bbox 1177 3276 1289 3352; x_wconf 88' lang='lat' dir='ltr'>fuerit,</span> <span class='ocrx_word' id='word_1_210' title='bbox 1323 3296 1385 3343; x_wconf 92' lang='lat' dir='ltr'>non</span> <span class='ocrx_word' id='word_1_211' title='bbox 1407 3298 1462 3343; x_wconf 90' lang='lat' dir='ltr'>ne·</span> 
     </span>
     <span class='ocr_line' id='line_1_28' title="bbox 269 3378 1462 3466; baseline 0.004 -22"><span class='ocrx_word' id='word_1_212' title='bbox 269 3379 441 3444; x_wconf 76' lang='lat' dir='ltr'>cessarmm</span> <span class='ocrx_word' id='word_1_213' title='bbox 465 3380 526 3444; x_wconf 89' lang='lat' dir='ltr'>erit</span> <span class='ocrx_word' id='word_1_214' title='bbox 547 3378 607 3444; x_wconf 90' lang='lat' dir='ltr'>hoc</span> <span class='ocrx_word' id='word_1_215' title='bbox 630 3399 772 3459; x_wconf 88' lang='lat' dir='ltr'>sumere,</span> <span class='ocrx_word' id='word_1_216' title='bbox 797 3383 824 3445; x_wconf 88' lang='lat' dir='ltr'>si</span> <span class='ocrx_word' id='word_1_217' title='bbox 848 3383 1008 3466; x_wconf 87' lang='lat' dir='ltr'>superiora</span> <span class='ocrx_word' id='word_1_218' title='bbox 1029 3380 1256 3466; x_wconf 90' lang='lat' dir='ltr'>probabuntur.</span> <span class='ocrx_word' id='word_1_219' title='bbox 1302 3381 1374 3448; x_wconf 87' lang='lat' dir='ltr'>Hoc</span> <span class='ocrx_word' id='word_1_220' title='bbox 1393 3388 1462 3449; x_wconf 83' lang='lat' dir='ltr'>tsn-</span> 
     </span>
     <span class='ocr_line' id='line_1_29' title="bbox 269 3482 1462 3573; baseline 0.004 -24"><span class='ocrx_word' id='word_1_221' title='bbox 269 3488 342 3549; x_wconf 91' lang='lat' dir='ltr'>tnm</span> <span class='ocrx_word' id='word_1_222' title='bbox 364 3482 542 3569; x_wconf 90' lang='lat' dir='ltr'>Aeschylus</span> <span class='ocrx_word' id='word_1_223' title='bbox 565 3487 699 3564; x_wconf 83' lang='lat' dir='ltr'>errarit,</span> <span class='ocrx_word' id='word_1_224' title='bbox 732 3485 817 3571; x_wconf 91' lang='lat' dir='ltr'>quod</span> <span class='ocrx_word' id='word_1_225' title='bbox 839 3489 967 3572; x_wconf 77' lang='lat' dir='ltr'>putarit</span> <span class='ocrx_word' id='word_1_226' title='bbox 988 3485 1139 3573; x_wconf 89' lang='lat' dir='ltr'>paludem</span> <span class='ocrx_word' id='word_1_227' title='bbox 1161 3487 1356 3553; x_wconf 87' lang='lat' dir='ltr'>Maeoticam</span> <span class='ocrx_word' id='word_1_228' title='bbox 1377 3488 1462 3553; x_wconf 81' lang='lat' dir='ltr'>infra</span> 
     </span>
     <span class='ocr_line' id='line_1_30' title="bbox 270 3585 1461 3658; baseline -0.001 -2"><span class='ocrx_word' id='word_1_229' title='bbox 270 3585 449 3656; x_wconf 87' lang='lat' dir='ltr'>Caucasum</span> <span class='ocrx_word' id='word_1_230' title='bbox 472 3609 549 3655; x_wconf 89' lang='lat' dir='ltr'>esse.</span> <span class='ocrx_word' id='word_1_231' title='bbox 590 3586 674 3655; x_wconf 89' lang='lat' dir='ltr'>Cum</span> <span class='ocrx_word' id='word_1_232' title='bbox 698 3589 761 3656; x_wconf 89' lang='lat' dir='ltr'>alia</span> <span class='ocrx_word' id='word_1_233' title='bbox 782 3591 888 3658; x_wconf 88' lang='lat' dir='ltr'>multa</span> <span class='ocrx_word' id='word_1_234' title='bbox 911 3593 1043 3656; x_wconf 91' lang='lat' dir='ltr'>suntin</span> <span class='ocrx_word' id='word_1_235' title='bbox 1065 3589 1243 3657; x_wconf 88' lang='lat' dir='ltr'>Hermsnni</span> <span class='ocrx_word' id='word_1_236' title='bbox 1261 3593 1382 3657; x_wconf 87' lang='lat' dir='ltr'>ratione</span> <span class='ocrx_word' id='word_1_237' title='bbox 1399 3593 1461 3655; x_wconf 92' lang='lat' dir='ltr'>im·</span> 
     </span>
     <span class='ocr_line' id='line_1_31' title="bbox 268 3692 1461 3783; baseline 0.003 -23"><span class='ocrx_word' id='word_1_238' title='bbox 268 3694 446 3780; x_wconf 87' lang='lat' dir='ltr'>probanda,</span> <span class='ocrx_word' id='word_1_239' title='bbox 471 3701 543 3760; x_wconf 92' lang='lat' dir='ltr'>tum</span> <span class='ocrx_word' id='word_1_240' title='bbox 566 3692 667 3773; x_wconf 89' lang='lat' dir='ltr'>illud,</span> <span class='ocrx_word' id='word_1_241' title='bbox 697 3694 806 3763; x_wconf 89' lang='lat' dir='ltr'>Ionem</span> <span class='ocrx_word' id='word_1_242' title='bbox 829 3697 912 3783; x_wconf 90' lang='lat' dir='ltr'>apud</span> <span class='ocrx_word' id='word_1_243' title='bbox 935 3718 1011 3763; x_wconf 91' lang='lat' dir='ltr'>eum</span> <span class='ocrx_word' id='word_1_244' title='bbox 1044 3697 1094 3763; x_wconf 92' lang='lat' dir='ltr'>bis</span> <span class='ocrx_word' id='word_1_245' title='bbox 1118 3694 1295 3763; x_wconf 87' lang='lat' dir='ltr'>Caucasum</span> <span class='ocrx_word' id='word_1_246' title='bbox 1317 3701 1461 3763; x_wconf 91' lang='lat' dir='ltr'>montem</span> 
     </span>
     <span class='ocr_line' id='line_1_32' title="bbox 268 3799 1461 3889; baseline 0 -22"><span class='ocrx_word' id='word_1_247' title='bbox 268 3816 433 3887; x_wconf 85' lang='lat' dir='ltr'>superare:</span> <span class='ocrx_word' id='word_1_248' title='bbox 458 3819 521 3867; x_wconf 91' lang='lat' dir='ltr'>non</span> <span class='ocrx_word' id='word_1_249' title='bbox 545 3799 661 3867; x_wconf 88' lang='lat' dir='ltr'>diserte</span> <span class='ocrx_word' id='word_1_250' title='bbox 680 3802 811 3887; x_wconf 90' lang='lat' dir='ltr'>quidem</span> <span class='ocrx_word' id='word_1_251' title='bbox 830 3802 890 3868; x_wconf 92' lang='lat' dir='ltr'>hoc</span> <span class='ocrx_word' id='word_1_252' title='bbox 908 3803 1003 3882; x_wconf 88' lang='lat' dir='ltr'>dicit,</span> <span class='ocrx_word' id='word_1_253' title='bbox 1028 3801 1082 3869; x_wconf 89' lang='lat' dir='ltr'>sed</span> <span class='ocrx_word' id='word_1_254' title='bbox 1103 3823 1142 3868; x_wconf 83' lang='lat' dir='ltr'>ex</span> <span class='ocrx_word' id='word_1_255' title='bbox 1160 3804 1229 3869; x_wconf 90' lang='lat' dir='ltr'>eius</span> <span class='ocrx_word' id='word_1_256' title='bbox 1247 3802 1461 3889; x_wconf 88' lang='lat' dir='ltr'>disputatione</span> 
     </span>
     <span class='ocr_line' id='line_1_33' title="bbox 268 3905 612 3973; baseline 0 -2"><span class='ocrx_word' id='word_1_257' title='bbox 268 3907 443 3973; x_wconf 88' lang='lat' dir='ltr'>necessario</span> <span class='ocrx_word' id='word_1_258' title='bbox 466 3905 612 3972; x_wconf 87' lang='lat' dir='ltr'>efficitur.</span> 
     </span>
    </p>

    <p class='ocr_par' dir='ltr' id='par_1_9' title="bbox 268 4008 1463 4509">
     <span class='ocr_line' id='line_1_34' title="bbox 312 4008 1461 4091; baseline 0.003 -15"><span class='ocrx_word' id='word_1_259' title='bbox 312 4008 387 4076; x_wconf 76' lang='lat' dir='ltr'>,lam</span> <span class='ocrx_word' id='word_1_260' title='bbox 414 4012 571 4078; x_wconf 90' lang='lat' dir='ltr'>rationem</span> <span class='ocrx_word' id='word_1_261' title='bbox 598 4010 833 4080; x_wconf 90' lang='lat' dir='ltr'>concludamus.</span> <span class='ocrx_word' id='word_1_262' title='bbox 874 4014 1014 4091; x_wconf 79' lang='lat' dir='ltr'>Saxum,</span> <span class='ocrx_word' id='word_1_263' title='bbox 1039 4015 1091 4080; x_wconf 89' lang='lat' dir='ltr'>cui</span> <span class='ocrx_word' id='word_1_264' title='bbox 1114 4012 1325 4085; x_wconf 84' lang='lat' dir='ltr'>Prometheus</span> <span class='ocrx_word' id='word_1_265' title='bbox 1348 4013 1461 4082; x_wconf 86' lang='lat' dir='ltr'>affixus</span> 
     </span>
     <span class='ocr_line' id='line_1_35' title="bbox 268 4113 1459 4207; baseline 0.003 -26"><span class='ocrx_word' id='word_1_266' title='bbox 268 4115 347 4194; x_wconf 79' lang='lat' dir='ltr'>finit,</span> <span class='ocrx_word' id='word_1_267' title='bbox 384 4136 404 4180; x_wconf 90' lang='lat' dir='ltr'>a</span> <span class='ocrx_word' id='word_1_268' title='bbox 432 4113 534 4181; x_wconf 94' lang='lat' dir='ltr'>Ponto</span> <span class='ocrx_word' id='word_1_269' title='bbox 568 4116 694 4183; x_wconf 76' lang='lat' dir='ltr'>Euxino</span> <span class='ocrx_word' id='word_1_270' title='bbox 724 4120 808 4185; x_wconf 88' lang='lat' dir='ltr'>inter</span> <span class='ocrx_word' id='word_1_271' title='bbox 837 4122 1082 4207; x_wconf 87' lang='lat' dir='ltr'>septentrionem</span> <span class='ocrx_word' id='word_1_272' title='bbox 1111 4124 1144 4185; x_wconf 91' lang='lat' dir='ltr'>et</span> <span class='ocrx_word' id='word_1_273' title='bbox 1174 4120 1371 4187; x_wconf 88' lang='lat' dir='ltr'>occidentem</span> <span class='ocrx_word' id='word_1_274' title='bbox 1393 4125 1459 4197; x_wconf 90' lang='lat' dir='ltr'>est,</span> 
     </span>
     <span class='ocr_line' id='line_1_36' title="bbox 268 4218 1461 4314; baseline 0.006 -29"><span class='ocrx_word' id='word_1_275' title='bbox 268 4221 326 4287; x_wconf 92' lang='lat' dir='ltr'>ubi</span> <span class='ocrx_word' id='word_1_276' title='bbox 359 4218 519 4305; x_wconf 88' lang='lat' dir='ltr'>Carpatiei</span> <span class='ocrx_word' id='word_1_277' title='bbox 551 4222 616 4289; x_wconf 86' lang='lat' dir='ltr'>fere</span> <span class='ocrx_word' id='word_1_278' title='bbox 650 4228 785 4290; x_wconf 89' lang='lat' dir='ltr'>montes.</span> <span class='ocrx_word' id='word_1_279' title='bbox 832 4226 1010 4314; x_wconf 90' lang='lat' dir='ltr'>Aeschylus</span> <span class='ocrx_word' id='word_1_280' title='bbox 1043 4226 1177 4311; x_wconf 89' lang='lat' dir='ltr'>putabat</span> <span class='ocrx_word' id='word_1_281' title='bbox 1211 4222 1389 4292; x_wconf 87' lang='lat' dir='ltr'>Caucasum</span> <span class='ocrx_word' id='word_1_282' title='bbox 1423 4245 1461 4292; x_wconf 90' lang='lat' dir='ltr'>eo</span> 
     </span>
     <span class='ocr_line' id='line_1_37' title="bbox 268 4326 1460 4413; baseline 0.008 -25"><span class='ocrx_word' id='word_1_283' title='bbox 268 4344 369 4410; x_wconf 84' lang='lat' dir='ltr'>usqua</span> <span class='ocrx_word' id='word_1_284' title='bbox 392 4326 530 4392; x_wconf 78' lang='lat' dir='ltr'>extendi</span> <span class='ocrx_word' id='word_1_285' title='bbox 577 4326 614 4392; x_wconf 94' lang='lat' dir='ltr'>In</span> <span class='ocrx_word' id='word_1_286' title='bbox 635 4332 743 4395; x_wconf 83' lang='lat' dir='ltr'>vincto</span> <span class='ocrx_word' id='word_1_287' title='bbox 766 4329 958 4398; x_wconf 90' lang='lat' dir='ltr'>Prometheo</span> <span class='ocrx_word' id='word_1_288' title='bbox 980 4331 1098 4397; x_wconf 83' lang='lat' dir='ltr'>dicitur</span> <span class='ocrx_word' id='word_1_289' title='bbox 1119 4331 1225 4413; x_wconf 76' lang='grc' dir='ltr'><strong><em>χθονὸς</em></strong></span> <span class='ocrx_word' id='word_1_290' title='bbox 1245 4331 1388 4412; x_wconf 81' lang='grc' dir='ltr'><strong><em>πνλονρῥν</em></strong></span> <span class='ocrx_word' id='word_1_291' title='bbox 1406 4331 1460 4397; x_wconf 71' lang='grc' dir='ltr'>πά·</span> 
     </span>
     <span class='ocr_line' id='line_1_38' title="bbox 269 4427 1463 4509; baseline 0.006 -12"><span class='ocrx_word' id='word_1_292' title='bbox 269 4429 317 4497; x_wconf 78' lang='grc' dir='ltr'>δον</span> <span class='ocrx_word' id='word_1_293' title='bbox 336 4434 368 4495; x_wconf 90' lang='lat' dir='ltr'>et</span> <span class='ocrx_word' id='word_1_294' title='bbox 389 4427 515 4507; x_wconf 64' lang='grc' dir='ltr'><strong><em>Σκύθης</em></strong></span> <span class='ocrx_word' id='word_1_295' title='bbox 539 4428 641 4509; x_wconf 75' lang='grc' dir='ltr'><strong><em>οἶμος·</em></strong></span> <span class='ocrx_word' id='word_1_296' title='bbox 675 4432 834 4502; x_wconf 89' lang='lat' dir='ltr'>Caucasus</span> <span class='ocrx_word' id='word_1_297' title='bbox 858 4438 976 4504; x_wconf 90' lang='lat' dir='ltr'>dicitur</span> <span class='ocrx_word' id='word_1_298' title='bbox 998 4441 1031 4501; x_wconf 90' lang='lat' dir='ltr'>in</span> <span class='ocrx_word' id='word_1_299' title='bbox 1055 4437 1245 4505; x_wconf 88' lang='lat' dir='ltr'>Prometheo</span> <span class='ocrx_word' id='word_1_300' title='bbox 1267 4437 1381 4505; x_wconf 87' lang='lat' dir='ltr'>soluto.</span> <span class='ocrx_word' id='word_1_301' title='bbox 1411 4438 1463 4504; x_wconf 91' lang='lat' dir='ltr'>Ab</span> 
     </span>
    </p>
   </div>
   <div class='ocr_carea' id='block_1_4' title="bbox 0 0 1627 5014">
    <p class='ocr_par' dir='ltr' id='par_1_10' title="bbox 0 0 1627 5014">
     <span class='ocr_line' id='line_1_39' title="bbox 0 0 1627 5014; baseline 0 0"><span class='ocrx_word' id='word_1_302' title='bbox 0 0 1627 5014; x_wconf 95' lang='lat' dir='ltr'> </span> 
     </span>
    </p>
   </div>
  </div>
 </body>
</html>
