3254 5034
265 357 306 420 48
757 366 957 414 Histinium!

262 547 338 607 cent
371 539 552 626 glossarum
589 539 799 625 interpretes,
834 544 942 603 tacent
977 533 1089 614 λέξεων
1122 530 1315 600 conditores.
1370 529 1454 597 here

262 654 389 712 tantum
422 646 595 731 vestigium
628 652 678 712 est
709 645 740 710 in
777 641 903 709 Schotio
933 643 1059 709 Codicis
1095 640 1208 708 Veneti
1240 652 1262 706 Β
1294 637 1334 705 ad
1357 637 1452 704 lliad.

261 762 287 819 1.
312 756 376 819 527

944 853 1117 936 πολεμίζων

261 961 389 1045 άνδράσι
417 970 724 1031 ΜΑΡΝΑΜΕΝΟΟ
755 960 849 1042 δάρων
877 957 967 1026 ἕνεκα
995 958 1194 1046 σφετεράων.
1226 961 1282 1025 »ού
1305 957 1369 1038 γάρ
1392 956 1455 1036 ἐγὼ

260 1069 369 1149 Τρύων
396 1066 472 1134 ἕνεκ’
504 1069 631 1144 ἥλυύον”
665 1066 769 1151 (iliad.
800 1078 841 1132 A.
870 1066 966 1154 lna),
992 1067 1116 1152 iuquit,
1148 1065 1237 1131 άλλδι
1260 1065 1312 1131 διδ
1335 1065 1369 1129 οδ
1392 1062 1455 1141 μύ-

261 1196 340 1239 νοιιον
360 1178 413 1239 σοῦ
433 1175 613 1240 Μενελάου.
638 1178 727 1238 τοῦτο
748 1174 809 1254 γάρ
830 1172 918 1247 δηλοῖ
935 1173 969 1237 σδ
992 1170 1107 1253 »ὀάρων
1127 1169 1219 1237 ivone
1240 1168 1454 1253 σφετεράων.”

261 1277 359 1359 Quasi
392 1300 467 1346 vcro
497 1299 535 1345 ea
569 1278 664 1345 rerba
698 1277 784 1343 atiud
817 1277 894 1364 quid
922 1277 1106 1362 significare
1128 1275 1251 1364 possint
1276 1294 1373 1361 quam
1396 1295 1456 1361 pro

262 1387 414 1452 uxoribus
445 1406 522 1453 suis.
572 1383 632 1450 Sed
657 1384 733 1449 audi
757 1383 833 1472 quio
859 1381 970 1448 addat:
996 1386 1013 1459 ἢ
1038 1389 1214 1464 τολμηρῶς,
1237 1382 1334 1464 φησι,
1359 1395 1457 1445 σολε-

260 1498 326 1571 μῶν
353 1491 427 1571 σρδς
451 1488 561 1572 άνδροος
586 1491 660 1570 ὑπὲρ
684 1489 801 1555 παίδων
825 1490 877 1555 uo}
902 1495 1054 1569 yuuoerxrie
1077 1488 1288 1571 ῥιψοκινδύνως
1312 1491 1456 1566 άγωνι·

262 1596 465 1678 ζομένους.
501 1597 565 1663 Ηοο
586 1615 699 1662 νοιιιιιι
719 1604 752 1662 et
773 1616 887 1662 sanuur
910 1604 976 1669 est,
1002 1594 1057 1661 sed
1077 1595 1133 1681 qui
1154 1596 1199 1661 ita
1221 1595 1458 1679 interpretatur

266 1722 340 1769 cum
366 1701 571 1769 manifestum
597 1710 644 1769 cst
671 1701 753 1768 hunc
777 1704 972 1788 scripturam
997 1699 1037 1765 ob
1060 1698 1170 1766 oculos
1195 1697 1329 1765 habere:

1120 1805 1294 1887 πολεμίζων

367 1912 494 1995 άνδράσι
518 1920 842 1980 ΜΑΡΝΛΜΕΝΟΙΟ
864 1912 957 1993 ύάρων
981 1908 1070 1977 ἕνεκά
1094 1911 1290 1995 σφετεράων,

263 2037 402 2104 uanique
422 2016 481 2085 huc
492 2026 542 2085 est
554 2024 697 2097 πολεμῶν
707 2019 781 2099 ισρδς
793 2017 904 2100 άνδροος
917 2018 1126 2101 ῥιψοκινδύνως
1147 2020 1264 2097 άνωνι
1274 2013 1405 2097 ζομύνο
1414 2038 1455 2087 ος

263 2124 337 2205 ὑπὲρ
367 2125 484 2191 πάδων
514 2124 567 2190 κο)
599 2129 760 2204 γυναικῶν.
809 2124 884 2190 Pius
915 2124 1010 2190 etiarn
1033 2122 1128 2189 habet
1149 2122 1299 2211 ponderis
1319 2122 1454 2207 antiqua

264 2230 429 2295 annotatio
449 2227 487 2315 ad
510 2228 600 2294 ltiacl.
621 2240 660 2296 Σ.
679 2234 755 2296 265.

397 2336 485 2402 άλλοὶ
509 2335 577 2413 περὶ
601 2334 727 2407 minute
749 2359 786 2401 σε
809 2337 995 2416 μαχήσεται
1020 2333 1070 2413 ἡδὶ
1094 2341 1258 2413 γυναικῶν.

263 2445 353 2508 τοῦτο
376 2442 558 2521 σημειωτέον
580 2440 653 2522 σρδς
676 2441 730 2507 σύ·
756 2439 848 2527 (lliad
874 2450 911 2506 E.
939 2443 1016 2529 486)

339 2552 342 2555 ’
444 2548 517 2622 σύνει
541 2547 568 2614 δ’
591 2545 706 2622 ἕςνκοος
730 2547 813 2629 άσοὶρ
835 2546 896 2611 οὐδ’
919 2545 1041 2613 άλλοισι
1067 2547 1202 2619 κελεύεις

442 2662 562 2720 λοοοῖσιν
584 2653 715 2732 μενέμεν
738 2652 790 2718 uui
815 2652 1005 2732 άμονέμενοοι
1029 2652 1161 2733 άρεσσιν.

262 2758 314 2824 κω)

535 2863 629 2947 ύάρων
651 2861 741 2931 ἕνεκά
764 2863 953 2947 σφετεράων.

262 2965 308 3036 ύτι
333 2969 426 3035 κάκεῒ
446 2970 613 3047 γυνοιιξὶ
636 2972 723 3050 λέγει
744 2970 882 3052 καθάπερ
903 2969 1007 3036 ε’νύάδε
1025 2975 1118 3053 porcio
1137 2966 1340 3047 ἐξηγούμενος
1358 2970 1453 3035 ἐκεῖνο

261 3074 360 3154 λέγει.
407 3073 551 3161 Namque
583 3095 694 3142 unrues
718 3076 751 3142 hi
777 3076 836 3141 toci
864 3075 903 3142 ad
929 3077 1083 3143 Troianos
1108 3075 1270 3162 pertinent
1290 3096 1349 3160 pro
1372 3095 1453 3140 ιιοοο-

261 3179 349 3246 ribus
383 3164 454 3246 'ruis
492 3180 694 3248 dimicantes.
755 3182 922 3249 Praeterea
962 3202 1057 3268 quatu
1095 3201 1190 3267 saepe
1224 3179 1345 3246 iactum
1382 3200 1454 3250 esse

261 3284 408 3352 vitemus
437 3294 471 3352 ut
495 3287 784 3374 interpretamenta
810 3289 841 3352 iu
868 3290 986 3354 veteris
1006 3298 1037 3354 et
1064 3288 1243 3374 exquisitae
1266 3285 1390 3371 glossae
1410 3285 1453 3352 iu·

261 3410 337 3457 cum
367 3391 609 3479 subrepserint,
643 3394 737 3459 cuius
760 3395 807 3460 rei
835 3394 895 3459 uisi
921 3395 1054 3479 antiqua
1080 3392 1206 3459 Scholia
1229 3391 1382 3459 iecissent
1406 3395 1452 3458 in-

261 3495 398 3574 dicium,
432 3497 523 3584 quis,
557 3518 691 3584 quaeso,
725 3499 820 3567 taicin
852 3498 997 3564 fraudem
1028 3498 1155 3565 odorari
1179 3507 1209 3566 et
1234 3517 1372 3584 urguere
1395 3519 1453 3585 po·

263 3602 398 3669 inisset?
448 3602 584 3690 Vulgata
609 3603 704 3671 lectio
724 3614 793 3673 erat
818 3606 849 3672 iu
875 3606 965 3672 titan.
991 3615 1027 3672 Φ.
1049 3610 1114 3672 tots

351 3713 441 3778 εεῦσο
463 3710 490 3775 δ’
512 3708 562 3790 ὅγ’
586 3712 769 3793 άμφοσέρων
792 3711 991 3794 άιιοκοψὲμεν
1013 3713 1113 3779 otiare
1136 3710 1233 3778 κοιλά.

306 3813 389 3895 Quis·
415 3816 447 3881 in
481 3815 537 3882 tati
568 3836 662 3883 versu
694 3819 809 3884 vitium
840 3818 888 3884 vel
915 3817 1059 3884 fraudem
1087 3818 1149 3884 utto
1174 3816 1268 3884 modo
1291 3819 1450 3906 suspicari

261 3922 433 4007 potuisset,
466 3925 527 3989 nisi
561 3932 686 4010 reperta
721 3932 806 3990 essct
830 3923 1008 3990 Aristarchi
1032 3925 1215 3991 annotatio:
1240 3927 1258 4002 ἡ
1286 3925 1381 3998 διπλῆ
1404 3920 1449 3991 irc

260 4065 305 4079 -
328 4037 567 4112 κοισοικριιςικῶς
591 4030 863 4112 άοιολεψὲμεν
885 4030 954 4097 άντι
978 4035 1032 4095 τού
1056 4030 1241 4111 άνιοκύψειν,
1266 4031 1351 4099 unde
1375 4032 1449 4097 Puc-

261 4143 312 4200 tae
336 4135 463 4201 taudem
490 4135 652 4202 reddituro
677 4147 726 4203 est
750 4156 863 4202 suurn:

397 4245 487 4310 εεῦσο
511 4241 537 4307 δ’
561 4238 610 4321 ὅγ’
632 4243 814 4326 άμφοσέρων
838 4242 1040 4326 άοιολεψέμεν
1063 4242 1164 4310 ούοισοο
1187 4242 1293 4310 κοιλά.

307 4345 409 4427 Quam
439 4347 661 4434 significanter
688 4358 721 4416 et
748 4356 911 4433 γραφικῶς
935 4350 969 4414 in
994 4349 1049 4416 tati
1073 4369 1109 4415 rc
1132 4349 1300 4416 άσολέσειν
1321 4348 1450 4417 dicatur
