3296 5022
652 336 866 388 eremorum.
1313 320 1353 386 17

211 507 290 595 (lap.
313 506 368 573 80.
392 508 448 571 καί
470 526 555 579 τινας
580 510 682 575 αὐτῶν
705 505 884 580 irascaris
908 508 968 580 τὰς
991 511 1064 581 ναῦς
1088 507 1234 587 ἐσβῆναι·
1259 509 1356 585 ἐπλή-

167 637 266 694 ρωσαν
296 614 360 694 γὰρ
383 608 465 690 ὅμως
488 610 653 691 τριοίκοντα
682 609 932 699 [προσδεχίμενοι
963 611 1014 678 τὸν
1044 612 1218 702 ἐπίπλουν].
1253 611 1358 681 Verba

166 726 311 785 extrema
331 720 457 783 uncinis
478 718 610 784 inclusit
639 718 821 795 Beklrerns,
850 720 908 802 qui
930 719 1031 783 sicin
1051 721 1154 784 notis:
1188 743 1248 795 ,,π.
1273 740 1305 784 τ.
1331 719 1356 786 ἐ,

166 827 201 887 in
222 824 357 905 νιοερέιισ
379 824 416 887 Β.
437 824 472 889 F.
497 844 560 888 om.
583 822 642 889 A?
677 820 796 888 Verum
813 824 964 907 quoniam
983 828 1105 887 constat
1127 823 1155 888 Ε
1177 829 1210 888 et
1233 821 1279 901 G,
1297 826 1357 908 qui

165 927 265 993 verba
294 929 462 1013 praebent,
493 948 550 993 nec
581 928 620 993 ab
649 928 679 993 A
711 948 769 992 nec
798 948 817 992 o
846 938 869 991 Β
898 927 994 992 fuisse
1023 926 1211 1012 descriptos,
1249 933 1357 993 contra

167 1030 325 1097 Codicum
346 1034 377 1098 A
397 1038 431 1098 et
452 1032 480 1097 Β
502 1052 622 1120 magna
643 1036 691 1097 est
712 1034 890 1108 consensio,
921 1033 990 1097 reri
1012 1031 1152 1096 similius
1178 1037 1227 1096 est
1255 1034 1290 1096 in
1320 1052 1356 1097 ec

166 1137 250 1202 libro
273 1156 349 1202 casu
370 1137 488 1201 omissa
510 1140 542 1201 et
563 1140 672 1222 postea
693 1138 838 1223 margine
860 1135 1017 1220 adscripta
1037 1136 1148 1212 fuisse,
1175 1138 1356 1223 marginem

167 1246 278 1306 autem
302 1260 322 1306 a
344 1241 447 1305 scriba
475 1238 655 1306 CodicisA
683 1242 718 1304 in
747 1240 949 1305 describendo
971 1239 1156 1327 neglectum
1181 1261 1259 1306 esee.
1294 1239 1357 1305 Sed

169 1366 233 1429 quo
255 1345 386 1410 tandem
413 1345 510 1410 modo
540 1341 620 1422 ὅμως
645 1346 750 1428 accipi
776 1340 891 1409 debet?
932 1345 1044 1410 Nonne
1070 1345 1142 1411 luce
1171 1345 1287 1411 clarius
1310 1350 1358 1410 ost

169 1469 279 1514 veram
301 1448 470 1514 lectionem
487 1469 573 1525 esse,
598 1447 779 1528 ἐπλήρωσαν
801 1447 864 1529 γὰρ
886 1449 961 1526 ἐμοῦ
984 1451 1023 1519 ὥς
1044 1446 1228 1530 τριιίκονταί

217 1552 295 1618 Mox
315 1572 372 1638 pro
394 1550 490 1630 μέσου
514 1551 627 1632 ήμέρας
651 1551 723 1639 lege
744 1550 895 1630 μεσούσης
921 1551 1046 1634 ήμέρας.

215 1760 295 1847 Cap.
315 1760 368 1827 81.
390 1760 598 1841 ἀπεχώρησαν
619 1798 661 1811 -
685 1762 751 1826 imo
774 1761 984 1844 ἆπεχῶρισαν.

218 1969 293 2057 (lap.
306 1970 366 2036 82.
392 1970 541 2053 διαφορῶν
571 1974 664 2037 οὐσῶν
688 1972 850 2052 ἕκαςαχοῦ
880 1979 944 2045 τοῖς
969 1997 1004 2039 τε
1033 1977 1092 2039 τῶν
1116 1973 1218 2051 δήμων
1241 1972 1358 2055 προςή-

171 2101 242 2149 τιιις
265 2078 335 2149 τοὺς
359 2076 537 2150 ’Λίήναίους
562 2075 740 2154 ceremon
763 2076 814 2142 καί
838 2084 902 2150 τοῖς
927 2076 1042 2155 ὀλίγοις
1065 2079 1135 2151 τοὺς
1159 2079 1360 2156 Λακεδαιμο-

170 2184 248 2254 νίους
279 2181 332 2247 καί
366 2182 396 2246 ἐν
424 2181 481 2259 μὲν
513 2183 610 2265 είρήνή
640 2184 693 2247 οὐκ
724 2180 771 2247 icc
794 2182 928 2263 ἐχόντων
958 2182 1112 2265 πρίφασιν
1142 2185 1203 2250 οὐδ’
1235 2185 1360 2262 ἑτοίμων

172 2295 368 2369 παρακαλεῖν
393 2286 522 2358 αὐτούς·
555 2285 789 2365 πολεμουμένων
812 2287 843 2352 δὲ
865 2289 919 2352 καὶ
942 2285 1132 2369 ξυμμαχίας
1156 2284 1227 2366 ἅμα
1250 2288 1362 2354 ἐκατί·

172 2416 230 2473 ρυις
262 2403 301 2474 πή
336 2398 394 2457 τῶν
424 2391 565 2457 ἐναντίων
595 2391 727 2456 κακώσει
756 2391 808 2457 καί
838 2392 946 2475 σφίσιν
977 2395 1082 2466 αὐτοῖς
1109 2394 1144 2458 ἐκ
1174 2398 1227 2459 τοῦ
1261 2394 1358 2459 αὑτοῦ

174 2496 367 2577 προσποιήσει
395 2496 501 2579 ῥᾳδίως
533 2496 566 2560 ci
602 2495 773 2574 ἐπαγωγαί
800 2504 863 2571 τοῖς
893 2496 1073 2579 νεωτερίζειν
1104 2522 1134 2563 τι
1162 2497 1358 2576 βουλομένοις

173 2600 351 2681 ἐπορίζοντο.
393 2600 465 2666 Nisi
494 2601 612 2665 excidit
634 2600 772 2684 aliquid,
804 2599 980 2678 ἐπάγεσθαι
1004 2622 1024 2667 a
1045 2602 1193 2684 διαφορῶν
1223 2603 1359 2687 pendeat

172 2727 297 2770 necesse
319 2711 384 2781 est,
408 2704 492 2788 quod
514 2703 645 2769 fortasse
665 2706 803 2770 auctoris
832 2707 983 2772 brevitati
1011 2707 1259 2772 condonandum.
1295 2704 1358 2770 Sed

172 2810 259 2875 baud
280 2808 390 2896 procul
414 2810 502 2874 abest
531 2811 608 2893 quin
639 2813 692 2873 τοῦ
722 2814 797 2875 ante
818 2808 889 2883 τοὺς
916 2812 1091 2885 Ἀίήναίους
1116 2812 1288 2876 necessario
1310 2811 1358 2874 in·

172 2915 340 2980 serendum
368 2918 490 3000 putem.
533 2913 582 2979 Ne
611 2911 701 2978 ὄντων
723 2920 794 2998 post
823 2915 950 2994 ἐτοίμων
971 2918 1089 3002 requiri
1118 2915 1224 2981 dicam
1253 2916 1358 2980 obstat

172 3020 255 3103 qnod
277 3039 424 3103 persaepe
443 3015 556 3083 Graeci
583 3014 716 3095 ἕτοιμος,
736 3016 885 3099 πρίίομοσ
907 3026 940 3086 et
966 3020 1087 3087 similia
1104 3020 1273 3085 subaudita
1292 3019 1358 3098 είμί

171 3129 334 3208 usurpant.
370 3122 432 3187 Sed
456 3124 508 3187 cui
530 3141 592 3186 non
623 3129 726 3187 essent
747 3119 882 3203 irascor?
921 3124 1013 3191 Nihil
1035 3128 1122 3191 enim
1144 3125 1184 3190 ad
1205 3125 1358 3190 lectiam

171 3231 338 3293 intestinas
368 3227 503 3291 faciebat
532 3229 600 3292 sive
621 3248 684 3311 pax
715 3230 783 3294 sire
813 3229 936 3295 bellum
964 3251 1039 3295 cum
1065 3229 1129 3295 alia
1152 3232 1282 3295 civitate
1303 3230 1358 3295 ha

171 3322 291 3398 herent.
346 3329 464 3396 Contra
501 3332 587 3415 pacis
617 3338 758 3417 tempore
790 3334 881 3399 nulls
910 3339 977 3400 erat
1010 3335 1215 3420 quamobrem
1244 3334 1360 3418 reliqui

172 3434 323 3501 Graeciae
364 3435 475 3520 populi
508 3455 542 3500 se
575 3456 685 3501 corum
718 3437 938 3503 simultatibus
971 3441 1197 3504 immiscerent.
1256 3437 1359 3516 Quare

173 3541 279 3622 potius
299 3540 359 3605 hoc
393 3539 614 3626 'l'hnoydidem
648 3544 820 3627 respexisse
852 3543 944 3608 credo
978 3549 1011 3608 et
1042 3543 1203 3627 scripsisse
1236 3541 1290 3605 οὐκ
1319 3538 1359 3605 ἂν

173 3638 307 3721 ἐχόντων
335 3642 490 3725 πρόφασιν
527 3642 589 3710 οὐδ’
623 3644 686 3710 ἐτοί
692 3668 788 3723 μους
819 3628 1014 3727 παρακαλεῖν
1044 3646 1167 3716 αὐτούς.
1208 3643 1360 3728 Sequitur

172 3748 273 3812 oratio
294 3748 557 3833 impeditissima,
588 3756 626 3814 ut
647 3752 752 3834 primo
778 3756 909 3835 aspectu
928 3751 1074 3827 ridetur,
1104 3749 1159 3814 sed
1180 3751 1277 3812 unius
1298 3750 1358 3811 im-

170 3853 299 3937 portuni
330 3852 479 3918 vocabuli
513 3853 629 3918 damno
662 3858 785 3919 caetera
818 3856 955 3919 nitorem
990 3874 1086 3919 suum
1118 3852 1357 3937 recuperabunt.

168 3955 248 4022 Delo
270 3956 438 4037 ἑκατέροις,
462 3956 546 4041 quod
566 3959 675 4042 siquo
697 3960 731 4022 in
753 3957 823 4023 loco
843 3963 925 4023 stare
948 3957 1075 4023 deberet
1094 3961 1167 4042 post
1188 3955 1359 4034 ἐπαγωραί

168 4061 388 4127 collocandum
422 4068 511 4127 esset.
563 4061 628 4127 Hic
661 4064 838 4127 arctissime
871 4062 1069 4127 cohaerentia
1102 4059 1189 4136 ἅμα
1223 4069 1266 4141 πή
1299 4065 1357 4125 τῶν

169 4165 310 4231 ἐναντίων
335 4167 465 4233 κακιίσει
496 4170 543 4232 ita
564 4169 706 4254 seiungit
726 4171 765 4232 ut
791 4188 830 4232 ne
853 4166 1008 4232 admoniti
1030 4165 1160 4250 quidem
1189 4164 1289 4230 simul
1310 4186 1359 4230 ca-

167 4290 241 4355 pere
264 4274 432 4357 possimus.

79 4449 88 4469 .
212 4377 293 4445 Mox
323 4381 358 4443 in
380 4379 435 4454 τήν
459 4376 632 4458 ὑπερβολήν
659 4375 797 4456 offendo;
828 4376 957 4445 videtur
985 4378 1071 4442 enim
1101 4375 1261 4463 glossema
1289 4396 1358 4444 esse

1142 4484 1158 4530 ο
