3340 5014
291 374 353 436 tto
774 391 973 437 niscccnuun

288 557 366 624 milii
391 559 466 623 olim
499 557 636 624 subnata
661 559 804 647 suspicio
826 570 876 628 est
906 558 1008 626 intrito
1031 557 1124 646 plura
1149 577 1188 624 ex
1212 557 1346 623 Cratero
1370 563 1484 622 sumta

286 662 370 750 apud
397 663 606 730 Plutarchum
628 667 696 732 siue
717 667 859 732 auctoris
877 668 1005 732 nomine
1023 674 1149 731 serrata
1170 684 1249 730 esse.
1286 661 1485 729 Plutarchus

288 770 319 834 iu
345 771 409 835 vita
437 770 612 836 Alcibiadis
636 792 704 860 cap.
731 778 782 839 19.
808 772 887 838 haec
911 772 1043 839 scribit:
1069 771 1177 851 ἔλεγον
1200 771 1231 836 δὲ
1251 769 1398 851 Θεόδωρον
1421 769 1485 847 μίν

285 900 355 941 τινα
379 876 451 957 δράν
481 877 524 942 τά
555 881 609 942 τοῦ
640 880 784 959 κάρυκος,
817 879 1017 945 Πουλυτίωνα
1047 877 1079 944 δὲ
1101 878 1145 944 τά
1168 882 1221 943 τού
1246 876 1412 961 δᾳδούχου,
1435 875 1486 941 τά

287 983 317 1048 δὲ
341 988 394 1049 τοῦ
417 982 595 1065 ἱεροφάντου
618 987 670 1051 τὸν
693 986 922 1067 Ἀλκιβιάδην,
947 985 1018 1057 τοὺς
1037 985 1063 1051 δ’
1083 981 1199 1055 άλλους
1221 983 1356 1063 ἑταίρους
1375 988 1483 1061 παρεῒ·

287 1113 337 1155 ναι
361 1090 427 1155 καί
451 1092 642 1167 μυεῖσθαι
665 1094 770 1170 μύςας
796 1089 1130 1176 προσαγορευομένους,
1154 1089 1249 1154 cuins
1280 1086 1340 1153 loci
1363 1085 1485 1152 ultima

288 1216 361 1281 pars
394 1193 563 1261 inanilcstu
595 1197 745 1264 mendosa
777 1209 845 1274 est;
875 1219 913 1265 ex
947 1200 1016 1285 ipso
1045 1202 1272 1273 ninnurnentu,
1296 1191 1382 1279 quud
1406 1211 1484 1257 niux

289 1299 464 1388 proteram,
481 1302 623 1387 corrige:
648 1314 789 1385 παρεῖναι
808 1306 989 1377 ἐπόπτας
1007 1303 1074 1369 καί
1093 1302 1197 1382 μύςας
1218 1297 1485 1382 προσαγορευομέ-

287 1431 363 1481 νους.
411 1406 493 1473 Τιιιιι
518 1407 623 1474 addit:
647 1417 752 1477 ταῦτα
777 1412 839 1494 γάρ
863 1412 893 1476 ἐν
918 1421 956 1494 τῇ
980 1408 1172 1491 είσαγγελίρι
1196 1407 1379 1488 γέγραπται
1399 1415 1485 1471 Θεσ-

289 1512 386 1579 σάλου
416 1518 470 1579 τοῦ
501 1515 636 1592 Κίμωνος
666 1519 925 1598 εἰσαγγείλαντος
956 1514 1162 1595 Ἀλκιβιάδην
1192 1515 1321 1592 άσεβεῑν
1347 1511 1414 1593 περὶ
1438 1513 1483 1577 ric

291 1621 354 1685 ίεύ.
405 1621 518 1685 Paucis
550 1622 749 1708 interpositis
783 1624 811 1690 ei
844 1624 965 1712 placuit
997 1624 1102 1708 ipsunt
1135 1620 1340 1706 antiquitatis
1366 1637 1484 1686 munu-

288 1734 432 1791 urcuturu
465 1746 666 1812 expromere,
703 1749 774 1816 cap.
802 1733 855 1795 λλ.
890 1732 946 1807 την
979 1730 1037 1809 μὲν
1070 1724 1119 1795 οὖν
1150 1726 1360 1806 εἰσαγγελίαν
1387 1722 1484 1798 οὕτως

289 1830 423 1914 ἔχουσαν
445 1833 698 1917 άναγράφουσιν·

517 1940 677 2014 Θέσσαλος
702 1941 837 2018 Κίμωνος
866 1940 1029 2016 Λακιάδης
1049 1937 1255 2017 Ἀλκιβιάδην

516 2047 653 2111 Κλεινίου
671 2048 898 2126 Σκαμβωνίδην
916 2049 1113 2127 εἰσήγγειλεν
1137 2044 1255 2110 άδικεῖν

512 2151 578 2232 περ)
601 2154 643 2218 τύ
667 2154 966 2235 redeundumne
987 2154 1039 2219 καί
1063 2154 1118 2229 την
1143 2151 1254 2230 Κύρην,

512 2258 762 2337 άπομιμούμενον
785 2261 828 2326 τά
852 2261 988 2341 μυςάρια
1011 2260 1064 2325 καὶ
1084 2258 1257 2325 δεικνύοντα

511 2370 574 2435 τοῖς
599 2364 694 2430 αύτοῖι
716 2365 844 2445 ἑταίροις
869 2366 899 2430 ἐν
922 2376 961 2448 τῇ
985 2366 1065 2450 οίκίρο
1084 2374 1122 2446 τῇ
1142 2365 1252 2429 ἑαυτοῦ

512 2466 628 2550 ἔχοντα
662 2473 755 2547 τολην
796 2469 917 2551 οίανπερ
960 2469 1143 2553 ἱεροφάντης
1173 2466 1254 2551 ἔχων

511 2573 638 2640 δεικνύει
656 2578 699 2641 τά
718 2577 785 2657 ίερά
804 2576 857 2642 καί
878 2575 1067 2658 ύνομάζοντα
1089 2577 1182 2642 αύτδν
1198 2576 1255 2654 μὲν

511 2681 720 2765 ἱεροφάντην,
767 2684 947 2749 Πολυτίωνα
1002 2682 1033 2747 δὲ
1085 2682 1252 2766 δᾳδοῦχον,

512 2790 628 2868 κάρυκα
647 2788 679 2854 δὲ
700 2788 846 2867 Θεόδωρον
863 2787 1004 2867 Φηγεέα,
1017 2789 1086 2859 τοὺς
1099 2787 1126 2853 δ’
1138 2786 1254 2861 άλλουο

512 2893 647 2973 ἑταίρους
656 2895 761 2971 μύςας
771 2897 1036 2976 προσαγορεύοντα
1048 2895 1101 2959 καί
1112 2892 1253 2967 ἐπόπτας

513 3000 600 3081 παρά
640 3001 683 3066 τά
725 3000 844 3079 νύμιμα
886 3000 940 3066 καί
982 3001 1027 3066 τά
1060 2998 1254 3076 καίεςηκύτα

512 3104 571 3170 ύπύ
610 3129 645 3171 τε
687 3107 890 3186 Εὐμολπιδῶν
925 3108 978 3172 καὶ
1023 3105 1164 3188 Κηρύκων
1200 3104 1252 3172 καί

510 3217 569 3277 τῶν
598 3210 696 3292 ίερέων
717 3218 776 3279 τῶν
799 3211 834 3290 ἕξ
856 3217 1039 3285 Ἐλευσῖνος.

333 3313 421 3380 Unde
446 3314 525 3382 liaec
549 3314 758 3404 descripsisse
780 3319 988 3386 Plutarchum
1011 3326 1181 3406 putemus,
1206 3317 1383 3404 etquinaur
1404 3325 1482 3383 suut

287 3419 326 3485 de
347 3419 464 3506 quibus
482 3422 561 3488 dicit
580 3426 635 3499 την
656 3426 865 3505 είσαγγελίαν
889 3423 1223 3507 άναγράφουσινί
1258 3422 1378 3511 Ecquis
1391 3442 1480 3510 prae·

287 3526 399 3592 sertim
424 3527 609 3593 admonitus
634 3539 790 3616 puuctum
821 3531 975 3618 temporis
998 3530 1148 3597 dubitare
1173 3530 1292 3616 possit.
1317 3529 1394 3616 quin
1428 3526 1481 3593 illa

288 3651 306 3696 a
337 3632 474 3698 Curiano
510 3644 617 3700 sumta
649 3636 731 3712 siut,
762 3638 818 3723 qui
852 3636 1126 3702 nobilissimarum
1159 3637 1368 3715 εἰσαγγελιῶν
1396 3634 1481 3701 άντί·

286 3745 401 3822 γράφοι
424 3759 461 3805 ex
489 3738 606 3806 tabulis
630 3740 767 3827 publicis
798 3741 960 3830 descripta
984 3741 1129 3808 ediderat
1159 3743 1190 3808 iu
1216 3739 1343 3807 lucerul
1379 3740 1480 3807 uocu-

288 3853 432 3911 ruentum
470 3846 576 3932 ipsurn
609 3849 714 3913 urnula
753 3867 830 3934 prae
863 3868 897 3914 se
928 3847 991 3915 lert
1025 3848 1172 3916 veritatis
1208 3857 1239 3912 at
1275 3845 1482 3932 antiquitatis

289 3950 427 4028 iudicia,
448 3971 550 4036 neque
569 3951 632 4018 ulla
653 3963 701 4018 cst
715 3952 873 4020 dubitatio
894 3955 971 4040 quin
990 3955 1167 4039 genuinum
1190 3953 1232 4019 sit
1252 3951 1481 4036 etintegrunr‚
1561 3992 1565 3998 ε

289 4058 351 4121 uisi
376 4055 459 4142 quud
486 4056 610 4123 irreudis
634 4058 827 4144 quibusdam
851 4069 883 4126 et
907 4059 1072 4125 erroribus
1098 4068 1147 4126 est
1170 4059 1338 4135 vitiatum,
1363 4055 1482 4144 quibus

287 4159 407 4227 mederi
433 4159 525 4227 tacite
549 4174 609 4229 est.
657 4165 692 4229 lu
719 4164 825 4230 verbis
850 4166 916 4245 περὶ
941 4167 984 4230 τύ
1008 4166 1061 4231 lad
1090 4166 1157 4254 [την
1177 4166 1330 4244 Δήμητρα
1354 4163 1482 4238 κοίτην

285 4266 392 4355 Κόρην]
422 4266 627 4335 inanilestuui
652 4278 701 4337 est
719 4272 887 4338 ernblerua.
935 4272 980 4338 Ne
1001 4272 1194 4338 Plutarchus
1218 4270 1348 4358 quidem
1371 4267 1402 4334 id
1426 4268 1482 4335 ad·

286 4371 439 4449 didisset,
462 4373 579 4439 nedum
598 4374 779 4443 Thessalus
813 4378 934 4444 Deinde
952 4379 1089 4448 άττικιτί
1103 4376 1309 4445 scribendum
1321 4373 1482 4443 δεικνύντα

288 4500 344 4568 pru
369 4479 542 4547 δεικνύοντα
566 4492 598 4549 et
622 4482 751 4548 δείκνυσι
776 4485 818 4550 τά
843 4485 909 4565 ἱερά
935 4503 991 4572 pru
1015 4485 1162 4564 δεικνύει,
1188 4494 1218 4552 el
1244 4481 1405 4549 articulus
1430 4482 1480 4547 iu·
