3244 5012
316 333 382 398 352
822 348 992 398 sonuum.

451 524 528 589 ὥστε
552 547 603 599 μοι
627 517 820 586 άθανάτΟΙΟ
843 518 1024 585 ἰνδάλλεται
1049 514 1253 598 εἰσοράασθαι.

315 636 421 717 spreta
450 650 525 696 vero
554 631 710 713 scriptura
739 625 779 691 ab
803 624 1012 710 Aristophane
1034 627 1158 708 reperta
1179 621 1370 688 ἀθάνατος.
1406 625 1497 692 histri

314 735 402 802 labes
430 740 502 820 post
532 736 687 798 amissum
719 729 872 809 δίγαμμα
904 731 1036 796 vitiosas
1066 730 1237 813 scripturas
1259 729 1413 813 pariebat
1445 730 1497 795 ln-

314 841 433 928 gebant
456 844 564 905 tamen
583 857 692 903 omncs
710 835 802 901 Iliad.
824 843 864 899 Ψ.
883 832 959 899 460.
980 831 1076 906 άλλος
1097 832 1123 896 δ’
1144 831 1290 912 ἧνίοχΟΟ
1309 832 1494 900 ἰνδάλλεται.

314 945 391 1012 Sine
414 965 508 1012 causa
528 943 700 1010 haerebant
721 961 858 1025 namque
881 938 960 1004 clim
984 938 1103 1003 fuerat:

450 1047 507 1118 ὅτε
531 1072 583 1126 μοι
603 1047 755 1117 άθάνατος
778 1042 973 1111 εινδάλλεται
997 1039 1209 1122 εἰσοράασθαι.

313 1160 365 1221 ct:
390 1151 486 1226 άλλος
509 1154 535 1218 δ’
558 1153 678 1233 ἧνίοχος
701 1149 912 1225 εινδάλλεται,
936 1153 969 1215 ct
991 1141 1104 1235 Odyss.
1128 1171 1158 1212 τ.
1183 1146 1264 1215 224.

449 1258 536 1324 άλλοί
561 1257 613 1324 καί
637 1253 674 1329 εἰς
698 1255 781 1336 repta
804 1252 842 1327 εἰς
865 1276 917 1330 μοι
941 1251 1134 1319 εινδάλλεται
1159 1248 1247 1333 ἦτορ.

313 1370 347 1430 et
368 1363 459 1430 Iliad.
483 1373 517 1429 Ρ.
541 1362 618 1429 213.
642 1362 762 1428 Hector

450 1468 494 1546 βῆ
518 1470 556 1549 θα
579 1467 668 1546 μέγα
691 1465 821 1547 ειάχονν,
846 1462 1021 1529 εινδάλλετο
1046 1460 1079 1527 δέ
1101 1469 1192 1545 σφισι
1216 1468 1295 1530 τοῖσι

452 1570 580 1651 τεύχεσι
603 1569 805 1650 λαμπόμενος
824 1567 1015 1647 μεγαθύμου
1038 1569 1226 1643 Πνλείονος.

313 1679 371 1742 uhi
391 1679 522 1763 antiqua
541 1680 697 1762 scriptura
716 1682 783 1742 eret
801 1673 1001 1753 λαμτθμενος
1015 1672 1195 1750 Πηληιάδεω
1208 1677 1376 1757 Ἀχιλῆος,
1389 1675 1494 1742 deinde

313 1781 448 1868 vulgata
471 1787 519 1848 est
540 1787 682 1869 recepta,
706 1781 760 1846 sed
778 1785 892 1846 neutra
908 1780 1091 1845 Aristarcho
1109 1780 1317 1865 probabatur,
1339 1782 1396 1866 qui
1413 1788 1495 1847 ratus

313 1886 489 1951 εινδάλλετο
521 1908 586 1953 esse
616 1888 702 1953 idem
732 1886 816 1972 quod
845 1883 950 1966 ἐῴκει,
984 1884 1083 1962 ἰμοΐος
1110 1881 1144 1959 ἦν
1177 1883 1227 1972 (ut
1248 1888 1283 1950 iu
1304 1885 1494 1951 άθανάτΟΙΟ

313 1990 522 2072 εινδάλλεται)
554 1993 708 2079 genitivis
736 1991 861 2057 dativos
890 1991 1058 2075 supposuit
1082 1989 1256 2056 εινδάλλετο
1270 1980 1494 2070 -μεγαθθμρ

314 2096 473 2171 Πηλεΐωνι.
508 2097 606 2163 Recte
636 2117 689 2162 ms
719 2096 824 2161 iudice
847 2098 879 2160 st
901 2094 1121 2180 Aristophanis
1143 2097 1301 2180 scripture
1322 2093 1493 2160 ἀθάνατοί

313 2199 507 2266 εινδάλλεται
539 2207 664 2287 recepto
690 2207 755 2279 est,
787 2206 820 2265 et
850 2199 1050 2266 Aristarchea
1071 2198 1247 2282 μεγαθύμῳ
1270 2200 1418 2276 Πηλεΐωνι
1437 2221 1492 2266 non

311 2313 359 2372 est
381 2311 515 2392 recepta.

856 2551 954 2625 XIV.

593 2754 636 2810 01
661 2748 1211 2809 METAXAP'AKTHPICANTGC.

354 2942 445 3008 Libri
467 2945 606 3017 veteres,
629 2941 713 3005 unde
735 2939 912 3005 Zenodotus
934 2939 1058 3024 primus
1079 2940 1226 3004 omnium
1248 2959 1341 3005 suam
1362 2938 1491 3005 Homeri

309 3045 457 3127 διθρθωσιν
491 3047 707 3122 concinnavit,
731 3047 865 3140 ¹exarati
897 3048 988 3109 erant
1020 3041 1207 3121 γράμμασιν
1242 3041 1400 3116 Ἀττικοῖς
1428 3047 1491 3111 sive

307 3154 492 3233 ἀρχαϊκοῖς,
523 3150 670 3236 qualibus
700 3150 908 3215 Athenienses
930 3154 1003 3214 ants
1025 3147 1192 3214 Euclidem
1215 3150 1248 3213 in
1271 3153 1360 3215 omni
1381 3170 1491 3238 genero

311 3258 576 3324 documentorum
606 3256 794 3331 utebantur,
827 3274 967 3339 quaeque
995 3259 1067 3338 post
1096 3260 1255 3339 receptam
1277 3252 1490 3321 litteraturam

309 3360 449 3426 Ionicum
474 3361 491 3436 νί
514 3361 641 3427 παλαιά
664 3360 872 3440 γραμματική
895 3364 952 3424 aut
976 3360 993 3433 εἰ
1017 3357 1139 3438 άρχαία
1161 3361 1370 3440 γραμματική
1390 3358 1490 3445 appel·

306 3466 368 3532 lari
389 3466 530 3532 solebant

353 3571 529 3639 Zenodotus
560 3574 662 3660 igitur
693 3593 793 3657 quum
823 3572 867 3637 τά
896 3568 1030 3635 Ἀττικά
1053 3566 1235 3650 γράμματα
1258 3571 1491 3637 transscriberet

307 3680 350 3753 εἰς
385 3678 427 3743 τά
462 3676 598 3754 Ἰωνικά,
637 3677 734 3766 (quod
762 3674 1086 3757 μεταχαρακτνρρίζειν
1117 3675 1250 3753 dicitur,
1281 3675 1316 3740 id
1346 3682 1395 3742 cst
1423 3674 1490 3746 τοὺς

305 3783 469 3854 Ἀττικοὺς
498 3790 557 3849 τῶν
587 3783 786 3864 γραμμάτων
816 3788 1021 3861 χαρακτῆρας
1052 3783 1094 3853 εἰς
1125 3782 1195 3853 τοὺς
1225 3781 1373 3854 Ἰιινικοὺς
1395 3803 1493 3859 μετ-α·
1579 3840 1580 3857 ,

307 3888 458 3974 γράφειν)
489 3889 619 3954 videtur
647 3890 681 3953 in
711 3908 748 3953 ea
777 3908 811 3952 re
842 3884 1009 3952 nonnullos
1038 3888 1233 3953 commisisse
1255 3905 1391 3964 errores,
1415 3906 1491 3973 quos
1579 3894 1580 3963 j

308 3996 428 4082 purtim
449 3995 674 4080 Aristophanes
697 3992 920 4079 deprehendit,
945 3991 1024 4058 alios
1045 3991 1262 4068 Aristarchus,
1282 3990 1362 4057 alios
1381 3988 1491 4058 Oritici

306 4107 379 4187 post
400 4099 631 4167 Aristarchum.
662 4097 853 4184 Supererant
871 4102 903 4165 st
922 4097 987 4163 alia
1005 4096 1160 4183 quaedam
1178 4096 1294 4162 menda
1312 4096 1388 4163 hinc
1406 4102 1488 4173 orta,

304 4224 387 4291 quae
409 4204 574 4271 Bekherus
599 4205 746 4270 abstersit
767 4226 825 4269 nec
848 4205 962 4270 desunt
984 4203 1048 4270 alia
1065 4200 1218 4269 nonnulla
1235 4206 1360 4268 nostres
1378 4202 1490 4268 aetatis

304 4308 435 4376 Oriticis
458 4312 574 4396 quique
596 4316 668 4394 post
688 4312 816 4375 venturi
838 4314 913 4374 sunt
936 4309 1153 4397 abstergenda.
1189 4306 1226 4373 ln
1245 4306 1358 4393 Odyss.
1379 4329 1411 4372 α.
1424 4304 1489 4371 254

305 4416 463 4482 ferebatur
484 4421 577 4481 vetus
598 4417 754 4500 scriptura
776 4414 870 4480 haec:
