<?xml version="1.0" encoding="UTF-8"?>
<!DOCTYPE html PUBLIC "-//W3C//DTD XHTML 1.0 Transitional//EN"
    "http://www.w3.org/TR/xhtml1/DTD/xhtml1-transitional.dtd">
<html xmlns="http://www.w3.org/1999/xhtml" xml:lang="en" lang="en">
 <head>
  <title>
</title>
<meta http-equiv="Content-Type" content="text/html;charset=utf-8" />
  <meta name='ocr-system' content='tesseract 3.04.00' />
  <meta name='ocr-capabilities' content='ocr_page ocr_carea ocr_par ocr_line ocrx_word'/>
</head>
<body>
  <div class='ocr_page' id='page_1' title='image "./mnemosynebiblio00servgoog_0769.png"; bbox 0 0 3244 5012; ppageno 0'>
   <div class='ocr_carea' id='block_1_1' title="bbox 288 332 1137 398">
    <p class='ocr_par' dir='ltr' id='par_1_1' title="bbox 288 332 1137 398">
     <span class='ocr_line' id='line_1_1' title="bbox 288 332 1137 398; baseline 0 -4"><span class='ocrx_word' id='word_1_1' title='bbox 288 332 352 397; x_wconf 81' lang='lat'>322</span> <span class='ocrx_word' id='word_1_2' title='bbox 622 349 664 396; x_wconf 79' lang='lat' dir='ltr'>so</span> <span class='ocrx_word' id='word_1_3' title='bbox 688 349 916 398; x_wconf 78' lang='lat' dir='ltr'>mrsosoorrn</span> <span class='ocrx_word' id='word_1_4' title='bbox 941 349 1137 397; x_wconf 70' lang='lat' dir='ltr'>cinnamon.</span> 
     </span>
    </p>
   </div>
   <div class='ocr_carea' id='block_1_2' title="bbox 221 519 1585 4481">
    <p class='ocr_par' dir='ltr' id='par_1_2' title="bbox 221 519 1585 4481">
     <span class='ocr_line' id='line_1_2' title="bbox 286 519 1471 608; baseline -0.003 -26"><span class='ocrx_word' id='word_1_5' title='bbox 286 521 387 583; x_wconf 84' lang='lat' dir='ltr'>cuisse</span> <span class='ocrx_word' id='word_1_6' title='bbox 418 520 537 585; x_wconf 86' lang='lat' dir='ltr'>incerto</span> <span class='ocrx_word' id='word_1_7' title='bbox 567 521 664 586; x_wconf 87' lang='lat' dir='ltr'>huius</span> <span class='ocrx_word' id='word_1_8' title='bbox 695 524 939 608; x_wconf 77' lang='lat' dir='ltr'>epigrammatis</span> <span class='ocrx_word' id='word_1_9' title='bbox 972 523 1108 597; x_wconf 83' lang='lat' dir='ltr'>auctori,</span> <span class='ocrx_word' id='word_1_10' title='bbox 1141 519 1276 583; x_wconf 85' lang='lat' dir='ltr'>scribere</span> <span class='ocrx_word' id='word_1_11' title='bbox 1306 524 1389 582; x_wconf 80' lang='lat' dir='ltr'>certe</span> <span class='ocrx_word' id='word_1_12' title='bbox 1416 538 1471 581; x_wconf 88' lang='lat' dir='ltr'>non</span> 
     </span>
     <span class='ocr_line' id='line_1_3' title="bbox 285 623 1146 710; baseline -0.002 -22"><span class='ocrx_word' id='word_1_13' title='bbox 285 624 409 707; x_wconf 88' lang='lat' dir='ltr'>potuit,</span> <span class='ocrx_word' id='word_1_14' title='bbox 435 623 528 710; x_wconf 87' lang='lat' dir='ltr'>quale</span> <span class='ocrx_word' id='word_1_15' title='bbox 550 625 644 692; x_wconf 86' lang='lat' dir='ltr'>hodie</span> <span class='ocrx_word' id='word_1_16' title='bbox 669 625 791 701; x_wconf 81' lang='lat' dir='ltr'><strong>editur,</strong></span> <span class='ocrx_word' id='word_1_17' title='bbox 815 628 948 691; x_wconf 86' lang='lat' dir='ltr'>tertium</span> <span class='ocrx_word' id='word_1_18' title='bbox 972 624 1146 690; x_wconf 75' lang='lat' dir='ltr'><strong>distichon:</strong></span> 
     </span>
     <span class='ocr_line' id='line_1_4' title="bbox 379 725 1365 812; baseline -0.001 -20"><span class='ocrx_word' id='word_1_19' title='bbox 379 726 484 793; x_wconf 84' lang='grc' dir='ltr'><strong><em>τοίντοο</em></strong></span> <span class='ocrx_word' id='word_1_20' title='bbox 509 728 593 811; x_wconf 58' lang='lat' dir='ltr'>esp,</span> <span class='ocrx_word' id='word_1_21' title='bbox 617 727 697 796; x_wconf 75' lang='grc' dir='ltr'><strong><em>ὅσσοι</em></strong></span> <span class='ocrx_word' id='word_1_22' title='bbox 720 732 854 809; x_wconf 77' lang='grc' dir='ltr'>βροτοῖσι</span> <span class='ocrx_word' id='word_1_23' title='bbox 877 730 963 812; x_wconf 87' lang='grc' dir='ltr'><strong><em>φέρει</em></strong></span> <span class='ocrx_word' id='word_1_24' title='bbox 988 728 1094 807; x_wconf 77' lang='grc' dir='ltr'><strong><em>κλέος,</em></strong></span> <span class='ocrx_word' id='word_1_25' title='bbox 1120 725 1183 802; x_wconf 79' lang='grc' dir='ltr'>ἦεν</span> <span class='ocrx_word' id='word_1_26' title='bbox 1209 726 1365 793; x_wconf 82' lang='grc' dir='ltr'><strong><em>ίδέσίοοι</em></strong></span> 
     </span>
     <span class='ocr_line' id='line_1_5' title="bbox 425 829 1449 916; baseline -0.001 -17"><span class='ocrx_word' id='word_1_27' title='bbox 425 836 617 913; x_wconf 74' lang='grc' dir='ltr'><strong><em>εὐγενίην</em></strong></span> <span class='ocrx_word' id='word_1_28' title='bbox 639 836 799 915; x_wconf 78' lang='grc' dir='ltr'><strong><em>έροιτην,</em></strong></span> <span class='ocrx_word' id='word_1_29' title='bbox 824 834 947 910; x_wconf 72' lang='grc' dir='ltr'><strong><em>ἤθεσι,</em></strong></span> <span class='ocrx_word' id='word_1_30' title='bbox 972 835 1240 916; x_wconf 77' lang='grc' dir='ltr'><strong><em>σωφροσύνην.</em></strong></span> <span class='ocrx_word' id='word_1_31' title='bbox 1446 829 1449 832; x_wconf 58' lang='grc'><strong>’</strong></span> 
     </span>
     <span class='ocr_line' id='line_1_6' title="bbox 221 940 1475 1026; baseline -0.001 -22"><span class='ocrx_word' id='word_1_32' title='bbox 221 944 226 963; x_wconf 82' lang='grc'><em>’</em></span> <span class='ocrx_word' id='word_1_33' title='bbox 288 943 344 1024; x_wconf 88' lang='lat' dir='ltr'>qui</span> <span class='ocrx_word' id='word_1_34' title='bbox 370 942 554 1007; x_wconf 87' lang='lat' dir='ltr'>Accusativi</span> <span class='ocrx_word' id='word_1_35' title='bbox 576 940 700 1008; x_wconf 78' lang='lat' dir='ltr'>nullam</span> <span class='ocrx_word' id='word_1_36' title='bbox 725 941 901 1007; x_wconf 87' lang='lat' dir='ltr'>admittunt</span> <span class='ocrx_word' id='word_1_37' title='bbox 923 944 1227 1026; x_wconf 82' lang='lat' dir='ltr'>interpretationem</span> <span class='ocrx_word' id='word_1_38' title='bbox 1267 941 1314 1005; x_wconf 84' lang='lat' dir='ltr'>Ac</span> <span class='ocrx_word' id='word_1_39' title='bbox 1336 941 1475 1023; x_wconf 88' lang='lat' dir='ltr'>primum</span> 
     </span>
     <span class='ocr_line' id='line_1_7' title="bbox 285 1042 1475 1130; baseline -0.003 -21"><span class='ocrx_word' id='word_1_40' title='bbox 285 1044 416 1129; x_wconf 88' lang='lat' dir='ltr'>quidem</span> <span class='ocrx_word' id='word_1_41' title='bbox 450 1044 537 1110; x_wconf 83' lang='lat' dir='ltr'>houd</span> <span class='ocrx_word' id='word_1_42' title='bbox 570 1045 666 1110; x_wconf 89' lang='lat' dir='ltr'>dubie</span> <span class='ocrx_word' id='word_1_43' title='bbox 700 1049 874 1130; x_wconf 80' lang='lat' dir='ltr'>requiritur</span> <span class='ocrx_word' id='word_1_44' title='bbox 909 1042 949 1118; x_wconf 77' lang='grc' dir='ltr'>ἦν</span> <span class='ocrx_word' id='word_1_45' title='bbox 981 1045 1201 1120; x_wconf 84' lang='grc' dir='ltr'><strong><em>ε’νιδέσίοιι,</em></strong></span> <span class='ocrx_word' id='word_1_46' title='bbox 1235 1051 1299 1109; x_wconf 82' lang='lat' dir='ltr'>eret</span> <span class='ocrx_word' id='word_1_47' title='bbox 1323 1044 1425 1108; x_wconf 78' lang='lat' dir='ltr'>cidere</span> <span class='ocrx_word' id='word_1_48' title='bbox 1446 1044 1475 1104; x_wconf 80' lang='grc' dir='ltr'>ιἰι</span> 
     </span>
     <span class='ocr_line' id='line_1_8' title="bbox 288 1146 1476 1235; baseline 0 -23"><span class='ocrx_word' id='word_1_49' title='bbox 288 1149 470 1227; x_wconf 77' lang='lat' dir='ltr'>Harmonia,</span> <span class='ocrx_word' id='word_1_50' title='bbox 509 1151 542 1213; x_wconf 91' lang='lat' dir='ltr'>in</span> <span class='ocrx_word' id='word_1_51' title='bbox 578 1151 668 1214; x_wconf 88' lang='lat' dir='ltr'>cuius</span> <span class='ocrx_word' id='word_1_52' title='bbox 698 1150 851 1215; x_wconf 83' lang='lat' dir='ltr'>honorem</span> <span class='ocrx_word' id='word_1_53' title='bbox 889 1150 1010 1215; x_wconf 87' lang='lat' dir='ltr'>factum</span> <span class='ocrx_word' id='word_1_54' title='bbox 1042 1153 1089 1215; x_wconf 92' lang='lat' dir='ltr'>est</span> <span class='ocrx_word' id='word_1_55' title='bbox 1119 1151 1335 1235; x_wconf 78' lang='lat' dir='ltr'>epigramma,</span> <span class='ocrx_word' id='word_1_56' title='bbox 1367 1146 1476 1213; x_wconf 87' lang='lat' dir='ltr'>deinde</span> 
     </span>
     <span class='ocr_line' id='line_1_9' title="bbox 288 1254 672 1339; baseline -0.008 -19"><span class='ocrx_word' id='word_1_57' title='bbox 288 1254 490 1320; x_wconf 87' lang='lat' dir='ltr'>scribendum</span> <span class='ocrx_word' id='word_1_58' title='bbox 514 1257 672 1339; x_wconf 89' lang='lat' dir='ltr'>suspicor:</span> 
     </span>
     <span class='ocr_line' id='line_1_10' title="bbox 426 1358 1236 1441; baseline -0.001 -17"><span class='ocrx_word' id='word_1_59' title='bbox 426 1361 615 1438; x_wconf 75' lang='grc' dir='ltr'><strong><em>εὐγενίη,</em></strong></span> <span class='ocrx_word' id='word_1_60' title='bbox 641 1361 814 1440; x_wconf 83' lang='grc' dir='ltr'><strong><em>έροοτείν’</em></strong></span> <span class='ocrx_word' id='word_1_61' title='bbox 839 1358 961 1435; x_wconf 74' lang='grc' dir='ltr'><strong><em>ἤθεοι,</em></strong></span> <span class='ocrx_word' id='word_1_62' title='bbox 989 1360 1236 1441; x_wconf 75' lang='grc' dir='ltr'><strong><em>σωφροσύνη.</em></strong></span> 
     </span>
     <span class='ocr_line' id='line_1_11' title="bbox 290 1462 1477 1550; baseline -0.006 -17"><span class='ocrx_word' id='word_1_63' title='bbox 290 1464 427 1533; x_wconf 82' lang='lat' dir='ltr'>admisso</span> <span class='ocrx_word' id='word_1_64' title='bbox 446 1465 555 1541; x_wconf 81' lang='lat' dir='ltr'>hiatu,</span> <span class='ocrx_word' id='word_1_65' title='bbox 578 1464 705 1550; x_wconf 87' lang='lat' dir='ltr'>qualem</span> <span class='ocrx_word' id='word_1_66' title='bbox 725 1469 856 1531; x_wconf 86' lang='lat' dir='ltr'>seriores</span> <span class='ocrx_word' id='word_1_67' title='bbox 874 1469 984 1550; x_wconf 85' lang='lat' dir='ltr'>poetas</span> <span class='ocrx_word' id='word_1_68' title='bbox 999 1464 1161 1530; x_wconf 85' lang='lat' dir='ltr'>interdum</span> <span class='ocrx_word' id='word_1_69' title='bbox 1177 1464 1217 1530; x_wconf 89' lang='lat' dir='ltr'>ad</span> <span class='ocrx_word' id='word_1_70' title='bbox 1228 1462 1364 1531; x_wconf 86' lang='lat' dir='ltr'>Homeri</span> <span class='ocrx_word' id='word_1_71' title='bbox 1376 1483 1477 1529; x_wconf 81' lang='lat' dir='ltr'>exem-</span> 
     </span>
     <span class='ocr_line' id='line_1_12' title="bbox 290 1567 1477 1657; baseline -0.003 -24"><span class='ocrx_word' id='word_1_72' title='bbox 290 1567 382 1652; x_wconf 92' lang='lat' dir='ltr'>plum</span> <span class='ocrx_word' id='word_1_73' title='bbox 390 1569 452 1634; x_wconf 89' lang='lat' dir='ltr'>sibi</span> <span class='ocrx_word' id='word_1_74' title='bbox 459 1572 806 1657; x_wconf 75' lang='lat' dir='ltr'>permiserrmt,i1uique</span> <span class='ocrx_word' id='word_1_75' title='bbox 814 1575 882 1657; x_wconf 89' lang='lat' dir='ltr'>ipse</span> <span class='ocrx_word' id='word_1_76' title='bbox 890 1570 1086 1657; x_wconf 89' lang='lat' dir='ltr'>corruptelae</span> <span class='ocrx_word' id='word_1_77' title='bbox 1094 1590 1204 1637; x_wconf 81' lang='lat' dir='ltr'>susem</span> <span class='ocrx_word' id='word_1_78' title='bbox 1212 1568 1477 1637; x_wconf 84' lang='lat' dir='ltr'>rideturdediese.</span> 
     </span>
     <span class='ocr_line' id='line_1_13' title="bbox 335 1670 1585 1762; baseline 0.001 -23"><span class='ocrx_word' id='word_1_79' title='bbox 335 1673 446 1762; x_wconf 74' lang='lat' dir='ltr'>Epigr.</span> <span class='ocrx_word' id='word_1_80' title='bbox 472 1672 556 1752; x_wconf 82' lang='lat'>351,</span> <span class='ocrx_word' id='word_1_81' title='bbox 582 1673 602 1739; x_wconf 84' lang='lat'>5</span> <span class='ocrx_word' id='word_1_82' title='bbox 626 1696 693 1761; x_wconf 91' lang='lat' dir='ltr'>sqq.</span> <span class='ocrx_word' id='word_1_83' title='bbox 1584 1670 1585 1677; x_wconf 58' lang='lat'><em>&#39;</em></span> 
     </span>
     <span class='ocr_line' id='line_1_14' title="bbox 381 1777 1168 1862; baseline 0.011 -18"><span class='ocrx_word' id='word_1_84' title='bbox 381 1779 486 1844; x_wconf 76' lang='grc' dir='ltr'><strong><em>Ἀλλοὶ</em></strong></span> <span class='ocrx_word' id='word_1_85' title='bbox 510 1777 586 1845; x_wconf 68' lang='grc' dir='ltr'>καθ’</span> <span class='ocrx_word' id='word_1_86' title='bbox 612 1779 759 1861; x_wconf 76' lang='grc' dir='ltr'><strong><em>ἡμετέρης</em></strong></span> <span class='ocrx_word' id='word_1_87' title='bbox 783 1787 892 1858; x_wconf 74' lang='grc' dir='ltr'><strong><em>γενεῆς</em></strong></span> <span class='ocrx_word' id='word_1_88' title='bbox 916 1780 1039 1862; x_wconf 74' lang='grc' dir='ltr'><strong><em>ρινηλδν</em></strong></span> <span class='ocrx_word' id='word_1_89' title='bbox 1063 1779 1168 1852; x_wconf 73' lang='grc' dir='ltr'><strong><em>ὄνειδος</em></strong></span> 
     </span>
     <span class='ocr_line' id='line_1_15' title="bbox 426 1883 1134 1967; baseline 0.003 -18"><span class='ocrx_word' id='word_1_90' title='bbox 426 1888 536 1964; x_wconf 80' lang='grc' dir='ltr'><strong><em>φημην</em></strong></span> <span class='ocrx_word' id='word_1_91' title='bbox 559 1909 593 1951; x_wconf 84' lang='grc' dir='ltr'>τε</span> <span class='ocrx_word' id='word_1_92' title='bbox 618 1889 749 1965; x_wconf 73' lang='grc' dir='ltr'><strong><em>ςνγερην</em></strong></span> <span class='ocrx_word' id='word_1_93' title='bbox 768 1883 902 1963; x_wconf 76' lang='grc' dir='ltr'><strong><em>ἔβλυσεν</em></strong></span> <span class='ocrx_word' id='word_1_94' title='bbox 925 1885 1134 1967; x_wconf 76' lang='grc' dir='ltr'><strong><em>Ἀρχίλοχος.</em></strong></span> 
     </span>
     <span class='ocr_line' id='line_1_16' title="bbox 386 1987 1350 2071; baseline 0.002 -17"><span class='ocrx_word' id='word_1_95' title='bbox 386 1987 597 2071; x_wconf 80' lang='grc' dir='ltr'><strong><em>Ἀρχίλοχον,</em></strong></span> <span class='ocrx_word' id='word_1_96' title='bbox 621 1991 670 2067; x_wconf 76' lang='grc' dir='ltr'><strong><em>μοὶ</em></strong></span> <span class='ocrx_word' id='word_1_97' title='bbox 694 1989 785 2062; x_wconf 76' lang='grc' dir='ltr'><strong><em>θεοὺς</em></strong></span> <span class='ocrx_word' id='word_1_98' title='bbox 809 1990 861 2055; x_wconf 86' lang='grc' dir='ltr'><strong><em>κοιί</em></strong></span> <span class='ocrx_word' id='word_1_99' title='bbox 885 1992 1055 2070; x_wconf 75' lang='grc' dir='ltr'><strong><em>δοιίμονοις,</em></strong></span> <span class='ocrx_word' id='word_1_100' title='bbox 1080 1991 1142 2057; x_wconf 78' lang='grc' dir='ltr'><strong><em>οὔτ’</em></strong></span> <span class='ocrx_word' id='word_1_101' title='bbox 1168 1993 1197 2056; x_wconf 84' lang='grc' dir='ltr'>ἐν</span> <span class='ocrx_word' id='word_1_102' title='bbox 1223 1993 1350 2068; x_wconf 66' lang='lat' dir='ltr'>syrica</span> 
     </span>
     <span class='ocr_line' id='line_1_17' title="bbox 427 2092 1161 2176; baseline 0 -17"><span class='ocrx_word' id='word_1_103' title='bbox 427 2094 586 2172; x_wconf 84' lang='grc' dir='ltr'><strong><em>είδομεν</em></strong></span> <span class='ocrx_word' id='word_1_104' title='bbox 610 2092 677 2160; x_wconf 75' lang='grc' dir='ltr'><strong><em>οὔθ’</em></strong></span> <span class='ocrx_word' id='word_1_105' title='bbox 699 2092 794 2174; x_wconf 76' lang='grc' dir='ltr'><strong><em>Ἤρης</em></strong></span> <span class='ocrx_word' id='word_1_106' title='bbox 818 2096 849 2160; x_wconf 81' lang='grc' dir='ltr'>έν</span> <span class='ocrx_word' id='word_1_107' title='bbox 872 2094 1006 2176; x_wconf 75' lang='grc' dir='ltr'><strong><em>μεγοίλῳ</em></strong></span> <span class='ocrx_word' id='word_1_108' title='bbox 1029 2094 1161 2175; x_wconf 86' lang='grc' dir='ltr'><strong><em>τεμένει.</em></strong></span> 
     </span>
     <span class='ocr_line' id='line_1_18' title="bbox 294 2198 1481 2288; baseline -0.002 -19"><span class='ocrx_word' id='word_1_109' title='bbox 294 2199 377 2278; x_wconf 73' lang='lat' dir='ltr'>„llis</span> <span class='ocrx_word' id='word_1_110' title='bbox 402 2202 505 2286; x_wconf 79' lang='lat' dir='ltr'>igitur</span> <span class='ocrx_word' id='word_1_111' title='bbox 533 2202 567 2265; x_wconf 87' lang='lat' dir='ltr'>in</span> <span class='ocrx_word' id='word_1_112' title='bbox 596 2198 696 2265; x_wconf 84' lang='lat' dir='ltr'>locis&#39;’</span> <span class='ocrx_word' id='word_1_113' title='bbox 728 2202 774 2264; x_wconf 88' lang='lat' dir='ltr'>ait</span> <span class='ocrx_word' id='word_1_114' title='bbox 795 2198 961 2267; x_wconf 86' lang='lat' dir='ltr'>Jacobsius</span> <span class='ocrx_word' id='word_1_115' title='bbox 985 2203 1114 2286; x_wconf 86' lang='lat' dir='ltr'>„turpia</span> <span class='ocrx_word' id='word_1_116' title='bbox 1135 2221 1154 2265; x_wconf 88' lang='lat' dir='ltr'>a</span> <span class='ocrx_word' id='word_1_117' title='bbox 1176 2200 1292 2286; x_wconf 79' lang='lat' dir='ltr'>puellis</span> <span class='ocrx_word' id='word_1_118' title='bbox 1313 2200 1380 2266; x_wconf 82' lang='lat' dir='ltr'>illis</span> <span class='ocrx_word' id='word_1_119' title='bbox 1399 2201 1481 2288; x_wconf 75' lang='lat' dir='ltr'>(Ly-</span> 
     </span>
     <span class='ocr_line' id='line_1_19' title="bbox 292 2303 1482 2379; baseline -0.002 -6"><span class='ocrx_word' id='word_1_120' title='bbox 292 2306 398 2373; x_wconf 87' lang='lat' dir='ltr'>cambi</span> <span class='ocrx_word' id='word_1_121' title='bbox 427 2303 566 2379; x_wconf 63' lang='lat' dir='ltr'>filiabus)</span> <span class='ocrx_word' id='word_1_122' title='bbox 596 2303 736 2369; x_wconf 83' lang='lat' dir='ltr'>admissa</span> <span class='ocrx_word' id='word_1_123' title='bbox 758 2304 855 2370; x_wconf 81' lang='lat' dir='ltr'>fuisse</span> <span class='ocrx_word' id='word_1_124' title='bbox 879 2304 1003 2371; x_wconf 79' lang='lat' dir='ltr'>dixerat</span> <span class='ocrx_word' id='word_1_125' title='bbox 1024 2304 1266 2371; x_wconf 84' lang='lat' dir='ltr'>Archilochus.’&#39;</span> <span class='ocrx_word' id='word_1_126' title='bbox 1289 2305 1396 2371; x_wconf 85' lang='lat' dir='ltr'>Facile</span> <span class='ocrx_word' id='word_1_127' title='bbox 1420 2328 1482 2372; x_wconf 83' lang='lat' dir='ltr'>cre</span> 
     </span>
     <span class='ocr_line' id='line_1_20' title="bbox 292 2408 1482 2497; baseline 0.001 -22"><span class='ocrx_word' id='word_1_128' title='bbox 292 2410 416 2487; x_wconf 88' lang='lat' dir='ltr'>dimus,</span> <span class='ocrx_word' id='word_1_129' title='bbox 447 2408 502 2475; x_wconf 88' lang='lat' dir='ltr'>sed</span> <span class='ocrx_word' id='word_1_130' title='bbox 531 2412 670 2495; x_wconf 79' lang='lat' dir='ltr'>permira</span> <span class='ocrx_word' id='word_1_131' title='bbox 702 2415 811 2474; x_wconf 90' lang='lat' dir='ltr'>tamen</span> <span class='ocrx_word' id='word_1_132' title='bbox 834 2415 882 2474; x_wconf 93' lang='lat' dir='ltr'>est</span> <span class='ocrx_word' id='word_1_133' title='bbox 905 2408 1085 2495; x_wconf 80' lang='lat' dir='ltr'>puellarum</span> <span class='ocrx_word' id='word_1_134' title='bbox 1108 2410 1263 2489; x_wconf 83' lang='lat' dir='ltr'>defensio,</span> <span class='ocrx_word' id='word_1_135' title='bbox 1287 2410 1371 2496; x_wconf 87' lang='lat' dir='ltr'>quod</span> <span class='ocrx_word' id='word_1_136' title='bbox 1395 2415 1482 2497; x_wconf 76' lang='lat' dir='ltr'>ipsae</span> 
     </span>
     <span class='ocr_line' id='line_1_21' title="bbox 292 2513 1484 2600; baseline 0.001 -20"><span class='ocrx_word' id='word_1_137' title='bbox 292 2513 522 2581; x_wconf 76' lang='lat' dir='ltr'>Archilochum</span> <span class='ocrx_word' id='word_1_138' title='bbox 554 2533 617 2579; x_wconf 93' lang='lat' dir='ltr'>non</span> <span class='ocrx_word' id='word_1_139' title='bbox 651 2513 809 2580; x_wconf 86' lang='lat' dir='ltr'>viderint:</span> <span class='ocrx_word' id='word_1_140' title='bbox 841 2514 1017 2580; x_wconf 83' lang='lat' dir='ltr'>sufficiehat</span> <span class='ocrx_word' id='word_1_141' title='bbox 1048 2516 1152 2592; x_wconf 89' lang='lat' dir='ltr'>enim,</span> <span class='ocrx_word' id='word_1_142' title='bbox 1183 2518 1309 2600; x_wconf 83' lang='lat' dir='ltr'>opinor,</span> <span class='ocrx_word' id='word_1_143' title='bbox 1340 2519 1379 2580; x_wconf 89' lang='lat' dir='ltr'>ut</span> <span class='ocrx_word' id='word_1_144' title='bbox 1411 2516 1484 2581; x_wconf 87' lang='lat' dir='ltr'>illas</span> 
     </span>
     <span class='ocr_line' id='line_1_22' title="bbox 292 2618 1482 2705; baseline -0.001 -21"><span class='ocrx_word' id='word_1_145' title='bbox 292 2621 399 2704; x_wconf 87' lang='lat' dir='ltr'>turpia</span> <span class='ocrx_word' id='word_1_146' title='bbox 420 2624 580 2705; x_wconf 86' lang='lat' dir='ltr'>patrantes</span> <span class='ocrx_word' id='word_1_147' title='bbox 602 2618 813 2685; x_wconf 78' lang='lat' dir='ltr'>Archilochus</span> <span class='ocrx_word' id='word_1_148' title='bbox 837 2620 1034 2704; x_wconf 80' lang='lat' dir='ltr'>conspexerit</span> <span class='ocrx_word' id='word_1_149' title='bbox 1056 2640 1119 2685; x_wconf 91' lang='lat' dir='ltr'>non</span> <span class='ocrx_word' id='word_1_150' title='bbox 1141 2626 1325 2705; x_wconf 87' lang='lat' dir='ltr'>conspectus</span> <span class='ocrx_word' id='word_1_151' title='bbox 1345 2622 1384 2685; x_wconf 92' lang='lat' dir='ltr'>ab</span> <span class='ocrx_word' id='word_1_152' title='bbox 1405 2620 1482 2687; x_wconf 90' lang='lat' dir='ltr'>illis.</span> 
     </span>
     <span class='ocr_line' id='line_1_23' title="bbox 292 2723 1486 2810; baseline -0.001 -19"><span class='ocrx_word' id='word_1_153' title='bbox 292 2724 512 2791; x_wconf 88' lang='lat' dir='ltr'>Nihilominus</span> <span class='ocrx_word' id='word_1_154' title='bbox 542 2725 673 2789; x_wconf 86' lang='lat' dir='ltr'>fortasse</span> <span class='ocrx_word' id='word_1_155' title='bbox 705 2723 795 2789; x_wconf 83' lang='lat' dir='ltr'>salve</span> <span class='ocrx_word' id='word_1_156' title='bbox 824 2745 874 2790; x_wconf 87' lang='lat' dir='ltr'>res</span> <span class='ocrx_word' id='word_1_157' title='bbox 904 2730 969 2802; x_wconf 86' lang='lat' dir='ltr'>est,</span> <span class='ocrx_word' id='word_1_158' title='bbox 998 2723 1094 2789; x_wconf 92' lang='lat' dir='ltr'>modo</span> <span class='ocrx_word' id='word_1_159' title='bbox 1124 2728 1318 2810; x_wconf 87' lang='lat' dir='ltr'>accipiamus</span> <span class='ocrx_word' id='word_1_160' title='bbox 1346 2725 1486 2791; x_wconf 76' lang='lat' dir='ltr'>verbum</span> 
     </span>
     <span class='ocr_line' id='line_1_24' title="bbox 293 2827 1487 2914; baseline -0.001 -19"><span class='ocrx_word' id='word_1_161' title='bbox 293 2830 363 2910; x_wconf 79' lang='grc' dir='ltr'><strong><em>ίρῖον</em></strong></span> <span class='ocrx_word' id='word_1_162' title='bbox 387 2829 563 2895; x_wconf 86' lang='lat' dir='ltr'>verecunde</span> <span class='ocrx_word' id='word_1_163' title='bbox 586 2829 709 2894; x_wconf 90' lang='lat' dir='ltr'>dictum</span> <span class='ocrx_word' id='word_1_164' title='bbox 733 2828 771 2893; x_wconf 88' lang='lat' dir='ltr'>de</span> <span class='ocrx_word' id='word_1_165' title='bbox 796 2830 967 2908; x_wconf 75' lang='grc' dir='ltr'><strong><em>οοιισιοίίίιι,</em></strong></span> <span class='ocrx_word' id='word_1_166' title='bbox 992 2850 1055 2914; x_wconf 89' lang='lat' dir='ltr'>qua</span> <span class='ocrx_word' id='word_1_167' title='bbox 1072 2834 1228 2914; x_wconf 77' lang='lat' dir='ltr'>potestate</span> <span class='ocrx_word' id='word_1_168' title='bbox 1246 2834 1278 2895; x_wconf 89' lang='lat' dir='ltr'>et</span> <span class='ocrx_word' id='word_1_169' title='bbox 1298 2827 1375 2894; x_wconf 85' lang='lat' dir='ltr'>alibi</span> <span class='ocrx_word' id='word_1_170' title='bbox 1393 2850 1487 2894; x_wconf 88' lang='lat' dir='ltr'>usur·</span> 
     </span>
     <span class='ocr_line' id='line_1_25' title="bbox 293 2931 1487 3021; baseline -0.002 -21"><span class='ocrx_word' id='word_1_171' title='bbox 293 2940 407 3021; x_wconf 90' lang='lat' dir='ltr'>patum</span> <span class='ocrx_word' id='word_1_172' title='bbox 430 2937 594 3019; x_wconf 83' lang='lat' dir='ltr'>reperitur.</span> <span class='ocrx_word' id='word_1_173' title='bbox 632 2931 680 3001; x_wconf 83' lang='lat' dir='ltr'>Of.</span> <span class='ocrx_word' id='word_1_174' title='bbox 705 2933 764 3011; x_wconf 86' lang='lat' dir='ltr'>VI,</span> <span class='ocrx_word' id='word_1_175' title='bbox 792 2934 856 3000; x_wconf 85' lang='lat'>102</span> <span class='ocrx_word' id='word_1_176' title='bbox 880 2939 912 3000; x_wconf 88' lang='lat' dir='ltr'>et</span> <span class='ocrx_word' id='word_1_177' title='bbox 935 2932 1002 3000; x_wconf 77' lang='lat'>233</span> <span class='ocrx_word' id='word_1_178' title='bbox 1026 2939 1058 2999; x_wconf 87' lang='lat' dir='ltr'>et</span> <span class='ocrx_word' id='word_1_179' title='bbox 1080 2933 1154 3001; x_wconf 79' lang='lat' dir='ltr'>vide</span> <span class='ocrx_word' id='word_1_180' title='bbox 1177 2954 1258 3019; x_wconf 82' lang='lat' dir='ltr'>quae</span> <span class='ocrx_word' id='word_1_181' title='bbox 1280 2933 1376 2999; x_wconf 87' lang='lat' dir='ltr'>attuli</span> <span class='ocrx_word' id='word_1_182' title='bbox 1400 2935 1487 2999; x_wconf 71' lang='grc' dir='ltr'><strong><em>δοιοί.</em></strong></span> 
     </span>
     <span class='ocr_line' id='line_1_26' title="bbox 298 3037 1488 3128; baseline 0.002 -25"><span class='ocrx_word' id='word_1_183' title='bbox 298 3040 371 3104; x_wconf 74' lang='lat' dir='ltr'>On&#39;t.</span> <span class='ocrx_word' id='word_1_184' title='bbox 403 3041 437 3103; x_wconf 86' lang='grc' dir='ltr'>ιἰι</span> <span class='ocrx_word' id='word_1_185' title='bbox 460 3045 541 3122; x_wconf 81' lang='lat' dir='ltr'>poet.</span> <span class='ocrx_word' id='word_1_186' title='bbox 574 3039 655 3103; x_wconf 72' lang='grc' dir='ltr'><strong><em>δοσιν.</em></strong></span> <span class='ocrx_word' id='word_1_187' title='bbox 690 3040 794 3104; x_wconf 81' lang='lat' dir='ltr'>Graec.</span> <span class='ocrx_word' id='word_1_188' title='bbox 828 3060 902 3128; x_wconf 79' lang='lat' dir='ltr'>pag.</span> <span class='ocrx_word' id='word_1_189' title='bbox 934 3037 988 3104; x_wconf 88' lang='grc'>88.</span> <span class='ocrx_word' id='word_1_190' title='bbox 1036 3039 1123 3120; x_wconf 79' lang='lat' dir='ltr'>Quae</span> <span class='ocrx_word' id='word_1_191' title='bbox 1153 3043 1182 3105; x_wconf 87' lang='lat' dir='ltr'>si</span> <span class='ocrx_word' id='word_1_192' title='bbox 1211 3044 1260 3104; x_wconf 88' lang='lat' dir='ltr'>est</span> <span class='ocrx_word' id='word_1_193' title='bbox 1284 3039 1338 3105; x_wconf 91' lang='lat' dir='ltr'>hic</span> <span class='ocrx_word' id='word_1_194' title='bbox 1360 3059 1488 3125; x_wconf 85' lang='lat' dir='ltr'>quoque</span> 
     </span>
     <span class='ocr_line' id='line_1_27' title="bbox 294 3142 1489 3232; baseline -0.002 -21"><span class='ocrx_word' id='word_1_195' title='bbox 294 3142 443 3211; x_wconf 82' lang='lat' dir='ltr'>vocabuli</span> <span class='ocrx_word' id='word_1_196' title='bbox 457 3146 523 3222; x_wconf 80' lang='lat' dir='ltr'>ris,</span> <span class='ocrx_word' id='word_1_197' title='bbox 544 3147 687 3228; x_wconf 88' lang='lat' dir='ltr'>sequitur</span> <span class='ocrx_word' id='word_1_198' title='bbox 707 3144 936 3211; x_wconf 86' lang='lat' dir='ltr'>Archilochum</span> <span class='ocrx_word' id='word_1_199' title='bbox 956 3143 1065 3210; x_wconf 89' lang='lat' dir='ltr'>ultum</span> <span class='ocrx_word' id='word_1_200' title='bbox 1085 3165 1151 3210; x_wconf 89' lang='lat' dir='ltr'>esse</span> <span class='ocrx_word' id='word_1_201' title='bbox 1166 3144 1323 3232; x_wconf 82' lang='lat' dir='ltr'>Lycumbi</span> <span class='ocrx_word' id='word_1_202' title='bbox 1333 3147 1489 3210; x_wconf 78' lang='lat' dir='ltr'>iniuriam</span> 
     </span>
     <span class='ocr_line' id='line_1_28' title="bbox 294 3248 1491 3335; baseline 0.001 -21"><span class='ocrx_word' id='word_1_203' title='bbox 294 3248 448 3314; x_wconf 79' lang='lat' dir='ltr'>narrando</span> <span class='ocrx_word' id='word_1_204' title='bbox 468 3251 503 3314; x_wconf 92' lang='lat' dir='ltr'>in</span> <span class='ocrx_word' id='word_1_205' title='bbox 525 3249 642 3313; x_wconf 88' lang='lat' dir='ltr'>iambis</span> <span class='ocrx_word' id='word_1_206' title='bbox 664 3251 748 3327; x_wconf 88' lang='lat' dir='ltr'>suis,</span> <span class='ocrx_word' id='word_1_207' title='bbox 774 3270 807 3315; x_wconf 90' lang='lat' dir='ltr'>se</span> <span class='ocrx_word' id='word_1_208' title='bbox 830 3253 937 3335; x_wconf 91' lang='lat' dir='ltr'>ipsum</span> <span class='ocrx_word' id='word_1_209' title='bbox 961 3270 1030 3315; x_wconf 91' lang='lat' dir='ltr'>rem</span> <span class='ocrx_word' id='word_1_210' title='bbox 1052 3250 1200 3316; x_wconf 86' lang='lat' dir='ltr'>habuisse</span> <span class='ocrx_word' id='word_1_211' title='bbox 1223 3270 1298 3315; x_wconf 90' lang='lat' dir='ltr'>cum</span> <span class='ocrx_word' id='word_1_212' title='bbox 1322 3251 1391 3315; x_wconf 88' lang='lat' dir='ltr'>cius</span> <span class='ocrx_word' id='word_1_213' title='bbox 1407 3248 1491 3315; x_wconf 86' lang='lat' dir='ltr'>filia·</span> 
     </span>
     <span class='ocr_line' id='line_1_29' title="bbox 294 3354 1491 3439; baseline -0.002 -18"><span class='ocrx_word' id='word_1_214' title='bbox 294 3355 355 3421; x_wconf 90' lang='lat' dir='ltr'>bus</span> <span class='ocrx_word' id='word_1_215' title='bbox 378 3359 542 3438; x_wconf 85' lang='lat' dir='ltr'>tamquam</span> <span class='ocrx_word' id='word_1_216' title='bbox 566 3374 640 3417; x_wconf 91' lang='lat' dir='ltr'>cum</span> <span class='ocrx_word' id='word_1_217' title='bbox 663 3357 775 3419; x_wconf 88' lang='lat' dir='ltr'>scortis</span> <span class='ocrx_word' id='word_1_218' title='bbox 799 3354 998 3433; x_wconf 82' lang='lat' dir='ltr'>diabolariis,</span> <span class='ocrx_word' id='word_1_219' title='bbox 1018 3375 1075 3439; x_wconf 91' lang='lat' dir='ltr'>per</span> <span class='ocrx_word' id='word_1_220' title='bbox 1094 3355 1238 3419; x_wconf 87' lang='lat' dir='ltr'>tenebras</span> <span class='ocrx_word' id='word_1_221' title='bbox 1256 3360 1353 3439; x_wconf 86' lang='lat' dir='ltr'>puta,</span> <span class='ocrx_word' id='word_1_222' title='bbox 1371 3357 1407 3419; x_wconf 88' lang='lat' dir='ltr'>in</span> <span class='ocrx_word' id='word_1_223' title='bbox 1423 3357 1491 3419; x_wconf 84' lang='lat' dir='ltr'>viis</span> 
     </span>
     <span class='ocr_line' id='line_1_30' title="bbox 296 3456 1492 3546; baseline 0.003 -23"><span class='ocrx_word' id='word_1_224' title='bbox 296 3456 434 3545; x_wconf 87' lang='lat' dir='ltr'>publicis</span> <span class='ocrx_word' id='word_1_225' title='bbox 470 3461 566 3544; x_wconf 89' lang='lat' dir='ltr'>inque</span> <span class='ocrx_word' id='word_1_226' title='bbox 603 3457 674 3523; x_wconf 91' lang='lat' dir='ltr'>luco</span> <span class='ocrx_word' id='word_1_227' title='bbox 712 3458 850 3524; x_wconf 86' lang='lat' dir='ltr'>Iunonis.</span> <span class='ocrx_word' id='word_1_228' title='bbox 899 3458 981 3526; x_wconf 82' lang='lat' dir='ltr'>&#39;Pom</span> <span class='ocrx_word' id='word_1_229' title='bbox 1023 3464 1142 3526; x_wconf 86' lang='lat' dir='ltr'>atroces</span> <span class='ocrx_word' id='word_1_230' title='bbox 1176 3460 1278 3546; x_wconf 79' lang='lat' dir='ltr'>igitur</span> <span class='ocrx_word' id='word_1_231' title='bbox 1308 3458 1492 3545; x_wconf 64' lang='lat' dir='ltr'>calumnias</span> 
     </span>
     <span class='ocr_line' id='line_1_31' title="bbox 297 3561 747 3649; baseline -0.007 -21"><span class='ocrx_word' id='word_1_232' title='bbox 297 3563 422 3649; x_wconf 86' lang='lat' dir='ltr'>puellae</span> <span class='ocrx_word' id='word_1_233' title='bbox 444 3565 568 3628; x_wconf 88' lang='lat' dir='ltr'>eiurant</span> <span class='ocrx_word' id='word_1_234' title='bbox 591 3561 747 3628; x_wconf 85' lang='lat' dir='ltr'>dicentes:</span> 
     </span>
     <span class='ocr_line' id='line_1_32' title="bbox 390 3665 853 3747; baseline 0 -15"><span class='ocrx_word' id='word_1_235' title='bbox 390 3667 575 3747; x_wconf 78' lang='grc' dir='ltr'><strong><em>Ἀρχίλοχον</em></strong></span> <span class='ocrx_word' id='word_1_236' title='bbox 599 3666 648 3743; x_wconf 72' lang='grc' dir='ltr'><strong><em>μοὶ</em></strong></span> <span class='ocrx_word' id='word_1_237' title='bbox 672 3665 761 3737; x_wconf 64' lang='grc' dir='ltr'><strong><em>θεοὺς</em></strong></span> <span class='ocrx_word' id='word_1_238' title='bbox 785 3669 853 3732; x_wconf 81' lang='grc' dir='ltr'>κτὲ.</span> 
     </span>
     <span class='ocr_line' id='line_1_33' title="bbox 390 3767 1292 3853; baseline 0 -16"><span class='ocrx_word' id='word_1_239' title='bbox 390 3774 427 3837; x_wconf 83' lang='lat' dir='ltr'>Ei</span> <span class='ocrx_word' id='word_1_240' title='bbox 453 3773 478 3836; x_wconf 83' lang='grc' dir='ltr'>δ’</span> <span class='ocrx_word' id='word_1_241' title='bbox 504 3767 579 3849; x_wconf 79' lang='grc' dir='ltr'><strong><em>ἦμεν</em></strong></span> <span class='ocrx_word' id='word_1_242' title='bbox 602 3770 724 3853; x_wconf 81' lang='grc' dir='ltr'><strong><em>μοίχλοι</em></strong></span> <span class='ocrx_word' id='word_1_243' title='bbox 749 3772 800 3835; x_wconf 83' lang='grc' dir='ltr'><strong><em>ιιοοὶ</em></strong></span> <span class='ocrx_word' id='word_1_244' title='bbox 825 3770 1023 3849; x_wconf 66' lang='grc' dir='ltr'><strong><em>οίτοίσθοολοι,</em></strong></span> <span class='ocrx_word' id='word_1_245' title='bbox 1046 3774 1100 3838; x_wconf 83' lang='grc' dir='ltr'><strong><em>οὐκ</em></strong></span> <span class='ocrx_word' id='word_1_246' title='bbox 1122 3773 1160 3839; x_wconf 75' lang='grc' dir='ltr'>έν</span> <span class='ocrx_word' id='word_1_247' title='bbox 1184 3774 1292 3846; x_wconf 76' lang='grc' dir='ltr'><strong><em>ἐκεῖνος</em></strong></span> 
     </span>
     <span class='ocr_line' id='line_1_34' title="bbox 436 3874 1124 3955; baseline 0.003 -14"><span class='ocrx_word' id='word_1_248' title='bbox 436 3874 548 3951; x_wconf 71' lang='grc' dir='ltr'><strong><em>ἤθελεν</em></strong></span> <span class='ocrx_word' id='word_1_249' title='bbox 571 3874 604 3951; x_wconf 79' lang='grc' dir='ltr'>ἐξ</span> <span class='ocrx_word' id='word_1_250' title='bbox 628 3876 727 3954; x_wconf 72' lang='grc' dir='ltr'><strong><em>ἡμέων</em></strong></span> <span class='ocrx_word' id='word_1_251' title='bbox 751 3877 866 3955; x_wconf 67' lang='grc' dir='ltr'><strong><em>γνήσιοι</em></strong></span> <span class='ocrx_word' id='word_1_252' title='bbox 888 3876 983 3942; x_wconf 83' lang='grc' dir='ltr'><strong><em>τέκνω</em></strong></span> <span class='ocrx_word' id='word_1_253' title='bbox 1006 3885 1124 3944; x_wconf 80' lang='grc' dir='ltr'><strong><em>τεκεῖν.</em></strong></span> 
     </span>
     <span class='ocr_line' id='line_1_35' title="bbox 344 3978 556 4068; baseline -0.014 -21"><span class='ocrx_word' id='word_1_254' title='bbox 344 3981 455 4068; x_wconf 76' lang='lat' dir='ltr'>Epigr.</span> <span class='ocrx_word' id='word_1_255' title='bbox 480 3978 556 4047; x_wconf 83' lang='lat'>370.</span> 
     </span>
     <span class='ocr_line' id='line_1_36' title="bbox 346 4084 1215 4167; baseline 0.002 -17"><span class='ocrx_word' id='word_1_256' title='bbox 346 4085 462 4165; x_wconf 73' lang='grc' dir='ltr'><strong><em>Βοίιιχω</em></strong></span> <span class='ocrx_word' id='word_1_257' title='bbox 485 4088 536 4150; x_wconf 74' lang='lat' dir='ltr'>aa}</span> <span class='ocrx_word' id='word_1_258' title='bbox 562 4085 701 4167; x_wconf 80' lang='grc' dir='ltr'><strong><em>Μούσησι</em></strong></span> <span class='ocrx_word' id='word_1_259' title='bbox 725 4084 911 4164; x_wconf 86' lang='grc' dir='ltr'><strong><em>μεμηλίτοι,</em></strong></span> <span class='ocrx_word' id='word_1_260' title='bbox 934 4085 985 4150; x_wconf 82' lang='grc' dir='ltr'>τὸν</span> <span class='ocrx_word' id='word_1_261' title='bbox 1010 4085 1215 4165; x_wconf 66' lang='grc' dir='ltr'><strong><em>Διοπείθους,</em></strong></span> 
     </span>
     <span class='ocr_line' id='line_1_37' title="bbox 389 4187 1184 4273; baseline 0.006 -20"><span class='ocrx_word' id='word_1_262' title='bbox 389 4190 573 4269; x_wconf 81' lang='grc' dir='ltr'><strong><em>Κεκροπίδην</em></strong></span> <span class='ocrx_word' id='word_1_263' title='bbox 597 4190 649 4255; x_wconf 80' lang='grc' dir='ltr'>ὑπ’</span> <span class='ocrx_word' id='word_1_264' title='bbox 673 4190 760 4268; x_wconf 86' lang='grc' dir='ltr'><strong><em>έμοί,</em></strong></span> <span class='ocrx_word' id='word_1_265' title='bbox 784 4187 881 4268; x_wconf 76' lang='grc' dir='ltr'><strong><em>ξεῖνε,</em></strong></span> <span class='ocrx_word' id='word_1_266' title='bbox 904 4190 1078 4272; x_wconf 77' lang='grc' dir='ltr'><strong><em>Μένανδρον</em></strong></span> <span class='ocrx_word' id='word_1_267' title='bbox 1100 4191 1184 4273; x_wconf 80' lang='grc' dir='ltr'><strong><em>έχω,</em></strong></span> 
     </span>
     <span class='ocr_line' id='line_1_38' title="bbox 344 4286 1421 4379; baseline 0.006 -24"><span class='ocrx_word' id='word_1_268' title='bbox 344 4294 383 4356; x_wconf 80' lang='grc' dir='ltr'>ἐν</span> <span class='ocrx_word' id='word_1_269' title='bbox 408 4294 499 4374; x_wconf 77' lang='grc' dir='ltr'><strong><em>πυρί</em></strong></span> <span class='ocrx_word' id='word_1_270' title='bbox 524 4294 593 4367; x_wconf 76' lang='grc' dir='ltr'>την</span> <span class='ocrx_word' id='word_1_271' title='bbox 616 4293 761 4371; x_wconf 76' lang='grc' dir='ltr'><strong><em>ὀλίγην</em></strong></span> <span class='ocrx_word' id='word_1_272' title='bbox 784 4286 823 4367; x_wconf 73' lang='grc' dir='ltr'>ὃς</span> <span class='ocrx_word' id='word_1_273' title='bbox 847 4291 937 4377; x_wconf 78' lang='grc' dir='ltr'><strong><em>ἔχει</em></strong></span> <span class='ocrx_word' id='word_1_274' title='bbox 961 4295 1056 4362; x_wconf 88' lang='grc' dir='ltr'><strong><em>κίνιν·</em></strong></span> <span class='ocrx_word' id='word_1_275' title='bbox 1082 4298 1107 4363; x_wconf 82' lang='grc' dir='ltr'>εί</span> <span class='ocrx_word' id='word_1_276' title='bbox 1132 4297 1163 4363; x_wconf 73' lang='grc' dir='ltr'>δὲ</span> <span class='ocrx_word' id='word_1_277' title='bbox 1186 4296 1421 4379; x_wconf 72' lang='grc' dir='ltr'><strong><em>Μένανδρον</em></strong></span> 
     </span>
     <span class='ocr_line' id='line_1_39' title="bbox 394 4397 1034 4481; baseline 0.008 -21"><span class='ocrx_word' id='word_1_278' title='bbox 394 4397 549 4478; x_wconf 76' lang='grc' dir='ltr'><strong><em>δίζηαι,</em></strong></span> <span class='ocrx_word' id='word_1_279' title='bbox 574 4400 653 4472; x_wconf 80' lang='grc' dir='ltr'><strong><em>διίεις</em></strong></span> <span class='ocrx_word' id='word_1_280' title='bbox 678 4400 708 4461; x_wconf 82' lang='grc' dir='ltr'>ἐν</span> <span class='ocrx_word' id='word_1_281' title='bbox 732 4398 804 4472; x_wconf 80' lang='grc' dir='ltr'>Διὸς</span> <span class='ocrx_word' id='word_1_282' title='bbox 829 4399 846 4474; x_wconf 71' lang='grc' dir='ltr'><strong><em>ἢ</em></strong></span> <span class='ocrx_word' id='word_1_283' title='bbox 871 4398 1034 4481; x_wconf 84' lang='grc' dir='ltr'><strong><em>μιιιιοίρων.</em></strong></span> 
     </span>
    </p>
   </div>
   <div class='ocr_carea' id='block_1_3' title="bbox 0 0 1642 5012">
    <p class='ocr_par' dir='ltr' id='par_1_3' title="bbox 0 0 1642 5012">
     <span class='ocr_line' id='line_1_40' title="bbox 0 0 1642 5012; baseline 0 0"><span class='ocrx_word' id='word_1_284' title='bbox 0 0 1642 5012; x_wconf 95' lang='lat' dir='ltr'> </span> 
     </span>
    </p>
   </div>
  </div>
 </body>
</html>
