3254 5034
664 363 702 411 ιιι
724 363 926 413 runcrerosu.
1341 354 1383 416 tn

238 534 295 602 His
314 535 418 623 igitur
437 532 477 598 de
497 534 606 602 causis
627 531 709 600 iccio
728 555 805 604 cum
827 536 1011 603 Hermanno
1031 536 1201 625 interpreti
1224 536 1388 605 tribuente

190 641 324 718 πθλευς.
520 704 524 709 .

237 749 314 838 Cap.
341 754 394 816 18.
419 748 548 830 δυνάμει
567 750 633 832 γάρ
652 754 758 816 ταῦτα
774 750 897 829 μάγιςα
918 748 1060 835 διεφάνη.
1087 750 1148 817 Ριο
1159 749 1290 834 διεφάνη
1301 750 1386 817 Clas·

189 874 291 922 senus
322 854 362 921 ad
388 854 421 922 b.
448 852 468 919 i.
492 855 632 921 coniecit
655 856 690 932 δη
714 856 836 937 ῖφάνη,
861 865 893 923 et
918 866 988 944 post
1012 876 1084 923 enm
1111 855 1195 923 idern
1223 859 1387 945 proposuit

192 960 388 1027 Badharnus.
427 962 466 1026 Αῑ
489 959 562 1027 ride
583 960 625 1026 lV
653 964 733 1028 108:
770 962 968 1045 ἐψευσμένοις
990 964 1048 1041 μὲν
1071 971 1127 1039 τῆς
1152 963 1319 1040 ’Λθηυαθιιυ
1339 964 1387 1029 δυ·

190 1066 316 1146 νάμευς
338 1066 390 1133 ε’πῖ
414 1072 557 1133 τοιοῦτον
582 1065 636 1143 dnn
659 1065 760 1149 ὕςερου
784 1067 961 1151 διεφάνη
986 1077 1018 1133 et
1040 1067 1082 1134 Vl
1111 1075 1163 1136 17:
1189 1070 1260 1136 οὔτε
1283 1071 1310 1136 οῖ
1331 1067 1389 1135 rin·

189 1188 240 1240 λοι
263 1174 417 1248 Ἕλληνες
449 1171 711 1257 διεφάνησαν
740 1180 876 1267 τοσοῦτοι
899 1174 983 1247 θντες
1007 1170 1069 1241 door
1093 1172 1196 1245 ἕκαςοι
1221 1180 1308 1259 οφάς
1332 1177 1389 1242 αιἰ-

190 1280 266 1353 τοὺς
278 1280 426 1361 ἠρίθμεον.
445 1279 582 1367 iusuper
592 1299 759 1367 compares
772 1278 943 1347 tornantem
960 1280 1169 1347 Herodoteaur
1183 1283 1220 1355 ὥς
1234 1280 1358 1360 artare
1363 1306 1388 1349 ε.

242 1383 322 1472 Cup.
347 1389 389 1451 25
416 1404 529 1451 uersus
556 1385 610 1451 nn.
635 1391 883 1469 περιφρονοῦντες
902 1406 959 1473 pro
972 1388 1225 1470 ὑπερφρονοῦντες
1245 1387 1391 1467 dietum,

194 1501 233 1558 ut
252 1489 337 1579 apud
358 1490 606 1577 Aristophanem
625 1490 707 1558 Nuh.
727 1496 792 1558 tit
813 1513 861 1580 sq.
885 1491 1028 1558 ‘Vaiiitur
1047 1493 1149 1579 igitur
1168 1493 1207 1559 ad
1226 1492 1258 1560 h.
1272 1492 1292 1559 1.
1306 1493 1390 1559 ctas-

193 1617 313 1674 senns,
344 1597 385 1663 ab
417 1598 598 1664 Atticorum
634 1617 694 1665 usu
728 1596 788 1664 hoo
819 1596 951 1665 verbum
980 1619 1014 1665 eo
1038 1621 1130 1665 sensu
1153 1599 1295 1667 alieuurn
1320 1619 1391 1667 esse
1500 1584 1504 1591 ¹

194 1711 325 1791 putans.
371 1702 430 1769 Est
454 1711 562 1770 tamen
587 1704 804 1769 rarissimum.

242 1810 318 1895 Cap.
339 1813 394 1877 44.
420 1811 599 1891 ἐπιμαχίαν
619 1810 646 1875 θ’
667 1811 850 1886 ἐποιήσαντο
867 1819 907 1893 τῇ
925 1812 1072 1887 inarime
1088 1811 1221 1891 βοηθεῖν.
1248 1811 1388 1878 Verbum

194 1916 379 1993 ἐποιήσαντο
414 1936 475 1981 non
508 1918 578 1982 sine
603 1937 698 1982 causa
724 1917 912 2004 interpretis
935 1937 1006 1984 esse
1031 1928 1121 1983 ratns
1145 1917 1284 1984 Conetns
1307 1919 1390 1985 inse·

194 2022 267 2088 ruit
288 2018 357 2091 ὅτε.
383 2020 462 2087 Vide
480 2032 586 2089 tanuen
610 2022 642 2101 i,
669 2025 730 2089 117
752 2031 847 2101 extr„
866 2023 905 2089 11.
925 2027 944 2089 4
961 2032 1057 2102 extr„
1074 2023 1110 2089 V.
1125 2027 1189 2104 48,
1213 2023 1389 2093 V179init.

242 2128 318 2215 Cap.
344 2133 384 2194 47
410 2127 592 2204 Μειιιιάδης.
642 2129 792 2195 Fortasse
813 2136 956 2217 praestat
981 2128 1157 2208 Μικιάῖης,
1182 2129 1267 2217 quod
1288 2139 1337 2197 est
1358 2130 1391 2196 in

194 2232 288 2300 libris
312 2233 374 2302 uu.
424 2232 583 2322 Compara
607 2235 717 2313 Μῖνα,
737 2236 874 2312 Mision,
899 2234 1031 2311 Misere.
1079 2234 1170 2323 Apud
1192 2235 1331 2302 Ptiniunr
1352 2235 1389 2303 tt.

196 2340 234 2407 ii.
262 2339 409 2419 XXXVi,
434 2346 471 2415 n,
501 2348 535 2406 tt
566 2352 767 2407 memoratur
790 2343 970 2408 statuarius
994 2343 1124 2409 nornine
1147 2340 1326 2408 Micciades.

243 2445 321 2535 Gap.
347 2451 402 2513 56.
427 2449 445 2522 ιῖ
467 2446 527 2527 μὲν
549 2442 599 2514 οὖν
621 2447 758 2530 Κθριιυρα
780 2446 857 2516 οὕτω
878 2450 1176 2529 περιγίγνεται
1195 2446 1249 2539 [τῷ
1261 2447 1388 2530 πολέμῳ

195 2560 270 2620 τῶν
301 2550 532 2643 Repentino}
581 2552 669 2634 Quae
694 2554 811 2621 iuciusi
843 2553 996 2621 vocabula
1022 2553 1102 2620 nihi
1127 2554 1218 2622 ratde
1242 2562 1391 2640 suspecta

195 2669 291 2737 sunt,
318 2667 485 2746 propterca
505 2657 609 2744 quod,
632 2670 666 2725 ut
686 2668 857 2747 apparete
878 2662 984 2747 capite
1005 2659 1227 2747 praecedenti,
1252 2660 1391 2748 Corcyra

196 2767 250 2833 uin
282 2765 347 2832 dici
380 2767 484 2852 potuit
515 2765 555 2848 ab
585 2774 716 2833 auctore
747 2768 864 2834 uicisse
888 2764 1084 2833 Corinthios.
1133 2764 1253 2834 cotnra
1277 2764 1392 2832 deletis

198 2874 271 2939 istis
300 2868 406 2938 insula
438 2885 526 2939 recte
556 2871 685 2938 dicetur
715 2884 826 2939 nuncto
855 2894 921 2938 esse
951 2873 1085 2940 ecirrtem
1104 2883 1133 2939 et
1155 2872 1292 2961 feliciter
1316 2872 1393 2939 nette·

193 2978 337 3068 ροτῖιιιὶο
371 2979 516 3045 cornere.
542 2976 589 3047 Gt.
617 2976 791 3045 crassense
814 2977 854 3044 ad
878 2977 909 3045 h.
935 2977 957 3044 Ι.

243 3084 318 3174 Cap.
353 3090 394 3152 75
425 3084 477 3150 ιια)
509 3081 581 3164 άμα
610 3084 792 3165 βουλόμενοι
821 3084 889 3166 περὶ
912 3090 966 3152 τοῦ
995 3085 1391 3164 temereternere

197 3192 283 3272 ἡμεῖς
313 3192 483 3265 καθεςῶτος
506 3192 642 3267 δηλῶσαι
666 3193 705 3265 ὥς
728 3191 799 3257 οὔτε
821 3192 993 3265 άπεικθτυς
1016 3188 1131 3272 ἔχομεν
1154 3188 1176 3257 ά
1196 3192 1390 3270 κεκτήμεθα,

196 3298 216 3377 ἥ
238 3322 274 3364 τε
299 3297 389 3372 πόλις
414 3299 497 3377 ἡμῶν
521 3295 598 3375 άξῖα
620 3296 748 3377 λόγου
772 3298 845 3366 ista.
873 3298 986 3364 Nescio
1010 3318 1051 3363 an
1073 3296 1195 3364 clarius
1216 3295 1391 3363 historicus

197 3404 382 3490 scripserit:
419 3406 486 3485 περὶ
520 3409 574 3469 τοῦ
608 3404 725 3477 παντὸς
759 3405 890 3487 ψθχου
924 3405 989 3471 reri.
1023 3402 1079 3492 (cf.
1113 3403 1328 3483 καταβοὴν
1358 3412 1391 3469 et

197 3511 440 3589 ἐγκλήματι
461 3511 493 3575 in
509 3511 738 3600 praegressis),
762 3530 862 3597 qunrn
879 3512 1066 3597 praesertim
1082 3530 1154 3575 rnox
1169 3511 1199 3575 in
1213 3508 1324 3576 eadem
1340 3530 1390 3596 po·

198 3616 289 3683 riodo
322 3624 434 3684 utetur
458 3615 610 3682 rocabulo
633 3616 726 3696 λόγος
751 3636 849 3683 sensu
872 3615 1010 3683 diuerso.
1058 3614 1137 3682 Vide
1162 3618 1295 3702 insuper
1318 3635 1390 3702 cap.

199 3727 243 3791 70
267 3722 340 3790 init.

243 3828 319 3916 Cap.
353 3834 407 3895 74.
439 3827 498 3900 άςε
526 3829 635 3913 φαμὲν
658 3830 718 3910 οὐχ
740 3826 829 3907 ἦττον
852 3826 972 3896 edroi
996 3831 1159 3912 άφελνῖοαι
1184 3828 1268 3907 ὑμεῖς
1293 3828 1310 3904 ἥ
1334 3851 1389 3893 τυ-

196 3944 268 4017 χεῖν
290 3935 410 4002 τούτου.
444 3936 566 4002 Pronus
591 3935 761 4001 verborunr
787 3934 882 4002 ordo:
908 3936 1103 4022 transposito
1128 3934 1318 4022 prouourine
1338 3953 1389 4000 re·

198 4042 379 4108 scribatur:
406 4041 423 4118 ιῖ
446 4042 564 4107 αὐτοὶ
587 4050 698 4123 τυχεῖν
719 4040 838 4107 τούτου.

243 4148 320 4234 Cap.
354 4150 414 4212 86:
447 4148 536 4228 ἡμεῖς
567 4147 599 4213 δὲ
630 4149 723 4226 θμοῖοι
755 4147 807 4212 καὶ
838 4147 911 4213 πθτε
940 4148 993 4214 καῖ
1022 4153 1073 4214 νῖιν
1095 4147 1206 4228 ἔσμεν,
1237 4147 1290 4213 καὶ
1318 4148 1389 4221 τοὺς

196 4252 406 4334 ξυμμάχους,
426 4253 463 4331 ἣν
477 4255 688 4336 σωφρονῶμεν,
708 4255 742 4320 οὗ
762 4253 973 4336 περιοψόμεθα
984 4254 1198 4333 άθιιιουμένους
1211 4254 1277 4321 οὐδὲ
1297 4267 1388 4333 μελ-

197 4362 376 4440 ληοιμεν
400 4367 552 4441 τιμωρεῖν.
601 4358 647 4425 sd
670 4368 812 4444 τιμωρεῖν
835 4358 1006 4446 cogitando
1025 4358 1238 4449 supplendum
1261 4358 1389 4427 videtur

197 4474 262 4539 τοῖς
281 4463 465 4547 ξυμμάχοις
488 4466 704 4546 άθινιουμένοις.
752 4464 820 4533 lton
842 4465 946 4552 magis
966 4466 1184 4536 necesarium
1205 4462 1386 4554 Thucydidi
