3296 5022
626 360 669 406 so
692 360 956 410 rusornnssruu.
1347 337 1389 403 39

194 522 263 588 loeo
294 527 481 595 Leocratoae
512 532 539 615 ξ.
567 529 641 594 145.
672 551 746 618 pag.
773 530 837 598 167
848 581 856 610 ,
894 532 947 598 42.
981 534 1074 614 ἐχρῆν
1104 571 1145 581 —-
1178 534 1203 595 si
1236 529 1288 593 καί
1320 526 1387 606 περί

195 629 310 705 οὑδενθς
332 633 430 700 ἄλλου
458 634 585 714 νίμιμθν
609 636 654 703 ist
678 637 795 709 παῖδας
820 638 872 702 καί
898 646 1051 717 γυναῖκας
1075 633 1385 719 παρακαθισαμένους

195 734 316 811 ἑαυτοῖς
340 744 409 814 τοὺς
432 742 563 815 δικαςίις
586 741 719 824 δικοὶζειν
743 744 817 808 αλλ’
841 741 890 810 οὖν
910 745 976 823 περὶ
996 744 1156 823 προδοσίας
1175 767 1214 821 γε
1234 741 1388 821 κρίνοντας

195 836 288 914 οὕτως
322 842 400 910 ὅσιον
435 844 511 912 εἶναι
543 854 633 913 τοῦτο
668 848 826 929 πράττειν.
882 849 975 915 Nihil
1005 852 1111 914 autem
1142 850 1275 913 interest
1304 849 1391 911 inter

163 968 166 977 ·
195 952 481 1031 παρακαθισάμενοι
513 954 632 1028 έαυτοΐς
657 961 689 1021 et
711 958 785 1033 παρ’
810 955 936 1028 ἑαυτοὺς
960 953 1169 1031 καθισοίμενοι.
1217 950 1388 1020 Καθιςσίναι

194 1075 270 1120 vero
299 1062 332 1122 et
361 1059 545 1128 καθίσασθαι
576 1061 670 1148 piane
700 1062 739 1126 ab
769 1061 828 1126 hoc
860 1064 1048 1149 argumento
1077 1059 1181 1126 aliena
1210 1079 1277 1124 esse
1308 1054 1386 1142 quid

194 1160 309 1227 multis
329 1166 436 1230 verbis
458 1166 498 1232 ad
520 1166 799 1233 demonstrandum
823 1187 902 1252 opus
925 1163 994 1232 esti

240 1372 321 1439 Ibid.
346 1374 437 1449 δεινδς
461 1379 693 1453 κτήσασθαι-
712 1378 763 1443 καί
787 1381 924 1443 αὐλαίαν
947 1378 1081 1458 ἔχουσαν
1104 1378 1225 1458 Πέρσας
1248 1376 1385 1455 ένυφοισ·

195 1477 331 1565 cluave}
377 1481 415 1546 ln
448 1482 508 1549 tali
541 1504 574 1549 re
604 1483 699 1549 aliter
726 1485 845 1560 Attici,
882 1500 960 1570 qnos
994 1480 1229 1570 Theophrastus
1261 1479 1387 1546 dicendi
1460 1480 1465 1485 ’

194 1589 366 1673 magistros
387 1587 501 1665 habet,
527 1589 621 1654 aliter
642 1587 756 1655 Graeci
780 1594 812 1654 et
834 1589 985 1656 Graeculi
1007 1594 1188 1676 sequiorem
1205 1595 1387 1672 temporum

194 1690 282 1776 loqui
316 1691 427 1758 solent.
482 1695 584 1759 Attici
618 1696 765 1760 dicebant
800 1696 937 1760 αὐλαίαν
971 1698 1091 1776 Πέρσας
1124 1692 1385 1777 ένυΦασμένΗΝ,

194 1800 354 1882 nequiores
372 1799 492 1879 Πέρσας
512 1800 776 1880 ένυφασμένοῒο
791 1805 1021 1868 ”exorem
1053 1801 1283 1888 Exemplorum
1294 1797 1388 1884 plena

194 1907 269 1967 sunt
291 1906 409 1969 omnia.
456 1904 541 1970 Satis
564 1911 612 1971 est
635 1907 774 1993 exempli
796 1909 831 1972 in
852 1908 911 1973 hoo
933 1926 1015 1974 uno:
1050 1908 1140 1988 ἑώρων
1165 1906 1193 1971 δ’
1219 1907 1311 1970 αὐτὸν
1335 1904 1386 1968 τὸν

195 2008 347 2074 Φίλιππον
377 2012 429 2075 σίν
453 2012 615 2090 ὀφθαλμὸν
638 2012 876 2090 ἐκκεκομμένον,
910 2015 966 2089 τὴν
988 2020 1071 2078 κλεῖν
1096 2010 1299 2090 κατεαγότα,
1332 2011 1387 2082 τὴν

193 2123 305 2195 χεῖρα,
335 2115 370 2180 τὸ
403 2116 510 2187 σκέλος
542 2120 768 2196 πεπηρωμένον.
817 2117 936 2184 Omnes
965 2121 1011 2184 sic
1033 2120 1135 2183 Attici
1166 2136 1294 2183 summa
1317 2135 1388 2180 oon-

192 2224 320 2286 stautia.
368 2219 486 2286 Utrum
511 2226 614 2310 igitur
636 2244 655 2289 a
677 2222 893 2310 Theophrasto
915 2227 1071 2310 scriptum
1093 2221 1265 2309 putemus?
1311 2220 1387 2286 Sine

193 2330 407 2392 controversia
425 2329 493 2414 ipse
509 2328 653 2395 dederat:
676 2330 728 2393 καὶ
749 2331 888 2396 αὐλαίαν
903 2330 1024 2410 Πέρσας
1037 2328 1272 2410 ἕνοφασμένκν,
1290 2328 1386 2412 idque

192 2438 303 2519 postea
323 2434 428 2498 nescio
450 2436 522 2519 quis
545 2435 585 2500 ad
607 2456 682 2501 suae
704 2439 818 2501 aetatis
840 2437 1101 2502 consuetudinem
1123 2433 1259 2501 refinxit.

237 2643 318 2710 Ibid.
341 2647 491 2711 continuo
521 2650 681 2732 sequitur:
714 2649 766 2712 καί
791 2650 925 2713 αὑλίδιον
948 2652 1187 2727 παλαιστριαῖον
1210 2645 1289 2710 κθνιν
1312 2644 1384 2726 ἔχον

192 2752 245 2814 καί
269 2751 475 2832 σφαιριςνίριον
499 2754 552 2816 καί
576 2757 666 2818 τοῦτο
682 2755 800 2831 περιϊὼν
817 2760 896 2819 ΧΡΗ
922 2760 1012 2820 NTN
1032 2754 1081 2818 ciel
1101 2760 1164 2824 τοῖς
1184 2749 1384 2833 Φιλοσθφοις,

192 2862 254 2929 τοῖς
279 2862 447 2939 σοφιςαῑς,
473 2864 535 2931 τοῖς
560 2859 775 2939 θπλομοίχοις,
801 2868 864 2932 τοῖς
889 2861 1057 2940 οίρμονικοίς
1083 2858 1310 2943 ἐνδείκνυσθαι]
1346 2856 1383 2922 In

191 2970 253 3043 xii
277 2967 327 3028 νῦν
350 2962 431 3029 latet
450 2962 659 3049 Theophrasti
677 2984 792 3030 manus
811 2966 956 3048 κιχρθναι
975 2967 1167 3031 commedere:
1191 2963 1248 3030 alii
1267 2971 1383 3045 χρῆσαι

192 3075 413 3153 reposueruut,
448 3068 503 3134 sed
531 3068 585 3134 vel
613 3075 740 3155 propter
770 3071 821 3135 θεί
843 3072 990 3138 additum
1020 3092 1117 3157 prope
1140 3073 1314 3137 necessaria
1336 3076 1384 3136 est

191 3177 364 3261 praesentis
396 3173 499 3240 forma
532 3175 689 3257 κιχρθναι.
745 3170 912 3243 Praeterea
945 3177 1134 3242 mendosum
1168 3185 1216 3242 est
1249 3176 1384 3242 αὐλίδιον

193 3289 426 3358 παλαιςριαῖον,
450 3282 534 3366 quod
557 3282 635 3367 quid
657 3285 700 3346 sit
721 3303 816 3349 nemo
837 3284 963 3349 dixerit.
998 3283 1036 3347 ln
1058 3288 1290 3363 παλαιςρῐλῐον
1309 3304 1385 3349 vera

190 3387 302 3464 lectio,
333 3389 456 3472 siquis
485 3387 545 3454 hoo
576 3391 662 3475 agit,
691 3389 840 3473 pellucet.
887 3390 1010 3476 Nempe
1035 3391 1261 3469 ταλαιςρίΔισν
1284 3386 1384 3453 'Pheo-
1437 3447 1444 3456 .

189 3493 313 3578 phrasti
341 3512 457 3558 manus
488 3499 553 3572 est,
585 3514 648 3579 qua
677 3495 776 3560 semel
804 3502 929 3580 reperta
959 3496 1092 3561 αὑλιδισν
1118 3494 1265 3559 lubenter
1286 3492 1383 3558 sciolo

190 3601 246 3684 qui
268 3599 392 3665 addidit
412 3599 591 3665 reddemus.
626 3596 674 3666 De
693 3600 804 3665 eadem
826 3604 912 3664 rein
928 3599 990 3666 flue
1009 3602 1122 3686 capitis
1138 3599 1256 3663 dicitur
1274 3598 1382 3662 τούτου

191 3705 253 3774 isis
278 3707 295 3781 ἡ
316 3706 489 3785 παλαίςρα.
538 3705 647 3770 Unum
678 3709 777 3770 etiam
806 3706 960 3772 mendum
982 3708 1138 3791 superest:
1171 3705 1383 3784 παλαιςρίδιον

190 3811 335 3892 κιχροίναι
353 3850 395 3859 -
408 3820 470 3883 τοῖς
497 3811 666 3892 ἁρμονικοῖς
691 3811 938 3876 ’θΝδείκνυσθαλ
976 3813 1103 3876 Amissa
1125 3814 1173 3874 est
1193 3812 1384 3895 praepositio

190 3936 318 4001 prorsus
348 3924 380 3981 et
409 3917 449 3981 ad
476 3916 539 3981 loci
569 3919 760 3981 sententiam
791 3923 823 3980 et
852 3916 892 3981 ad
915 3922 1111 3981 constantem
1139 3915 1265 3979 dicendi
1287 3936 1383 3980 usum

191 4025 374 4088 necessaria.
422 4022 606 4107 Sophistae,
631 4020 851 4106 hoplomachi,
876 4014 1052 4086 harmonici
1074 4026 1106 4086 et
1129 4024 1313 4106 omnesqui
1334 4026 1385 4086 sui

192 4128 320 4196 artificii
341 4131 502 4215 specimen
524 4128 642 4214 populo
665 4128 763 4193 edunt
786 4126 838 4192 vel
860 4128 1012 4192 exhibent
1031 4128 1180 4192 dicuntur
1199 4131 1233 4192 in
1252 4125 1386 4195 Graecia

192 4235 445 4300 ἘΠΙδείκυυσθαι
469 4241 502 4300 et
525 4236 675 4298 ποιεῖσθαι
699 4233 867 4309 έπίδειξιν.
904 4234 947 4298 Et
968 4235 1015 4299 rei
1038 4240 1071 4299 et
1088 4236 1227 4298 nominis
1242 4235 1385 4321 frequen·

192 4343 337 4407 tissimus
363 4341 447 4427 apud
469 4360 579 4407 omnes
601 4360 678 4405 usus
700 4344 767 4418 est,
800 4348 832 4404 et
855 4338 999 4417 ἐπίδειξις
1024 4347 1057 4406 et
1079 4340 1301 4406 ἐπιδείκνυσθαι
1330 4362 1385 4407 vo-

194 4446 307 4513 cabula
329 4454 404 4513 sunt
426 4445 614 4528 μοριθλεκτα
645 4446 777 4511 eandem
801 4468 925 4533 semper
947 4454 980 4513 et
1003 4447 1138 4513 formam
1170 4453 1201 4512 et
1223 4451 1386 4513 notionem
