3388 5010
301 330 366 395 266
704 321 858 394 innatans
881 345 917 393 rr
941 344 1095 393 suanm.

299 513 422 603 aliquid
445 515 485 582 ob
503 515 627 603 utiquo,
647 534 711 582 oon
728 515 838 584 aliani.
884 513 1022 584 Omnino
1040 514 1119 584 talia
1136 534 1200 583 nou
1213 522 1307 583 erant
1320 515 1353 582 in
1366 523 1490 585 textum

300 623 512 692 admittenda.

298 724 303 735 “
348 735 410 810 16,
441 737 494 798 26.
538 727 644 812 »Quid
676 727 781 797 diois?
808 748 868 796 our
891 736 940 797 est
964 728 1105 808 laetum,
1129 729 1215 817 quod
1239 729 1338 797 ooiois
1361 728 1491 796 istuol’'

298 838 341 906 lt.
383 839 502 905 coicere
539 834 625 903 idem
663 856 733 903 esse
771 835 936 902 existimat
973 836 1058 924 qnod
1091 837 1247 924 proicere.
1292 838 1341 902 lta
1372 835 1492 903 coicere

299 965 361 1013 non
394 951 592 1031 usurpatur,
616 942 677 1008 nisi
700 939 809 1008 addito
833 941 901 1008 loeo
924 943 958 1008 in
981 962 1077 1030 quaem
1103 941 1181 1030 quid
1206 942 1386 1030 proiicitnr.
1434 941 1490 1009 Vel

300 1052 383 1120 bano
408 1050 448 1117 ob
472 1069 604 1118 carneam
629 1047 792 1135 probanda
816 1057 885 1115 erat
910 1047 1092 1117 emendatio
1116 1048 1272 1137 Scaligeri
1294 1070 1364 1137 quo.
1386 1047 1492 1134 Signi·
1626 1069 1633 1081 ·

301 1159 376 1227 lioat
407 1157 527 1223 coicere
556 1155 643 1222 lurto
675 1153 894 1235 abscondere;
921 1156 1023 1242 possit
1046 1157 1159 1223 etiam:
1185 1157 1217 1222 in
1242 1174 1340 1243 quam
1364 1165 1490 1243 partem

299 1261 548 1351 interpretaris?
571 1261 720 1328 Proximo
740 1260 922 1346 lragrnento
943 1259 1077 1328 beamur
1095 1260 1489 1329 nnvouoeabulotlraoso:

298 1370 473 1457 oblrodpti,
506 1387 702 1455 quamquam
737 1366 789 1434 bio
820 1366 920 1432 bonor
943 1365 1080 1434 debetur
1103 1366 1288 1446 Gerlaobio‚
1313 1370 1368 1455 qui
1391 1390 1489 1449 χειρο·

297 1476 388 1545 lu'rar
420 1472 518 1541 dedit.
554 1471 617 1543 Sed
643 1472 738 1540 velim
768 1473 852 1541 seire
878 1471 957 1559 quid
983 1472 1143 1560 significet
1172 1483 1229 1540 aut
1258 1472 1337 1541 adeo
1368 1472 1489 1561 signifi·

298 1601 373 1650 caro
396 1581 509 1668 possit.

332 1678 397 1755 ⁴III.
428 1692 489 1767 13,
515 1690 558 1755 20
583 1685 651 1753 old
672 1695 800 1774 portum
822 1686 910 1755 mille
931 1707 949 1754 a
969 1693 1110 1776 portast;
1128 1706 1182 1754 sex
1196 1685 1270 1754 indo
1283 1685 1486 1756 Salernum”.
1553 1724 1562 1737 ·

343 1793 453 1882 Spatia
488 1793 750 1863 maritimarum
784 1794 919 1861 Romani
944 1813 1000 1880 per
1023 1791 1149 1872 stadia,
1182 1813 1244 1860 non
1270 1812 1326 1881 per
1348 1792 1488 1861 miliaria

299 1901 478 1969 metiantur
503 1899 549 1987 (id
574 1897 659 1987 quod
684 1899 737 1966 nix
760 1920 875 1987 operae
900 1900 1041 1989 pretium
1067 1907 1117 1967 est
1141 1899 1421 1980 animadvertere,
1445 1898 1487 1967 ol.

298 2017 408 2074 tamen
443 2003 596 2082 Hultsob‚
618 2003 742 2073 iletrul.
769 2028 800 2094 p.
824 2011 885 2084 67,
910 2026 943 2075 n.
970 2006 1017 2093 7),
1043 2015 1175 2095 apparet
1200 2005 1240 2074 de
1265 2007 1412 2074 terrestri
1436 2007 1487 2074 iti·

299 2133 375 2182 nere
400 2110 569 2178 Salernum
595 2121 743 2199 suscepto
768 2113 840 2198 agi3
868 2132 929 2179 nnn
951 2111 1051 2199 igitur
1071 2133 1089 2180 a
1111 2121 1202 2201 porta
1222 2113 1357 2181 alterius
1381 2112 1487 2189 urbis,

297 2238 521 2309 quaecumque
539 2217 591 2285 illa
605 2216 683 2295 luit,
696 2216 736 2284 ad
749 2228 897 2305 portum,
911 2218 1026 2287 deiude
1037 2217 1206 2286 Salernum
1221 2219 1487 2307 proficiscuntur,

295 2325 353 2395 sed
384 2346 403 2393 a
432 2336 542 2412 portu,
576 2324 631 2392 ubi
662 2324 875 2412 appulerant,
908 2326 941 2391 in
975 2324 1101 2394 urbem.
1149 2329 1262 2414 ltaque
1286 2346 1362 2393 oum
1390 2325 1484 2394 oodd.

298 2430 392 2500 Gellii
424 2436 448 2498 L
485 2436 535 2498 16.
563 2437 576 2498 1
610 2439 643 2499 et
672 2430 846 2512 Macrobii,
872 2434 895 2498 1.
922 2439 955 2501 6.
981 2436 1002 2500 6
1025 2432 1067 2499 od
1087 2442 1229 2519 portem,
1253 2452 1351 2521 porro
1372 2455 1392 2500 o
1411 2454 1488 2522 por·

294 2549 357 2607 tort
380 2537 599 2607 scribendum.
1305 2570 1319 2587 ·

340 2653 400 2727 51,
425 2651 478 2714 41.
502 2646 713 2714 drmamenta
738 2653 868 2725 tamen,
893 2644 1036 2723 malum,
1061 2644 1189 2726 uelum,
1214 2645 1322 2713 omnia
1347 2665 1461 2727 serno;

506 2752 608 2820 llunis
631 2753 717 2820 onim
743 2752 904 2841 praeoisn’
928 2753 1110 2840 niteatque
1133 2753 1275 2840 anquina
1299 2751 1416 2822 soluta.

334 2860 405 2929 Nou
430 2860 533 2926 omnio
557 2867 705 2936 servant,
726 2857 783 2926 sed
807 2859 912 2925 omnio
936 2858 1025 2938 nelo,
1051 2878 1124 2924 nam
1151 2877 1302 2926 ancoram
1328 2860 1485 2927 amittunt

293 2966 371 3034 lune
391 2966 547 3055 praeciso.
573 2964 649 3031 Veto
672 2966 776 3031 omorio
800 2963 983 3051 legendum.
1030 2964 1120 3033 Libri
1143 2963 1203 3033 uel.

340 3079 402 3153 35,
430 3077 472 3139 ta
499 3109 519 3122 -·
526 3097 687 3125 νννννν
716 3069 868 3138 scindunt
894 3068 928 3136 bi
952 3069 1041 3158 ligna
1064 3070 1211 3158 bipenne

293 3178 381 3247 Libri
408 3178 545 3270 (Charis.
572 3178 646 3269 nm:
670 3178 794 3246 student
817 3176 848 3244 b.
875 3176 1029 3245 luidone
1053 3177 1164 3265 (Neap.
1188 3176 1312 3269 uduo).
1337 3176 1438 3266 Lego:

723 3283 856 3352 student
880 3282 910 3350 bi
937 3282 1023 3370 ligna
1048 3285 1154 3364 viere,

295 3393 316 3459 i.
341 3411 371 3460 a.
395 3389 482 3479 ligna
508 3390 541 3458 in
566 3390 668 3460 lassos
691 3390 855 3479 colligare.
893 3388 997 3456 Varro
1015 3390 1051 3458 L.
1072 3390 1107 3458 L.
1131 3390 1170 3457 V.
1189 3393 1233 3456 62
1254 3389 1296 3457 ll.
1318 3390 1484 3480 ·(ooroua)

294 3500 364 3588 ipsa
397 3518 415 3566 a
439 3497 591 3566 uinctura
613 3498 734 3565 dicitur
757 3497 837 3565 uiuri
861 3494 891 3562 id
917 3503 966 3564 est
990 3496 1123 3576 vinciri,
1148 3516 1165 3562 a
1191 3516 1255 3583 quo
1278 3503 1327 3564 est
1350 3496 1384 3562 in
1408 3495 1485 3563 Sota

295 3604 380 3672 Enni
405 3603 542 3694 (Vahlen
567 3626 599 3694 p.
627 3604 727 3693 164)=
752 3603 842 3670 ibant
867 3601 981 3670 malasi
1007 3604 1094 3671 viere
1118 3602 1288 3670 Veneriam
1309 3601 1484 3670 oorullam”

294 3709 375 3777 lude
397 3710 538 3790 vimina,
564 3711 679 3779 llestus
703 3730 734 3798 p.
759 3714 837 3778 376.

340 3816 394 3884 IV.
411 3822 468 3894 16,
483 3821 538 3886 29.
564 3817 686 3885 Nonius
700 3819 776 3885 206.
791 3821 851 3884 25ε
866 3814 1080 3883 »tulmentum
1092 3853 1138 3868 -·
1150 3813 1304 3883 leminino
1316 3815 1382 3883 Lno
1384 3864 1485 3885 .....

293 3931 326 3990 et
360 3922 416 3990 lib.
452 3922 514 3990 IV:
551 3924 637 3991 sunit
672 3922 749 3991 huie
784 3920 929 4002 luldum,
967 3920 1141 3990 lulmeutas
1174 3931 1329 4009 quattuor
1360 3921 1486 3990 addit.”

296 4029 415 4096 Sobioit
446 4027 636 4097 Salmasius.
685 4029 822 4097 Fnloum
854 4027 940 4095 Harl.
972 4048 989 4095 a
1023 4048 1121 4096 manu
1153 4033 1197 4108 2.,
1228 4027 1314 4096 unde
1344 4029 1487 4112 (ulmum

298 4135 545 4221 (llouterweolr,
565 4157 596 4224 p.
618 4137 675 4227 20)
697 4135 829 4203 baberet
848 4134 987 4222 aliquam
1007 4136 1166 4223 speciem,
1187 4137 1215 4204 si
1237 4134 1268 4202 id
1287 4134 1486 4204 alulmentis

294 4240 452 4327 distingui
480 4252 597 4329 posset.
647 4244 766 4311 Verum
793 4262 864 4310 esso
888 4241 1017 4309 ridetur
1037 4242 1183 4330 sundram.
1227 4242 1367 4309 Fuldnm
1389 4242 1486 4310 exsti·

296 4347 373 4413 lisso
397 4346 526 4415 videtur
545 4369 581 4417 ex
602 4349 836 4417 assimilatione
852 4347 991 4438 quadam
1004 4369 1078 4415 curn
1093 4350 1240 4437 proximo
1254 4347 1487 4433 ssulmeutas'2

297 4455 392 4520 onius
415 4453 539 4543 primas
558 4453 684 4523 litteras
703 4454 830 4522 librarii
851 4455 959 4523 antimo
978 4455 1043 4522 iam
1063 4466 1094 4522 et
1107 4454 1231 4524 oolamo
1243 4463 1487 4545 praeceperant.
