3242 5014
651 373 825 421 Jrounnror.
1277 352 1339 420 171

273 536 385 624 (αὐτὰρ
408 538 475 605 ἐπεὶ
498 538 601 611 πθσιςς
625 540 677 606 καθ
701 540 836 630 ι’δητθνς)
856 540 932 608 ”Art
957 541 1217 609 ’enectum

158 634 209 706 θνα
238 644 282 721 μὴ
310 644 354 715 εἷς
386 644 467 723 κθρνν
499 644 605 710 ἕσθθειν
636 645 687 711 ηαδ
711 647 806 711 πθνειν
830 648 995 725 λέγωνται.
1042 645 1191 734 GogItare
1213 646 1343 712 videtur

158 747 197 810 de
218 746 395 813 Ptolemaei
418 751 578 825 convivis,
608 751 663 833 qni
686 769 786 834 quum
810 771 849 815 ex
871 751 974 837 epulis
996 753 1095 839 regiis
1117 752 1217 815 saturi
1239 770 1341 815 rever-

158 853 271 915 tissent
300 872 363 917 non
391 851 484 916 facile
518 853 629 916 statim
658 857 750 918 novis
766 855 907 940 dapibus
927 857 1014 922 vesci
1035 856 1222 940 potuissent.
1269 852 1344 917 Alis

158 961 247 1019 erant
270 957 329 1020 τῶν
352 956 447 1036 ἧριθων
470 953 489 1030 ἦ
511 980 546 1020 τε
569 956 652 1037 ρἰθμη
676 958 729 1023 καὶ
754 959 907 1035 ἠδθαιτα.
942 959 1057 1024 Mirari
1079 958 1163 1023 soleo
1185 958 1270 1043 quod
1288 956 1343 1021 Die

159 1058 276 1144 dymus
299 1060 439 1125 addidit:
464 1063 539 1125 ἀλλ’
563 1057 643 1140 ὅμως
667 1063 725 1127 ὑπδ
746 1072 890 1144 περιττῆς
913 1063 1083 1141 εὐλαβεθας
1108 1064 1190 1128 οὐδὲν
1207 1069 1343 1127 Mere-

160 1172 303 1228 ΘΗΚΕΝ
327 1166 358 1228 ἕν
381 1174 514 1237 πολλαῖς
537 1164 630 1240 οὕτως
654 1170 742 1247 εὑρὼν
763 1168 932 1248 Φερσμένην
954 1171 1011 1244 την
1028 1171 1165 1248 γραφήν.
1201 1165 1345 1230 Utuntur

159 1288 268 1332 omnes
298 1268 355 1334 illo
386 1268 455 1335 loco
486 1272 525 1336 ad
555 1262 835 1338 demonstrandum
858 1278 975 1358 quanta
996 1272 1150 1359 religione
1172 1273 1207 1334 in
1230 1272 1344 1335 consti·

159 1371 276 1436 tuendo
309 1370 481 1439 Homerico
515 1380 606 1441 textu
640 1377 841 1442 Aristarchus
874 1378 972 1443 fuerit
1002 1398 1087 1441 usus.
1143 1374 1206 1439 Sed
1237 1376 1344 1439 omnia

159 1476 292 1541 suadent
313 1482 351 1541 ut
373 1478 538 1544 credamus
566 1479 616 1559 ἂψ
638 1481 795 1547 ἐπάσαντο
818 1503 885 1548 esse
907 1485 1008 1567 ipsius
1030 1479 1207 1547 Aristarchi
1225 1479 1344 1543 coniec-

158 1584 266 1645 turam
298 1599 361 1644 non
392 1580 565 1648 admodum
596 1584 722 1650 felicem
751 1606 852 1670 neque
882 1585 1080 1671 elegantem,
1112 1589 1145 1648 et
1174 1581 1343 1669 vulgatam

158 1687 348 1768 scripturam
378 1705 440 1750 non
471 1686 501 1751 ἐν
532 1697 667 1759 πολλαῖς
690 1691 744 1754 sed
768 1691 798 1754 ἕν
821 1691 938 1761 πιέσαις
962 1690 1078 1756 lectam
1101 1690 1207 1753 fnisse.
1256 1687 1343 1767 Quae

158 1795 206 1853 est
224 1793 343 1876 igitur,
368 1812 499 1875 quaeso,
523 1792 729 1871 illustraret
754 1793 928 1873 εὐλαβειιιθ

203 1895 294 1960 Iliad.
319 1905 343 1959 1.
368 1895 444 1960 452.
470 1897 643 1962 παλλακίδι
667 1906 873 1976 πριςιινηναιτ
897 1901 1102 1964 ‘AnPenec
1125 1901 1257 1963 τοιαῦτα
1275 1897 1342 1977 περὶ

159 2000 253 2063 αὑτοῦ
273 1998 411 2076 διεξιέναι
431 2000 504 2082 πρὸς
523 2001 617 2079 μηδὲν
636 2003 819 2080 αναγκαῖον.
851 2003 900 2067 Ex
919 2023 994 2068 suae
1013 2006 1127 2068 aetatis
1143 2023 1236 2068 seusu
1247 2002 1344 2067 homo

159 2104 290 2169 iudicat.
338 2104 392 2169 Illi
420 2111 543 2171 veteres
564 2109 593 2171 si
616 2107 693 2191 quid
715 2107 922 2191 deliquissent
943 2106 1029 2171 ultro
1051 2108 1183 2173 candide
1205 2106 1344 2172 fateban-

159 2213 221 2272 tur.
268 2209 311 2273 Et
341 2210 418 2294 quid
445 2215 493 2274 est
515 2213 620 2298 magis
642 2215 817 2288 αναγκαῖον
839 2232 936 2296 quam
960 2211 1152 2277 Phoenicem
1175 2231 1344 2298 agnoscere

160 2310 309 2397 eulpam?
333 2313 395 2392 Qui
419 2319 592 2379 commenti
613 2322 688 2380 sunt
710 2316 749 2381 de
772 2337 829 2381 suo
850 2316 1020 2381 lectionem
1042 2319 1257 2401 perineptam:

481 2428 520 2500 τῇ
544 2420 576 2483 ιθ
602 2421 731 2498 πιθθμην
754 2420 814 2485 οὐδ’
839 2418 928 2499 ἔρξω,

160 2526 287 2607 potitam
317 2542 425 2587 seeum
454 2525 561 2607 ipsum
588 2545 731 2612 pugnare
754 2524 801 2588 nil
822 2526 1037 2590 morabuntur.
1083 2523 1235 2609 Pugnant
1258 2523 1345 2586 enim

161 2632 267 2711 aperte
296 2628 380 2691 inter
408 2645 458 2690 se:
493 2637 532 2709 τῇ
563 2630 596 2691 οὐ
628 2628 756 2704 πιθόμην
786 2627 849 2694 οὐδ’
882 2626 972 2708 ἔρξω,
1007 2634 1057 2693 et:
1093 2629 1197 2705 πατηρ
1220 2627 1247 2692 δ’
1271 2626 1344 2703 ἐμὸς

161 2731 305 2796 ATTIK’
328 2730 441 2803 θ’ίσθεὶς
465 2732 570 2796 πολλὰ
595 2738 762 2812 κατηρᾶτο.

205 2836 296 2901 Iliad.
321 2845 347 2900 1.
373 2834 564 2901 688—693.
596 2837 778 2902 ιθθιτιΐινται
808 2837 892 2915 ςθχνι
922 2834 1013 2900 πέντε
1040 2873 1092 2900 -.
1116 2834 1171 2899 sal
1195 2834 1258 2914 γὰρ
1281 2831 1343 2899 θλνι

161 2943 379 3007 ’Asseesselc
403 2943 429 3006 oi
453 2943 546 3022 ςθχνι.
583 2940 667 3019 Quid
689 2948 736 3005 est
758 2941 888 3009 tandem
909 2945 944 3009 in
966 2942 1017 3006 his
1035 2937 1194 3021 ιθπρεπέςθ
1222 2939 1345 3024 Nempe

161 3046 260 3110 dixit:
296 3045 353 3111 εθσὶ
385 3047 436 3111 καὶ
468 3044 532 3112 οἵδε
562 3045 605 3110 τὰ
635 3044 776 3121 εθπθμιν,
811 3051 844 3109 et
873 3046 1042 3110 indecorum
1070 3045 1200 3111 videtur
1229 3041 1275 3109 θτι
1305 3046 1345 3115 dt

161 3150 384 3228 θπιςησθρςσνσς
407 3148 567 3232 μθρσνρας
590 3151 777 3215 ἐπισπᾶται.
824 3150 941 3216 Omnes
959 3152 1018 3216 hoc
1041 3151 1163 3216 facium
1184 3156 1218 3215 et
1235 3148 1347 3215 luben·

162 3261 210 3318 ter
230 3255 353 3320 faciunt
373 3258 429 3339 qui
451 3276 527 3322 vera
549 3255 731 3339 loquuntur.

206 3358 297 3424 Iliad.
324 3370 356 3427 Ξ.
383 3358 412 3423 1.

312 3463 433 3543 Nesope
456 3466 483 3531 δ’
505 3467 560 3530 οὐκ
583 3461 690 3531 ἔλαθεν
713 3468 792 3548 taxis
818 3466 944 3531 πθνιντιθ
968 3490 1023 3546 πιρ
1040 3464 1152 3544 ἔμπης.

209 3566 414 3633 ἈΠΡΕΠΕΟ
444 3594 523 3642 τινες
552 3572 697 3646 οἰηθέντες
728 3569 805 3637 εἶναι
837 3573 890 3638 καὶ
919 3580 975 3636 OT
1001 3568 1087 3639 κατὰ
1109 3566 1288 3649 πρεσβύτην
1311 3565 1347 3632 rt

163 3672 259 3737 πίνειν
283 3710 325 3721 -
348 3674 511 3747 cimbros
533 3675 615 3754 Φασὶ
640 3675 693 3740 καὶ
716 3679 755 3748 cir
778 3676 905 3753 μέθυσος
924 3675 1014 3740 πίνει.
1035 3673 1119 3759 quod
1139 3692 1239 3757 quum
1257 3672 1347 3738 nullo

161 3784 254 3864 paeto
276 3778 441 3843 ferendum
459 3801 525 3845 esse
543 3783 644 3865 inepti
663 3783 866 3866 opinarentur
884 3782 1104 3865 excogitarunt
1122 3777 1244 3862 aliquid
1263 3776 1347 3862 quod

162 3883 245 3948 infra
273 3883 439 3970 proferam.
487 3883 591 3964 Quam
621 3887 665 3949 sit
694 3905 807 3948 senum
835 3889 967 3948 naturae
997 3902 1172 3969 congruens
1203 3882 1238 3946 id
1264 3882 1348 3967 quod

163 3990 247 4074 apud
268 3993 397 4075 po'e'tarn
419 3995 467 4053 est
489 3986 701 4055 Grammatici
724 3991 758 4053 in
780 3988 855 4061 aula
876 3990 966 4075 regia
988 4007 1050 4052 non
1073 3987 1259 4053 seutiehrnt.

208 4095 300 4160 lliad.
324 4104 364 4158 Π.
388 4093 443 4158 85.

588 4198 670 4279 ιθτθιρ
691 4195 716 4264 oi
739 4170 930 4279 περινιθλλθα
953 4196 1058 4277 κσθρην

296 4302 347 4385 &dr
371 4303 588 4381 θτνδιθσσωσι,
613 4305 699 4384 προτὶ
725 4305 752 4370 δ’
776 4302 889 4381 dracoi
915 4303 991 4381 δῶρα
1016 4302 1153 4383 πθριισιν.

162 4431 232 4475 crece
254 4413 371 4475 iterum
402 4409 584 4495 Crispinus:
617 4413 819 4476 'Atll’essec
844 4410 874 4474 δὲ
898 4409 933 4473 σθ
958 4407 1151 4482 παλλακίδος
1176 4410 1228 4474 καὶ
1254 4409 1347 4490 δώρων
