3296 5022
563 379 763 427 sonituum
792 377 909 431 utrius.

282 549 357 633 quis
380 544 641 613 benedicentem
670 544 797 611 Gallum
825 543 927 612 ierat?

545 648 666 716 ibidem
690 669 736 714 rs
762 653 825 715 257
852 668 933 734 sqq:

326 757 445 841 exigite
469 763 505 821 ut
530 774 635 821 mores
659 763 787 820 teneros
810 773 869 820 ceu
895 751 1008 840 pollice
1030 751 1151 826 (lucet,

328 870 364 928 ut
388 862 415 927 si
440 861 514 948 quis
536 879 611 925 cera
635 858 759 925 vultum
785 857 883 937 lacit,
907 858 1025 944 exigite
1050 864 1084 923 ut
1102 858 1147 922 sit

211 988 218 994 ·
326 977 359 1032 et
382 971 474 1052 pater
497 984 592 1031 rrsrus
615 973 746 1042 coetus,
772 983 811 1031 ue
837 964 945 1049 turpia
970 961 1100 1039 ludant,

176 1156 180 1163 ι
330 1090 370 1136 ue
396 1069 516 1136 iaciant
540 1068 674 1135 vicibus.
699 1088 768 1154 sqq.

191 1173 414 1260 intellegerem
437 1176 523 1260 ipre,
548 1172 633 1260 quod
658 1183 761 1240 metro
783 1173 989 1252 excluditur,
1013 1173 1069 1240 sed
1093 1192 1156 1259 qua
1188 1172 1217 1237 ri
1243 1191 1335 1259 prae·

149 1289 256 1367 ceptor
288 1279 417 1347 dicatur
452 1290 545 1366 pater
570 1279 670 1366 ipsius
698 1288 830 1357 coetus,
863 1299 925 1346 non
952 1289 1080 1366 erputo.
1126 1278 1206 1345 liam
1239 1277 1336 1344 nullis

149 1385 217 1451 aliis
241 1396 345 1453 coetus
377 1385 577 1472 (puerorum)
603 1383 634 1449 h.
654 1382 675 1448 l.
696 1375 884 1470 opponitur.
931 1384 977 1451 lie
999 1384 1122 1451 muita:
1149 1402 1261 1450 rerum
1286 1383 1336 1447 ni·

149 1488 262 1557 detur:
290 1501 319 1556 ce
338 1503 429 1577 poter
458 1510 554 1556 usurus
576 1499 699 1565 coetus,
725 1491 913 1574 pronomine
936 1488 1061 1556 adiecto
1088 1489 1127 1555 ad
1151 1488 1337 1575 significan·

149 1592 224 1661 dum
249 1604 469 1672 contemtum,
495 1605 529 1661 ut
554 1612 658 1680 saepe.

574 1697 640 1764 Sat.
668 1698 753 1776 Viil,
778 1703 819 1765 87
841 1718 911 1784 sqq.

283 1812 450 1892 expectata
473 1802 529 1868 diu
556 1802 683 1869 tandem
708 1804 874 1890 provincia
899 1824 974 1871 cum
999 1814 1031 1872 te

285 1919 442 1975 rectorem
465 1908 622 1994 accipiet,
648 1928 728 1994 poue
752 1909 819 1975 irae
845 1908 935 1976 irena
961 1909 1176 1996 modumque,
1222 1938 1225 1944 ·

285 2034 365 2101 poue
387 2026 419 2081 et
442 2015 617 2092 avaritiae,
643 2014 797 2081 miserere
822 2016 954 2101 inopum
978 2017 1155 2083 sociorum:

284 2140 356 2187 ossa
381 2120 470 2186 violes
493 2138 605 2185 rerum
628 2120 734 2185 nocuis
756 2128 871 2186 eructa
893 2120 1053 2186 medullis.

192 2225 274 2294 ussa
297 2234 413 2292 exucta
429 2245 527 2291 uuerco
544 2231 640 2302 sunt,
664 2225 796 2310 opinor,
822 2244 884 2290 uun
906 2223 1085 2305 medullae,
1107 2228 1215 2314 itaque
1234 2229 1340 2294 uacuis

150 2331 261 2418 procul
286 2329 384 2397 dubio
406 2329 509 2396 labem
534 2329 693 2414 concepit.
742 2329 909 2416 Suspicor:

285 2454 357 2503 ossa
391 2433 479 2502 rides
516 2438 646 2512 seium,
671 2455 744 2512 voe,
767 2438 839 2521 quis
861 2443 977 2502 exrtcta
1000 2435 1141 2502 medoilo
1165 2438 1203 2525 ¹).

194 2541 383 2609 interiectio
410 2561 466 2606 oce
497 2538 659 2606 interdum
688 2540 821 2606 dolentis
851 2550 917 2616 est,
951 2559 1013 2605 nou
1047 2542 1219 2618 minantis,
1245 2551 1281 2607 ut
1306 2542 1338 2607 iu

151 2646 319 2713 notissimo
342 2664 438 2711 verso
462 2644 662 2730 Vergiliano:

287 2749 436 2825 ilantua,
459 2771 533 2828 one,
556 2750 694 2816 miserae
720 2748 857 2816 nimium
883 2751 988 2815 vicina
1007 2749 1192 2816 Cremonae.

151 2874 247 2940 quem
272 2873 400 2921 versum
426 2855 508 2921 saise
531 2852 607 2920 olim
634 2850 810 2936 lngiorem
835 2853 1051 2921 facetissimus
1080 2854 1185 2920 Swrrr
1206 2856 1339 2935 citavit,

151 2978 252 3044 quurn
280 2960 346 3024 uoti
373 2959 581 3026 instrumenti
606 2957 721 3024 musici
749 2956 826 3024 ludes
849 2967 1080 3045 rumperentur
1103 2960 1204 3041 nimia
1221 2969 1343 3028 matro-

153 3082 212 3131 nae
237 3063 344 3129 nescio
376 3066 471 3131 cuius
503 3065 622 3131 vicinia
654 3062 785 3130 indutae
817 3062 977 3141 amiculo,
1002 3065 1057 3130 cui
1080 3066 1224 3132 montilio
1246 3066 1342 3134 hodie

154 3186 269 3236 nomeu
296 3175 357 3235 eet.

198 3272 302 3340 Sensu
329 3252 475 3340 vocabuli
507 3277 635 3364 proprio
662 3276 803 3343 medoilo
825 3273 908 3358 sing.
933 3293 1024 3341 uum.
1050 3294 1112 3340 non
1138 3295 1248 3343 rarum
1272 3296 1343 3345 esse

33 3462 34 3471 ἵ
154 3377 206 3444 uir
229 3386 279 3445 est
302 3377 386 3464 quod
412 3398 570 3445 moneam.
620 3378 669 3443 Ari
693 3376 829 3445 iormam
855 3380 960 3446 ilativi
983 3383 1054 3467 quis
1077 3381 1118 3447 ci.
1142 3381 1211 3461 lli,
1237 3388 1289 3450 31.

585 3482 706 3551 ibidem
732 3487 797 3549 usu
822 3504 912 3571 sqq:

336 3587 477 3675 plebeiae
502 3588 672 3656 Deciorum
695 3589 838 3666 animae,
864 3588 985 3677 plebeia
1008 3589 1142 3657 luerunt

335 3695 481 3760 uomina:
508 3715 564 3779 pro
588 3695 664 3761 totis
687 3692 867 3780 legionibus
891 3694 925 3761 bi
952 3706 1061 3762 tamen
1084 3706 1116 3762 et
1142 3715 1201 3782 pro

333 3796 484 3864 omuibus
507 3799 637 3866 auxiliis
661 3807 759 3885 atque
782 3801 869 3864 omni
894 3800 979 3886 pube
1005 3801 1121 3867 Latina

334 3901 502 3970 sufficiunt
524 3904 574 3971 dis
599 3903 733 3970 iuiernis
758 3913 927 3990 terraeque
952 3906 1096 3990 parenti:

339 4007 456 4097 [pluris
480 4010 565 4075 euim
590 4009 698 4086 ilecii,
723 4028 820 4095 quum
845 4028 928 4094 quae
951 4019 1123 4076 serrantur
1142 4009 1182 4076 ab
1205 4009 1296 4098 iliis]

198 4113 267 4181 Nou
291 4111 384 4181 iacile
408 4113 571 4194 adducar,
598 4123 633 4181 ut
656 4113 785 4181 credam
810 4113 896 4179 hunc
921 4134 1049 4180 uersum
1070 4135 1088 4181 a
1108 4115 1250 4182 iuvenali
1274 4137 1344 4204 pro·

155 4217 273 4286 lectum
311 4238 392 4286 esse.
445 4219 592 4286 Absurda
625 4219 672 4286 vei
709 4223 816 4306 potius
851 4218 988 4285 ridicula
1021 4229 1070 4286 est
1105 4220 1268 4287 cortciusio
1305 4243 1345 4290 ex

191 4393 215 4456 Ι)
249 4392 319 4451 Aut,
344 4395 365 4443 ei
391 4395 483 4457 muris,
508 4395 645 4447 medullosa.
681 4397 732 4447 Pro
763 4411 844 4445 rerum
877 4395 1041 4447 Heinriehins
1062 4397 1154 4449 iniuria
1179 4415 1262 4466 regum
1286 4416 1344 4453 con·

156 4469 240 4524 iecisse
254 4473 360 4525 ridetur.
