3244 5012
268 366 332 456 324
602 380 643 426 aa
668 378 896 426 sarnonocnn
920 380 1112 429 rennrrnan.

267 555 289 617 i.
312 572 340 616 e.
367 551 469 617 tribus
493 556 603 615 autem
625 548 691 614 illis
714 549 890 613 rationibus
913 550 999 613 idem
1022 550 1228 638 significabis.
1260 551 1324 616 Pro
1349 552 1468 622 νοι31ος

269 654 413 742 Scaliger
432 657 565 720 coniecit
585 652 712 726 αὐδονίς.
736 652 864 739 Lingua
881 652 1080 720 Phoenicum
1100 656 1153 723 vel
1170 655 1271 719 aiios!
1289 656 1344 722 vel
1361 658 1469 721 αὑδονί

268 758 354 825 valet
376 762 458 824 eabae
480 760 617 823 domine!
651 755 699 823 Of.
721 756 1465 843 801114οω1111ορυειίἐοΡΙοοοιιίοιζιοακδρνοολο,

267 863 364 930 Helle
396 861 501 941 1869,
530 884 603 949 pag.
631 861 726 927 1811.
753 861 789 939 5,
816 882 877 946 quo
901 864 1118 931 consulentem
1141 888 1194 931 me
1216 865 1376 952 relegavit
1399 864 1466 931 col·

266 967 340 1057 lega
369 969 646 1034 coniunctissimus
676 966 713 1032 P.
745 985 787 1031 111
817 966 913 1042 Joue,
946 967 1114 1034 literarum
1138 968 1350 1034 Orientalium
1375 971 1464 1055 apud

268 1072 463 1138 Traiectinos
485 1073 651 1157 professor.
686 1071 819 1136 Formae
841 1074 997 1156 aspiratae
1019 1074 1073 1139 hic
1095 1075 1201 1140 favere
1224 1073 1353 1139 videtur
1377 1075 1465 1139 codi-

268 1197 343 1241 cum
364 1175 459 1243 lectio
481 1184 675 1242 Naraloe
699 1178 733 1239 in
755 1196 819 1261 qua
838 1184 867 1240 N
888 1197 928 1241 ex
946 1186 973 1240 H
991 1176 1061 1244 fieri
1071 1181 1187 1263 potuit
1222 1177 1343 1243 Eadem
1357 1184 1466 1244 enatat

162 1324 169 1337 ι
269 1280 352 1367 apud
375 1280 529 1346 Plautum
552 1279 684 1346 Poenul.
708 1279 751 1357 V,
777 1279 813 1357 3,
841 1279 895 1345 22.
920 1279 1081 1347 Graecum
1102 1282 1267 1347 hominem
1286 1284 1395 1347 hiatus
1414 1286 1464 1348 ri·

268 1385 358 1451 tandi
382 1405 476 1451 cansa
499 1395 525 1449 Σ
550 1384 708 1451 addidisse
728 1383 812 1449 nihil
835 1391 883 1450 est
905 1387 988 1471 quod
1010 1390 1183 1465 miremur,
1210 1389 1286 1473 quia
1304 1389 1464 1473 quaedam

269 1489 429 1575 vocabula,
446 1487 567 1555 Graeca
589 1489 708 1555 habent
731 1499 757 1554 Σ
781 1489 910 1555 mobile.

315 1595 427 1681 Epigr.
454 1593 537 1672 431,
563 1594 594 1660 5.

405 1699 506 1782 ἄρσενι
530 1698 557 1763 δ’
580 1696 757 1781 Ὀθρναδαο
781 1698 863 1781 Φάνῳ
887 1701 1197 1777 κεκαλυμμένον
1219 1699 1324 1767 ὅπλον.

314 1807 341 1872 ll
374 1805 489 1872 multis
523 1805 711 1870 coniecturis
744 1803 924 1888 recipienda
956 1805 1060 1871 fuerat
1094 1810 1273 1874 certissima
1301 1805 1464 1873 Meinehii

269 1912 447 1978 emendatio
470 1907 803 1987 πεπαλαγμένον.

313 2017 424 2104 Epigr.
452 2014 536 2092 435,
562 2013 582 2079 3
605 2036 651 2100 sq.

507 2150 514 2157 ·
677 2119 691 2184 o'
716 2120 742 2184 δ’
765 2116 897 2199 ἕβδομος
921 2117 1011 2200 ἄμμε
1035 2121 1193 2195 Γύλιππος

405 2228 436 2292 ἑν
460 2225 527 2306 πυρὶ
553 2223 620 2296 θεὶς
644 2223 825 2301 μεγάλαν
849 2219 928 2298 ἦλθε
951 2226 1050 2307 φέρων
1073 2225 1217 2292 unciaria.

269 2332 461 2418 Suspectum
487 2331 638 2409 μεγάλαν
662 2328 809 2406 anciran,
833 2331 890 2396 ubi
912 2333 1020 2416 ipsum
1039 2334 1234 2396 contrarium
1255 2330 1401 2409 Barda,
1422 2337 1464 2396 ut

268 2440 302 2503 in
325 2436 385 2503 tali
407 2457 441 2501 re
463 2441 574 2521 poetae
596 2434 711 2514 solent,
735 2442 792 2502 aut
815 2436 937 2522 aliquid
960 2437 1117 2503 eiusmodi
1136 2440 1311 2523 exspectari
1322 2442 1461 2523 poterat.

270 2540 414 2608 Conieci:

404 2649 435 2711 ἐν
458 2647 527 2726 πυρὶ
552 2644 620 2719 θεὶς
643 2645 842 2727 μεγάροις
867 2643 946 2721 ἦλθε
970 2643 1068 2727 Φέριον
1091 2644 1228 2712 anciran.

312 2754 424 2840 Epigr.
450 2749 532 2830 439,
560 2750 590 2816 3.

311 2857 505 2923 hPlanude
528 2857 747 2942 accipiendum
771 2853 964 2919 interscissa
986 2874 1042 2939 pro
1063 2855 1179 2920 codicis
1191 2857 1348 2940 scriptura
1359 2855 1461 2942 plane
1482 2874 1486 2881 ·

263 2944 399 3030 'barbara
421 2963 644 3028 ε’πισνεύοαοα.

312 3068 423 3155 Epigr.
447 3065 523 3131 444.

359 3175 512 3250 Χείμαπορ
534 3170 739 3237 rinadium
762 3171 813 3235 τὸν
838 3168 1034 3251 Ἀνταγόρεω
1058 3169 1163 3249 μέγαν
1187 3167 1263 3235 οἶκον

403 3280 437 3343 ἐκ
459 3284 571 3342 νυκτῶν
594 3274 710 3343 ἔλαθεν
732 3282 792 3357 πῦρ
814 3273 1070 3355 ὑπονειμοὶμενον.
1124 3330 1127 3339 .

358 3383 587 3462 ὀγδώκοντα
611 3383 639 3448 δ’
662 3379 795 3462 αριθμὸν
817 3379 970 3462 ἐλεύθεροι
991 3378 1126 3459 ἄμμιγα
1151 3380 1265 3453 δούλοις

403 3497 458 3563 τῆς
483 3486 600 3569 ἐχθρῆς
623 3487 741 3561 ταύτης
766 3490 915 3567 πυρκαιῆς
940 3484 1062 3566 ἔποχον.

267 3596 339 3661 lure
367 3593 526 3681 Scaliger,
551 3592 627 3659 licet
649 3592 815 3658 dissentiat
838 3591 949 3657 doctus
972 3591 1090 3668 editor,
1116 3590 1319 3657 addubitavit
1339 3593 1460 3659 codicis

265 3692 446 3766 lectionem
465 3696 646 3772 ozensara,
678 3698 733 3763 sed
763 3697 839 3763 ferri
864 3699 976 3782 nequit
998 3696 1082 3781 quod
1105 3694 1220 3761 leniter
1242 3717 1316 3762 sane
1339 3698 1459 3763 substi-

267 3807 377 3871 tuebat
400 3802 613 3878 οἱοθὲνοα,
639 3804 666 3868 si
689 3801 820 3887 quidem
841 3804 887 3867 sic
910 3807 1038 3866 tantum
1061 3805 1145 3867 recte
1166 3802 1345 3867 dicerentur
1364 3802 1459 3868 aedes

267 3912 306 3976 ab
340 3908 558 3975 habitantibus
589 3892 727 3973 relictae.
762 3908 807 3972 At
827 3928 925 3971 ιοινιιο
947 3906 1063 3990 capuita
1084 3906 1224 3983 iacebat,
1248 3910 1374 3991 opinor,
1398 3906 1458 3974 illa

266 4016 396 4094 domus,
420 4017 567 4100 quocirca
588 4031 756 4100 reponam:

401 4120 557 4198 Χείμαπορ
581 4117 808 4194 adreddere
828 4118 897 4184 κτὲ.

310 4227 439 4310 Αρροίοι
460 4224 558 4291 fuisse
582 4245 692 4291 omnes
713 4223 788 4290 illos
810 4224 957 4304 οοίορίαοο
979 4228 1047 4289 tam
1069 4222 1186 4289 liberos
1208 4243 1306 4307 qnam
1330 4241 1454 4299 servos,

263 4338 332 4395 tam
354 4330 490 4397 infantes
513 4351 610 4415 quam
632 4350 746 4416 pueros
769 4334 802 4396 et
825 4329 966 4408 adultos,
992 4335 1060 4394 tam
1082 4328 1234 4394 mulieres
1253 4349 1351 4413 quam
1370 4330 1457 4394 viros

263 4457 377 4520 parum
408 4440 456 4500 est
485 4456 538 4500 me
565 4435 669 4501 iudice
699 4437 766 4501 veri
797 4433 912 4501 simile.
953 4436 995 4502 Iit
1027 4435 1075 4500 fac
1098 4434 1214 4510 fuisse,
1239 4435 1316 4518 quid
1339 4422 1456 4517 quaeso
