3200 5066
618 367 831 423 rnncmmm.
1255 352 1321 422 387

182 533 264 601 ibid.
295 534 348 600 καί
380 535 423 601 τᾶ
452 535 583 617 κρᾶτιεα
615 548 670 614 τῆς
701 549 760 618 γῆς
788 541 909 624 ᾤκησαν
932 538 1056 620 ἔχοντες
1081 540 1146 604 ἐπεὶ
1171 539 1321 618 διέβησαν

135 637 190 714 ἔτη
214 641 312 719 lyris
336 639 496 721 recredere
519 640 588 721 πρὶν
608 641 766 720 Ἕλληνας
791 647 820 718 ἐς
846 645 993 711 Σικελίαν
1016 644 1122 709 ε’λίεῒν.
1156 644 1220 709 Pro
1242 642 1321 726 ἄκη·

135 767 196 809 σαν
226 743 352 826 ἔχοντες
379 752 574 831 exspectares
596 747 650 814 vel
671 747 791 832 ᾤκησαν
814 750 868 817 rel
890 746 1001 831 ἔσχον,
1024 768 1099 813 nem
1120 749 1250 833 perinde
1272 753 1321 814 est

135 853 248 914 utrum
278 849 419 927 dicetur3
450 850 604 917 embcbus
633 852 733 918 simul
761 857 812 919 uti
840 874 903 920 non
932 852 1017 918 licet.
1052 851 1174 918 Deletis
1202 850 1257 916 καί
1288 856 1321 917 et

135 950 273 1032 ᾤκησαν,
297 972 434 1037 quorum
455 954 593 1021 alterum
615 976 654 1022 ex
677 954 778 1024 elterc
796 964 903 1025 ortum
922 962 984 1035 est,
1008 958 1214 1043 perticipium
1235 952 1321 1035 ἔχον·

135 1078 188 1127 τες
218 1077 258 1122 ex
286 1058 491 1142 praecedente
521 1062 738 1126 enuntiatione
759 1062 909 1146 pendebit
915 1081 924 1140 ς
949 1061 1034 1147 quod
1056 1064 1140 1127 recte
1162 1058 1230 1126 fieri
1253 1081 1321 1125 sen·

136 1161 197 1227 ties
226 1162 254 1225 si
277 1160 312 1226 in
334 1159 386 1227 his
408 1181 536 1229 ceusem
559 1166 678 1235 muteti
699 1166 821 1234 insulee
843 1166 982 1233 nominis
1005 1167 1159 1232 contineri
1181 1164 1323 1230 enimed·

135 1265 278 1330 verteris.

185 1366 241 1434 VI.
265 1367 296 1433 4.
326 1368 485 1449 ‘Tsseecoe
514 1370 669 1449 βασιλέως
699 1379 829 1440 Σικελοῦ
858 1374 1043 1448 neonem
1066 1376 1121 1449 την
1143 1373 1247 1453 χώραν
1269 1372 1322 1438 καί

138 1472 408 1554 καθηγησαμένου.
442 1474 629 1544 Incredibile
651 1484 700 1544 est
720 1496 831 1566 regem
849 1480 883 1544 in
900 1485 1002 1544 semet
1020 1482 1128 1563 ipsum
1146 1479 1326 1543 coniurasse

137 1585 171 1642 et
200 1576 295 1644 suum
326 1599 442 1667 egnrm
471 1583 646 1670 peregrinis
667 1583 848 1666 prodidisse.
871 1580 1064 1663 ssepeldcrce
1086 1581 1323 1649 rescribendum

135 1683 273 1751 ridetur.

183 1785 265 1856 Ibid.
289 1785 358 1868 epis
388 1786 419 1853 δὲ
448 1789 601 1865 ἄναεῆναι
631 1790 730 1857 ἔτεσιν
761 1789 862 1873 ῦςερον
893 1792 1002 1858 ἑκατὸν
1028 1791 1045 1867 ἢ
1069 1776 1180 1864 αὐτοὺς
1203 1792 1323 1865 οίκῆσαι

138 1888 303 1969 Πᾶμιλλον
335 1891 520 1975 πέμψαντες
551 1900 737 1962 Σελινοῦντα
768 1896 918 1978 κτίζουσιν
949 1896 1001 1961 καί
1033 1896 1067 1959 ἐκ
1089 1893 1244 1974 Μεγᾶρυν
1266 1902 1323 1969 τῆς

139 1993 356 2076 μητροπόλεως
390 1997 480 2072 οῦσητ
512 2001 618 2072 αὐτοῖς
648 2002 781 2066 ἕτελίῦν
810 1997 1050 2081 ξυγκατρίκισεν.
1096 1999 1325 2084 Praeterquam

139 2101 223 2185 quod
248 2102 367 2177 οίκιῖσαι
390 2104 425 2168 in
447 2103 557 2170 οίκίοαι
581 2106 774 2171 mutandum
796 2109 861 2182 est,
885 2109 1008 2171 caetere
1029 2105 1213 2170 criticorum
1235 2105 1325 2168 euxi-

139 2203 222 2270 lium
244 2206 435 2293 implorent,
458 2209 522 2272 nisi
543 2208 624 2274 forte
646 2208 805 2276 credimus
826 2210 963 2276 cundem
981 2211 1107 2286 virum,
1131 2211 1325 2294 quicumque

137 2308 252 2388 fuerit,
285 2313 390 2396 primo
419 2310 622 2400 Megerenses
651 2313 799 2380 adortum
830 2334 907 2379 mox
937 2314 1109 2379 eorundem
1139 2314 1173 2378 in
1203 2312 1327 2377 colonie

138 2414 300 2481 condenda
330 2418 453 2483 socium
483 2416 589 2483 inisse.
631 2415 768 2505 Propius
797 2417 838 2483 sd
868 2436 978 2484 rerem
1003 2416 1173 2482 lectionem
1195 2418 1326 2481 ecceeeit

139 2515 246 2585 (lodex
269 2520 308 2585 A.
334 2523 391 2605 qui
411 2540 470 2606 pro
492 2521 625 2587 ίτελίοίν
647 2523 776 2607 preebet
796 2520 944 2587 ἐτελίίκ
962 2519 1085 2604 Quippe
1102 2520 1163 2584 boc
1183 2537 1326 2585 excom·

140 2622 290 2707 pendiose
320 2625 477 2708 scripture
504 2630 612 2689 ortum
634 2631 682 2690 est
704 2610 729 2690 ίτ
752 2624 846 2691 iride.
881 2623 936 2690 Sic
958 2624 1042 2688 infre
1062 2624 1200 2710 legitur:
1225 2619 1326 2704 ῦςσρον

139 2725 171 2791 ti
203 2726 255 2791 καί
287 2726 350 2791 cirri
379 2728 531 2799 Χαλκίδος
562 2729 615 2793 καί
646 2737 702 2805 τῆς
729 2726 831 2803 ἄλλης
859 2728 998 2806 Εὐβοίας
1029 2729 1180 2801 πλῆθος
1210 2728 1327 2795 ἐλθὸν

141 2828 411 2908 ξνρκατενείματο
434 2831 531 2913 (mele
551 2833 651 2920 vulgo
663 2871 706 2882 —
720 2833 805 2921 αντε)
830 2834 885 2909 την
908 2840 979 2910 γῆν.

186 2933 239 3001 Vl.
265 2934 296 3000 6.
321 2934 475 3017 ἐφιέμενοι
499 2936 556 3013 μὲν
577 2946 617 3018 τῇ
641 2936 819 3019 ἄληθεςᾶτη
840 2936 994 3018 τροφᾶσει
1014 2944 1070 3011 τῆς
1090 2932 1193 3011 τοίσης
1213 2933 1325 3016 ἄρξειν.

140 3037 230 3105 Hsec
259 3039 352 3106 fecile
382 3042 519 3127 corriges
542 3040 657 3107 colleto
687 3061 839 3128 germano
861 3040 930 3106 loco
952 3044 987 3106 in
1008 3062 1075 3125 cep.
1100 3039 1132 3105 8.
1156 3048 1212 3114 τῆς
1236 3042 1326 3105 Σικε-

140 3143 213 3216 λίας
237 3144 364 3218 ἄτᾶσης
388 3142 533 3223 μερᾶλου
556 3142 646 3225 ἔργον
668 3145 822 3226 ἐφίεσθαι.
858 3144 1065 3229 Expellemus
1087 3146 1190 3230 igitur
1208 3142 1326 3224 ἄρξειν,

141 3268 181 3313 ue
211 3251 282 3333 quis
311 3254 421 3334 postee
451 3250 511 3317 hoc
540 3249 685 3335 exemplo
713 3255 841 3328 utetur,
872 3269 935 3335 quo
964 3249 1055 3315 nobie
1083 3247 1229 3314 futurum
1255 3253 1328 3334 post

140 3351 238 3419 verbe
262 3353 411 3439 cupiendi
425 3354 515 3440 ferri
529 3365 618 3438 ροιιο
639 3354 836 3440 persuadeat.

187 3455 241 3520 VI.
265 3454 299 3522 9.
325 3456 451 3538 νομίζων
475 3459 581 3536 ὁμοίοις
605 3458 724 3536 syrtis
749 3458 877 3532 πολίτην
900 3453 976 3522 εἶναι
1001 3454 1032 3532 ἄρ
1055 3455 1169 3521 ἄνκαὶ
1192 3459 1245 3520 τοῦ
1269 3455 1325 3519 σοί·

143 3558 244 3646 ματίο
266 3585 296 3625 τι
321 3562 374 3625 καί
397 3569 453 3637 τῆς
476 3562 580 3635 οὐσίας
601 3571 771 3644 τρουοιῑται.
802 3562 891 3628 Haec
910 3582 984 3627 cum
1003 3559 1262 3646 praecedentibus
1280 3560 1328 3623 ite

142 3663 308 3755 cobserent
331 3669 368 3728 ut
397 3669 502 3730 oretor
523 3684 603 3749 quse
625 3665 749 3731 dixerut
770 3665 886 3731 clerius
909 3664 1063 3750 explicet,
1094 3667 1266 3747 ceveetque
1287 3681 1328 3726 ne

141 3756 262 3833 melem
285 3769 319 3831 in
341 3773 465 3853 pertem
489 3770 694 3852 accipientur.
730 3768 799 3848 „De
820 3771 890 3834 rite
911 3789 984 3835 mee
1005 3789 1067 3833 non
1086 3769 1201 3844 timeo,
1225 3786 1328 3850 neque

141 3877 250 3938 temen
273 3891 466 3956 quemquem
489 3892 526 3938 ec
548 3874 688 3957 peiorem
711 3873 815 3938 civem
838 3873 904 3939 iore
927 3872 1063 3939 erbitror
1083 3869 1167 3957 quod
1190 3874 1223 3936 et
1241 3872 1327 3937 vites

141 3981 174 4041 et
202 3977 358 4042 bonorum
388 3996 518 4045 suorum
542 3975 684 4061 eliquem
706 3979 861 4043 retionem
882 3976 1025 4042 hebest.’'
1059 3974 1121 4040 Sed
1142 3973 1327 4040 huiusmodi

141 4082 307 4145 iuncturae
336 4080 541 4167 perticipium
569 4081 695 4161 νομίζον
716 4101 915 4167 nequaquem
938 4082 1080 4157 inservit.
1115 4077 1218 4158 Quem
1240 4078 1327 4141 enim

142 4182 244 4248 elium
275 4203 404 4249 sensum
433 4187 478 4250 sic
507 4185 591 4251 nude
617 4185 721 4270 posite
742 4206 804 4250 vox
825 4185 940 4251 hebere
965 4189 1067 4270 potest
1089 4185 1151 4248 nisi
1173 4203 1248 4248 eum
1270 4181 1326 4265 qui

141 4289 205 4354 huc
233 4308 296 4355 non
325 4292 481 4374 pertinet,
514 4311 555 4355 so.
580 4291 652 4375 quic
675 4291 817 4356 οοτζιίίοιο.
853 4289 956 4369 Quare
979 4288 1152 4377 legendum
1173 4287 1324 4352 coniicio:

142 4391 232 4468 ἦττον
266 4393 371 4474 ἑτίροιν
401 4393 469 4475 τερί
500 4395 541 4474 τῷ
573 4394 709 4471 ἐμαυτοῦ
741 4392 863 4471 σώματι
885 4392 1011 4474 ίρροιδῦ.
1041 4390 1148 4472 νομίζω
1171 4391 1197 4457 δ’
1220 4389 1327 4471 ὁμοίως
