3296 5022
657 384 858 432 uumncunnm
882 382 999 436 terrun.
1365 364 1430 429 399

236 554 314 619 tacit
349 550 446 618 huius
476 559 605 618 saturno
635 558 882 636 argumentum,
916 552 1050 619 Remum
1086 550 1150 620 civi
1187 545 1359 635 tranquillo
1394 555 1428 615 et

236 655 369 723 honesto
410 656 600 742 praesertim
644 657 775 741 pnupori
813 655 1020 723 habitabilem
1057 674 1120 722 non
1155 670 1226 721 esse
1261 652 1427 728 indicens,

236 768 396 827 statuerat
423 759 503 826 urbe
534 759 647 826 relicte
676 760 785 826 scriem
811 759 911 845 figere
933 761 1054 827 (tumis.
1101 761 1171 841 Qun
1194 758 1328 825 consilio
1356 757 1428 826 iuu-

236 864 333 944 dutu,
356 873 448 954 poeta
472 865 580 952 ipsum
605 862 805 930 Umbricium
829 864 1008 932 introducit
1031 864 1206 931 dicentem:

583 966 717 1049 Quando
740 968 866 1036 nutibus
893 958 1026 1059 (inquit)
1051 970 1194 1037 honestis

351 1071 459 1139 nuilus
483 1073 516 1138 iu
540 1073 620 1139 urbe
644 1073 753 1154 iocus,
779 1074 866 1141 nuile
889 1074 1106 1143 emolumenta
1132 1073 1297 1145 ntorum.

349 1199 401 1247 res
425 1176 518 1245 hodie
542 1179 648 1244 minor
670 1188 721 1246 est
744 1179 837 1247 hodie
860 1198 958 1267 quum
984 1179 1062 1258 init,
1088 1198 1185 1257 nmen
1208 1194 1306 1245 enum
1327 1192 1403 1245 crus

350 1283 474 1351 deteret
495 1284 622 1369 exiguis
645 1282 786 1370 aliquid,
810 1287 1020 1372 proponimus
1045 1283 1119 1350 iiiuc

349 1391 398 1454 ire
426 1396 503 1454 cett.

283 1490 396 1560 Omnia
421 1490 514 1578 piune
539 1512 577 1559 uc
600 1492 705 1558 fecitte
729 1501 858 1577 practer
881 1488 977 1560 verbu
1000 1502 1093 1580 utque
1109 1492 1425 1579 eudem-uliquid,

238 1596 342 1675 unde,
380 1606 556 1684 utcumque
580 1605 719 1663 mentem
750 1614 854 1664 meum
888 1605 1041 1684 torqueo,
1072 1599 1143 1664 unni
1176 1597 1256 1664 nihii
1279 1597 1426 1684 excutpo.

236 1702 320 1784 Quin
344 1701 453 1768 enimi
482 1702 590 1769 eadent
614 1718 717 1789 neque
740 1701 958 1768 Grummnticu
982 1701 1023 1768 ed
1042 1703 1151 1769 uriom
1170 1721 1273 1789 neque
1296 1709 1425 1768 sentcn-

235 1808 282 1873 tin
314 1807 436 1873 adres
470 1805 534 1873 utto
566 1805 660 1873 modo
690 1804 803 1873 reterri
837 1808 925 1874 sinit.
972 1806 1100 1875 Numne
1129 1809 1217 1874 enim
1246 1824 1306 1893 rur?
1332 1800 1357 1897 (i
1392 1825 1423 1874 e.

236 1912 421 1990 incuitutes,
457 1910 617 2001 tortunne)
650 1911 715 1978 dici
747 1920 851 1999 potest
886 1922 944 1979 unt
979 1914 1115 1999 cogitari
1146 1913 1285 1979 ustemru
1302 1904 1426 1999 nuqou

234 2019 361 2106 erripuit
385 2019 406 2086 i.
426 2037 457 2084 e.
480 2038 501 2084 u
522 2036 557 2084 re
577 2018 667 2103 ipso,
691 2020 812 2104 qnippe
834 2036 917 2104 qune
939 2019 1009 2104 ipse
1032 2018 1075 2084 nit
1098 2016 1236 2104 exigunt

282 2122 422 2216 Dubium
455 2132 562 2190 tumen
594 2141 657 2188 nun
686 2131 754 2204 est,
779 2124 858 2208 quin
884 2122 1068 2190 Umbricius
1091 2121 1425 2210 instrunmento

235 2228 362 2315 quidem
376 2226 834 2314 rernteuquotiur'ericcrurcit,
855 2225 970 2293 Comus
981 2229 1121 2315 migrare
1132 2228 1264 2295 decrevi.
1287 2227 1424 2294 Conieci:

303 2353 356 2401 res
379 2332 472 2399 hodie
496 2333 602 2398 minor
624 2341 674 2399 est
699 2331 774 2398 inere
797 2350 894 2418 quum
920 2330 1000 2409 tuit,
1026 2352 1122 2409 trouu
1145 2352 1243 2399 enum
1265 2352 1339 2399 cres

303 2439 428 2506 deteret
450 2438 578 2524 exiguis
599 2436 722 2523 aliquid
745 2446 823 2504 cett.

281 2543 344 2612 Res
376 2543 417 2611 ad
448 2545 548 2610 vitem
586 2543 727 2609 menime
757 2543 974 2616 neuenmrine,
1006 2539 1132 2627 inquit,
1162 2558 1237 2608 nure
1260 2539 1421 2628 pnrandne

235 2648 395 2716 uolentem
421 2647 577 2715 unientem
601 2664 654 2714 mu
677 2655 813 2732 cogent,
837 2654 873 2712 nt
896 2664 970 2712 cres
994 2644 1110 2711 iscium
1134 2644 1219 2731 quod
1243 2643 1336 2711 hodie
1360 2645 1422 2713 ieci

234 2761 267 2820 et
291 2752 379 2829 heri,
413 2753 561 2820 videlicut
587 2759 622 2817 nt
644 2749 771 2817 demam
804 2748 927 2837 aliquid
950 2748 991 2816 ab
1012 2749 1140 2836 exiguis
1158 2767 1242 2835 quoe
1265 2747 1345 2814 mint
1369 2768 1422 2817 re·
1538 2748 1543 2756 '

233 2867 330 2926 stent.
377 2858 459 2927 Num
482 2857 602 2925 emtum
625 2872 687 2922 nun
712 2853 845 2921 didici..

659 2959 727 3027 Set.
751 2957 813 3039 ΙΙΙ,
840 2964 903 3025 tet
928 2978 997 3046 sqq.

437 3068 520 3135 attor
541 3066 628 3134 enim
652 3072 809 3152 quantum
834 3064 868 3129 in
893 3065 1017 3151 tugionu
1039 3062 1163 3130 tribuni

437 3173 618 3258 ucoipiunt,
643 3170 740 3236 donat
762 3166 911 3236 Cuiviuue
934 3168 983 3235 uei
1008 3167 1177 3248 Catienae,

438 3286 475 3343 ut
499 3274 597 3343 semet
620 3282 678 3341 eut
700 3275 817 3341 iterum
843 3292 940 3361 snper
965 3273 1051 3341 iilum
1076 3274 1227 3362 palpitet,
1249 3283 1283 3342 et
1306 3286 1342 3342 tu

311 3366 319 3385 '
413 3366 514 3447 ‘curn
538 3380 595 3446 tibi
620 3399 736 3446 unsrun
760 3379 860 3447 iacies
882 3380 982 3446 scorti
1006 3379 1127 3467 piacet,
1154 3379 1266 3448 haeres

438 3494 472 3552 et
495 3484 623 3551 dubitus
647 3484 710 3551 nitu
734 3484 876 3552 Chionen
900 3484 1059 3552 deducere
1082 3484 1170 3552 sellu.

280 3593 539 3677 iuterpretnntur
561 3588 719 3678 eleganter
741 3591 855 3669 nertin,
875 3589 932 3657 sed
951 3586 1038 3657 nutln
1051 3587 1145 3655 uitato
1159 3588 1237 3669 loun,
1259 3588 1421 3676 quohunc

235 3695 634 3785 praegnantemvooubuii
667 3712 761 3761 usum
786 3701 951 3764 tueantur.
998 3694 1063 3762 Nec
1082 3712 1240 3780 quaereus
1262 3695 1422 3773 invenies,

234 3811 272 3870 ut
294 3803 416 3890 opinor.
453 3799 627 3887 Purticipio
644 3802 809 3866 uertitrue
834 3800 964 3886 regione
988 3800 1160 3888 opponitur
1178 3800 1296 3877 nudus,
1317 3816 1421 3886 neque

234 3915 322 3985 uret,
347 3914 384 3972 nt
413 3904 494 3973 bene
526 3913 697 3972 senserunt
726 3906 937 3991 interpretes,
969 3925 1030 3972 cnr
1055 3903 1133 3970 iliud
1158 3911 1249 3990 poetu
1272 3903 1421 3983 adderet,

235 4012 263 4077 si
294 4010 425 4097 quidem
446 4011 544 4076 ventis
564 4028 621 4095 pen
641 4028 675 4074 se
696 4027 758 4074 non
779 4019 828 4075 eut
860 4009 994 4075 Venerin
1013 4009 1265 4075 irritamentum.
1297 4007 1422 4076 Nudum

234 4123 361 4184 emetur
389 4114 497 4181 mutiet
526 4132 622 4199 quarn
655 4113 738 4179 mate
768 4114 930 4191 uestitum,
965 4111 1100 4180 tortusue
1123 4131 1220 4200 quem
1244 4113 1422 4201 eleganter!

235 4220 282 4289 Ne
305 4219 423 4287 multu:
447 4219 578 4303 scripsit
602 4217 779 4285 luvenalis:

462 4342 536 4389 cunr
557 4323 615 4388 tibi
639 4343 753 4389 nesnnn
777 4323 872 4390 iacies
897 4324 994 4390 scorti
1017 4322 1128 4410 piacet.

227 4412 281 4497 'cn
306 4429 434 4497 cenom
460 4448 532 4515 pag.
560 4433 615 4495 eu.
