3276 5006
424 1251 497 1341 alt
536 1250 789 1341 PLA'lONIS
827 1249 1077 1342 coasilia

544 1590 685 1640 scarrsrr
709 1570 745 1637 0.
770 1570 811 1639 G.
835 1569 954 1637 (torm.

605 1861 894 1898 Qu·-

235 2162 239 2169 .
263 2104 396 2155 Patronus
412 2105 532 2155 conaris.

261 2185 338 2236 edidit
354 2186 384 2235 R
402 2186 431 2236 B.
447 2185 581 2234 Himeram.
617 2183 717 2233 Traiecti
733 2184 763 2232 sd
779 2183 898 2232 Rhenum.
919 2181 990 2235 leit.

206 2399 320 2487 Relegi
342 2421 442 2486 nuper
470 2399 715 2487 diligentissime
740 2399 878 2478 copiae
898 2416 1001 2460 unum
1024 2416 1062 2460 ex
1083 2396 1345 2480 praeclarissimis

159 2503 303 2569 Platonis
324 2504 471 2592 Dialogis
493 2508 525 2569 et
549 2508 736 2590 argumento
758 2508 792 2566 et
812 2502 931 2576 forma,
953 2520 1011 2565 nec
1033 2502 1132 2564 miror
1153 2495 1187 2563 in
1210 2496 1345 2564 Graecia

158 2606 238 2672 olim
260 2608 357 2673 fuisse
378 2609 435 2693 qui
459 2608 599 2688 copton
620 2605 752 2691 reliquis
774 2604 921 2670 omnibus
943 2602 1086 2669 Platonis
1109 2604 1235 2687 scriptis
1256 2606 1343 2667 ante-

158 2717 325 2796 ponerent,
349 2716 386 2776 ut
408 2713 500 2777 testis
523 2716 571 2777 est
593 2709 748 2776 Aristides
769 2707 859 2772 'Pom
883 2706 923 2772 II.
947 2728 1020 2794 pag.
1044 2706 1076 2771 6.
1100 2707 1157 2771 stol
1181 2705 1209 2771 δ’
1233 2700 1260 2770 oi
1282 2708 1343 2769 τῶν

158 2813 323 2886 Πλάτωνος
346 2815 445 2894 λόγων
461 2820 520 2879 τῶν
536 2816 578 2886 εἷς
595 2814 718 2892 μνήμην
736 2812 866 2886 ἡκόντων
885 2811 1009 2883 τούτους
1029 2810 1197 2892 (ceptam)
1215 2807 1342 2887 μάλνςνν

156 2918 372 2998 θαυμάζουσιν.

203 3022 319 3109 Relegi
348 3026 382 3087 et
410 3023 511 3106 ipsius
540 3021 684 3088 Platonis
713 3040 807 3086 causa
836 3027 868 3085 et
898 3020 996 3085 simul
1027 3019 1067 3084 ad
1090 3017 1341 3106 cognoscendum

156 3126 235 3210 quid
259 3146 342 3192 nora
363 3125 461 3192 editio
483 3125 643 3191 attulisset
664 3127 751 3191 boni.

203 3229 348 3296 Plurima
369 3228 438 3303 ridi
462 3248 542 3313 quae
563 3230 647 3294 mihi
669 3230 798 3316 egregie
826 3227 986 3313 placerent
1013 3233 1046 3292 et
1067 3229 1209 3313 impense
1230 3226 1342 3313 proba·

155 3337 280 3409 rentur;
303 3331 409 3398 multa
431 3333 468 3397 dc
490 3331 620 3419 linguae
642 3334 768 3398 Atticae
790 3334 910 3398 ratione
928 3338 961 3397 et
979 3353 1039 3397 usu
1060 3331 1159 3416 deque
1177 3330 1343 3397 Platonico

157 3436 282 3501 dicendi
314 3436 539 3502 consuetudine
570 3435 712 3501 sollerter
741 3439 774 3500 et
795 3441 887 3501 acute
909 3436 1128 3501 animadversa
1135 3455 1144 3513 ;
1166 3434 1272 3501 multa
1293 3437 1341 3500 in·

156 3541 285 3626 geniose
307 3545 339 3604 et
362 3538 498 3604 feliciter
520 3538 700 3615 emendsta3
723 3539 843 3605 multas
861 3538 1036 3605 Socraticas
1052 3539 1342 3625 argumentationes

119 3702 125 3710 .
157 3645 386 3728 circumspecto
408 3642 527 3707 iudicio
550 3641 728 3727 expeditas,
752 3649 784 3708 et
806 3647 991 3728 praesertim
1012 3643 1209 3709 Platonicam
1229 3643 1341 3708 oratio·

156 3765 231 3811 nem
264 3747 384 3830 passim
414 3745 511 3810 fatuis
541 3752 574 3810 et
602 3745 732 3810 insulsis
760 3746 930 3812 sciolorum
960 3748 1184 3812 additamentis
1212 3746 1341 3811 tandem

48 3912 55 3921 ,
156 3853 385 3935 expurgatam,
410 3867 490 3932 quae
511 3846 599 3913 labes
620 3853 654 3912 et
675 3848 919 3935 apud'reliquos
936 3856 1060 3916 veteres
1081 3857 1114 3914 et
1133 3850 1217 3935 apud
1236 3849 1342 3916 Plato

156 3973 231 4040 nem
264 3951 359 4038 louge
392 3951 489 4017 latius
523 3954 636 4036 serpsit
667 3972 763 4036 quam
792 3953 935 4038 plerique
964 3953 1095 4020 lectores
1124 3953 1178 4020 rel
1206 3953 1342 4020 editores

157 4058 335 4140 opinantur.

201 4159 313 4245 ltaque
345 4161 416 4245 cepi
450 4158 619 4225 consilium
653 4159 711 4225 illa
743 4180 824 4245 quas
856 4162 940 4226 mihi
969 4164 1110 4229 maxime
1139 4165 1172 4227 vi
1202 4167 1343 4247 repertae

156 4266 302 4329 raritatis
333 4264 490 4329 feriissent
519 4266 665 4329 animum
695 4286 734 4329 ex
763 4267 894 4329 caeteris
917 4286 1079 4350 excerpere
1101 4272 1134 4331 et
1156 4286 1229 4331 cum
1252 4265 1342 4331 Mne·

157 4386 306 4452 mosynes
328 4366 499 4432 lectoribus
527 4370 778 4444 communicare,
809 4389 870 4453 quo
901 4368 1006 4451 plures
1038 4369 1204 4452 adipeam
1225 4389 1342 4434 novam

1202 4475 1217 4520 e
