3244 5012
677 298 849 346 donemus.
1294 272 1359 337 tte

163 473 284 540 'lamen
318 474 393 557 quia
425 475 614 559 praepositio
649 467 738 533 nullo
768 471 860 553 paeto
892 467 1022 533 retineri
1052 470 1156 551 potest
1187 463 1352 530 Bekkerus

163 581 303 664 scripsit:

343 687 445 749 Ἑοῑνον
467 684 716 759 Ἑοννοχοεῦντες,

164 788 219 854 sed
248 787 389 854 faciliore
417 788 547 874 negotio
577 787 681 851 sanari
710 780 834 848 malum
862 783 908 846 sie
930 784 1034 865 potest
1057 786 1095 845 ut
1115 801 1225 846 uersus
1247 779 1353 846 multo

164 891 359 957 modulatior
381 896 489 966 exeat,
513 908 645 975 nempe:

343 1004 442 1062 Foisov
466 994 715 1076 ἒνοννοχοεῦντες.

164 1106 202 1164 ut
231 1098 361 1164 literula
390 1100 463 1165 edo
485 1120 573 1165 more
595 1099 630 1163 τὸ
649 1098 800 1176 §trappa
823 1097 1005 1184 praecedet,
1031 1102 1068 1161 ut
1090 1098 1124 1160 in
1147 1092 1350 1175 ἕνελδόμὲνον,

163 1202 372 1283 ἐνενσοὶμενος,
396 1207 469 1269 sim.

211 1307 248 1373 Si
270 1308 354 1394 quod
376 1314 424 1373 est
446 1308 640 1374 vocabulum
661 1306 850 1374 Homericae
873 1307 1019 1394 linguae,
1043 1310 1078 1371 in
1101 1327 1163 1391 quo
1182 1327 1277 1372 nemo
1297 1307 1353 1372 du-

164 1415 248 1479 bitat
281 1413 317 1478 τὸ
352 1414 504 1492 δίνομμνν
537 1415 656 1491 inesse,
695 1413 834 1499 profecto
864 1420 965 1484 Ἐοῖνος
1001 1412 1035 1476 id
1067 1417 1124 1476 est.
1172 1409 1238 1477 Sua
1267 1414 1354 1477 enim

164 1520 297 1603 quisque
325 1518 439 1605 lingua
467 1517 638 1584 vernacula
665 1517 755 1584 illius
785 1515 933 1583 literulae
964 1516 997 1580 in
1028 1517 1087 1582 hoe
1108 1517 1236 1582 nomine
1258 1537 1354 1582 usum

164 1625 290 1689 retinet.
325 1625 369 1688 At
390 1622 445 1689 vel
467 1625 513 1688 sie
536 1628 644 1689 temen
666 1625 701 1686 in
722 1623 780 1688 illo
802 1628 959 1708 peccatur.
994 1619 1085 1686 Iliad.
1111 1629 1149 1685 H.
1175 1618 1250 1687 472.

301 1728 379 1793 ἐνθεν
403 1726 451 1809 ἄρ’
474 1726 612 1808 οἰνίζοντο
636 1728 711 1809 κάρον
736 1728 904 1806 κομόωντες
928 1728 1073 1807 Ἀχοινοί.

166 1854 230 1899 non
247 1838 296 1900 est
315 1837 423 1898 tamen
442 1832 511 1898 ulla
533 1833 692 1898 dubitatio
719 1835 796 1919 quin
814 1852 926 1899 vemm
949 1834 993 1896 sit
1009 1829 1203 1912 Ἑοννίζεσνννν.
1240 1831 1357 1912 Quam·

166 1959 263 2023 quam
290 1942 324 2003 in
346 1960 380 2004 re
404 1945 489 2003 serta
511 1939 646 2004 testibus
669 1959 732 2004 non
756 1943 804 2025 est
826 1958 920 2022 opus,
946 1957 1048 2001 unum
1070 1942 1178 2001 tamen
1202 1937 1356 2003 disertum

165 2045 356 2129 producam,
382 2052 421 2109 Θ.
447 2042 523 2109 506.

447 2155 534 2214 οοῖνον
554 2150 586 2214 δὲ
608 2149 782 2231 μελίφρονα
805 2146 973 2229 νοννίζεοθε.

166 2254 251 2340 quod
272 2275 335 2320 non
358 2254 467 2318 minus
486 2258 534 2319 eet
556 2254 684 2321 evidens
702 2254 858 2319 indicium
876 2273 973 2338 quem
991 2254 1024 2315 in
1044 2252 1225 2319 admirabili
1241 2274 1353 2321 versu:

302 2356 357 2425 ὧδέ
380 2359 441 2442 σφ’.
462 2358 640 2440 ἐγκέφαλος
663 2358 807 2439 χονμοὶδνς
830 2359 887 2441 ῥέον
909 2360 947 2431 ὡς
970 2352 1021 2421 ὅδε
1043 2366 1151 2430 ruisse.

167 2463 251 2544 Quid
280 2466 383 2551 igitur
411 2462 586 2531 faciemus?
619 2460 751 2552 Oogites
780 2463 819 2531 de
849 2463 1044 2529 eliminanda
1065 2462 1222 2547 portieula
1244 2461 1294 2542 ἄρ’
1317 2467 1354 2527 ut

165 2566 293 2654 legatur
321 2567 401 2633 ἔνθεν
429 2569 601 2650 retulisses,
632 2569 686 2634 sed
716 2589 817 2654 neque
846 2588 960 2634 suaves
990 2572 1064 2631 sunt
1091 2567 1127 2631 hi
1148 2570 1273 2632 numeri
1295 2589 1352 2633 nee

165 2670 200 2736 τὸ
223 2670 388 2736 ἀσύνδετον
409 2678 494 2738 reete
516 2672 622 2738 babet.
655 2673 741 2758 Ergo
764 2671 1025 2738 emendabimus:

301 2774 358 2841 ἔνθ’
381 2774 443 2856 ἄρον
465 2775 636 2858 οοννίζοντο.
1021 2770 1025 2773 ’
1262 2836 1268 2849 .

165 2887 204 2948 ut
222 2881 307 2968 apud
325 2880 505 2949 Homerum
523 2879 579 2946 er
598 2880 659 2962 spe
679 2883 886 2947 tritissimum
906 2886 971 2948 est:
989 2900 1090 2967 neque
1109 2881 1186 2948 odeo
1205 2881 1353 2949 adverbio

166 2984 245 3051 ἔνθεν
276 3008 360 3053 nune
390 2992 438 3053 est
467 2987 565 3054 loeus.
601 2987 709 3068 Quum
739 2989 916 3072 antiquitus
946 2984 1353 3070 οοοοοέν1’ν1οοο1ν1ζοντν

165 3091 375 3159 intolerabilis
392 3093 565 3173 χοσμοδίν
587 3093 716 3158 induxit
738 3091 879 3177 aliquem
902 3096 939 3157 ut
960 3091 1130 3180 vulgatam
1153 3100 1355 3179 supponeret.

211 3197 333 3264 Eadem
355 3219 449 3284 opera
471 3219 518 3264 vs.
544 3196 620 3263 467.

303 3313 369 3380 νῆες
394 3304 420 3369 δ’
443 3306 479 3369 ἐκ
501 3304 635 3380 Λήμνοιο
658 3301 855 3385 ποορέςΑΟονν
877 3297 950 3368 οἶνον
972 3300 1125 3383 elyseum.

166 3411 298 3475 restitue
330 3408 466 3477 Homeri
495 3408 644 3497 linguam
673 3408 853 3474 scribendo:
886 3407 1047 3488 ποιοέςΑΝ
1078 3415 1179 3476 Ἑοῖνον
1209 3407 1355 3488 ἄνουσοι.

166 3508 273 3579 Neues
301 3518 378 3580 vino
402 3520 532 3582 onustae
554 3535 617 3579 non
639 3516 833 3598 appetem,
853 3513 909 3579 sed
929 3513 986 3579 illo
1008 3515 1077 3598 ipso
1100 3518 1243 3599 tempore
1265 3536 1356 3599 appe·

167 3620 284 3685 leant:
309 3637 376 3685 ruas
398 3638 480 3686 tneo
507 3620 579 3707 (er
603 3618 679 3704 ἄρον)
704 3623 894 3684 concurrunt
916 3638 1026 3684 omnes
1047 3619 1161 3685 viuum
1184 3621 1313 3685 emturi.

212 3829 259 3895 Ut
285 3833 319 3895 in
350 3828 500 3911 ἕνῳνοχόεν
524 3829 609 3896 male
632 3829 730 3917 longa
752 3828 871 3896 vocalis
893 3831 1010 3914 seripts
1032 3834 1080 3894 est
1098 3848 1154 3914 pro
1178 3830 1283 3909 brevi,
1308 3834 1354 3897 sie

166 3941 199 4002 et
222 3937 256 4000 in
278 3932 400 4016 νῴκεον.

211 4063 231 4106 ν.
256 4039 334 4105 200.
356 4036 439 4119 selues
462 4038 526 4118 γὰρ
550 4037 580 4101 ἐν
603 4035 696 4102 ἄλσεϊ
718 4038 901 4119 desipimus.

212 4154 245 4213 Ξ.
272 4143 347 4209 110.
370 4143 473 4227 reluces
496 4144 523 4209 δ’
546 4145 577 4207 ἐν
601 4147 770 4224 Πλευρῶνι.

212 4245 247 4318 Υ.
273 4249 349 4316 218.
375 4251 523 4333 ὑπωρείοις
547 4250 648 4331 νῴκεον
672 4250 880 4321 solvebatis
901 4249 1001 4325 Ἴδης.

210 4385 231 4424 ν.
257 4356 333 4422 400.
355 4356 457 4437 edaces
481 4358 511 4420 ἐν
534 4357 702 4431 sensissem.
