3254 5034
277 265 315 326 tt
776 278 978 325 ursorum

280 453 371 513 utet
401 445 489 514 iliad.
514 456 547 518 Ξ.
576 450 640 514 1911

418 553 637 633 δάμναται
661 553 833 629 άάανάτονς
858 553 908 632 ᾗδὲ
932 552 1053 627 θνητοὺς
1073 550 1255 632 άνάράπσνσ.

326 657 437 726 Soteut
456 658 582 725 scribae
602 658 723 726 turonas
743 669 867 727 ueteres
883 660 1076 739 δάμνασθαι,
1093 657 1266 736 κίρνασθαι,
1287 656 1481 734 sineatur,

280 764 327 829 nti
353 773 386 830 et
405 766 572 846 πρίσσάαι,
594 766 764 847 κίχρασθαι
783 776 816 832 et
839 767 912 833 sim.
937 773 1072 829 aeaentn
1094 763 1209 828 titiam
1226 764 1380 843 πριάσθαι
1401 765 1480 829 scri·

282 868 396 937 tentes
427 879 460 937 et
490 873 660 953 ιιιχρῖισδαι
683 882 713 939 et
747 872 935 952 δαμνῖισδαι.
986 869 1043 936 Ubi
1073 866 1174 934 semel
1204 866 1484 946 emendaverisri

280 980 335 1041 τοῦ
368 975 576 1056 δάμναται
608 978 751 1054 άπονιοπή
783 997 840 1064 nro
864 978 979 1042 vitioso
1000 976 1178 1055 δσμνάται,
1203 974 1328 1061 reliqua
1361 983 1485 1062 sponte

282 1091 477 1166 sequuntur.
509 1082 678 1149 Caeterum
698 1083 879 1149 rectissime
896 1082 1057 1148 Porsonus
1075 1081 1201 1147 monuit
1218 1079 1350 1159 δαμνάιο
1371 1080 1485 1159 δαμνᾶ

282 1205 443 1272 nusquam
467 1186 553 1273 apud
579 1195 706 1275 poetam
734 1208 925 1266 occurrere,
955 1186 1012 1254 sed
1035 1196 1091 1253 aut
1113 1185 1252 1266 δάμννμι
1273 1194 1331 1251 aut
1352 1185 1484 1265 δάμνα-

280 1316 360 1372 μαι,
384 1296 479 1359 ouius
500 1293 588 1360 verbi
606 1298 751 1381 futurum
773 1293 861 1373 δαμῶ
882 1295 1002 1374 δαμάιν,
1024 1294 1113 1379 δαμᾷ
1133 1291 1247 1377 δαμάᾳ
1266 1300 1299 1358 et
1318 1290 1484 1371 δαμόωσιν

280 1398 366 1463 notis
390 1398 475 1486 apud
496 1398 670 1467 Homerum
695 1399 775 1467 loeis
796 1398 927 1485 tegitur.

326 1579 373 1646 tt
399 1578 513 1670 θάνοι.
538 1593 579 1650 Λ.
610 1585 669 1649 321
708 1590 864 1650 narratur
897 1579 1040 1648 Phaedre
1067 1580 1274 1662 spirensis
1304 1580 1484 1659 διαβαλεῖν

279 1689 319 1762 ὥς
342 1689 528 1755 Ἱππολύτου
561 1690 769 1762 πείθοντος
791 1691 908 1767 αὐτήν,
942 1688 1008 1753 imo
1036 1706 1112 1752 vero
1134 1694 1307 1769 πειρῶντος,
1338 1685 1400 1752 sed
1435 1686 1482 1751 ui·

279 1790 399 1857 deutur
418 1795 586 1879 sequiores
606 1805 747 1861 veterem
772 1795 860 1861 uerbi
885 1798 992 1877 πειράν
1014 1794 1175 1858 notionem
1196 1792 1366 1869 aurisisse,
1390 1790 1483 1857 unde

281 1897 386 1963 crebri
412 1917 540 1965 errores
563 1902 643 1965 nati.

329 2077 447 2146 Notum
470 2089 520 2145 est
541 2099 637 2167 quam
662 2079 756 2147 iooiie
779 2089 810 2147 et
830 2101 927 2167 quam
950 2101 1044 2167 saepe
1063 2088 1175 2146 eontra
1199 2078 1260 2144 loci
1277 2078 1482 2145 sententiam

280 2183 367 2251 νατά
392 2193 425 2251 et
447 2186 536 2266 μετά
563 2186 650 2253 ἰνίον
679 2208 713 2254 se
746 2194 874 2254 mutent
897 2186 1015 2254 tooum.
1062 2185 1194 2252 Memini
1217 2205 1269 2251 me
1299 2184 1346 2251 vet
1372 2210 1484 2265 μετα-

281 2291 462 2358 δοιιλοῦσθαι
491 2289 598 2378 legere
632 2312 690 2379 pro
720 2295 993 2360 καταδουλοῦσθαι.
1040 2291 1121 2359 vide
1156 2312 1242 2358 nune
1274 2289 1353 2356 nitri
1388 2289 1482 2378 quod

280 2396 438 2484 seriptum
464 2407 514 2463 est
536 2397 569 2463 iu
593 2396 722 2466 Sohotio
746 2398 784 2465 ad
807 2397 922 2488 Odyss.
948 2411 991 2467 Λ.
1016 2402 1081 2464 322
1106 2418 1178 2484 pag.
1206 2401 1292 2475 506,
1321 2399 1362 2461 10
1387 2395 1480 2484 apud

280 2500 500 2570 Diudurfiutn:
531 2505 737 2586 προσορμίσας
761 2505 792 2571 δὲ
824 2515 864 2589 τῇ
896 2505 960 2587 uto
984 2505 1062 2587 νήσῳ
1090 2504 1190 2584 ἐκβάς
1213 2502 1263 2569 ε’πδ
1291 2511 1347 2578 τῆς
1379 2503 1480 2580 stum

279 2609 565 2689 μετακοιμοῖσοιιι.
614 2609 704 2691 Quod
729 2630 806 2676 rare
839 2610 963 2677 Lexicis
987 2612 1132 2688 inseras,
1166 2608 1250 2676 unde
1277 2607 1370 2696 ptura
1395 2608 1480 2674 uitio

282 2723 360 2781 nata
381 2713 566 2802 expellenda
591 2735 662 2782 esse
686 2716 778 2782 video
802 2734 900 2804 quarn
928 2735 1006 2782 noua
1030 2736 1199 2804 superesse
1222 2712 1381 2781 addenda.

326 2892 597 2984 mmmm

467 2995 499 3075 ἦέ
523 3001 559 3067 σέ
582 3002 618 3081 μ’
638 3003 670 3067 ἐν
690 3005 793 3080 νάεσσι
814 3000 988 3071 Ποσειδάων
1007 3002 1207 3083 ἐδάμασσεν,

329 3104 496 3174 Scholion:
520 3109 547 3174 οἱ
571 3108 605 3184 rit
624 3109 804 3176 άάετοῦνται
829 3109 882 3176 ὑπ’
908 3108 1128 3192 Ἀριςοφάνονς
1150 3112 1190 3182 ὡς
1218 3107 1282 3174 άπὸ
1309 3114 1369 3175 τῶν
1391 3109 1477 3191 rion-

282 3213 415 3293 σομένων
437 3213 687 3297 μετενεχθέντος.

328 3319 513 3386 Porsonus:
545 3322 571 3386 οι·
594 3320 641 3407 ἦέ)
672 3320 707 3386 id
738 3330 783 3388 ert
813 3342 922 3388 uersus
952 3321 992 3387 ob
1015 3320 1048 3398 ἦέ
1074 3320 1265 3407 incipientes.
1314 3318 1394 3401 Quis
1426 3322 1477 3388 sie

282 3423 450 3513 loquitur?
487 3423 598 3491 Soritte
622 3426 684 3493 oti
710 3427 829 3517 (πέντε)
852 3430 1050 3504 άοετοῦνται,
1073 3445 1189 3514 nempe
1207 3446 1255 3492 vs.
1280 3429 1475 3495 sua-too.

330 3620 562 3689 Diffieittimum
586 3642 681 3711 saepe
710 3631 759 3690 est
782 3624 1006 3691 annotationes
1030 3623 1062 3689 iu
1087 3621 1243 3689 librorum
1270 3623 1476 3710 marginibus

282 3727 463 3815 adscriptas
486 3736 518 3795 et
544 3728 630 3796 uuita
655 3737 729 3795 nota
753 3728 924 3796 distinctas
943 3728 982 3795 ad
1004 3748 1100 3816 quem
1125 3748 1272 3815 quaeque
1292 3729 1398 3796 torum
1424 3751 1474 3800 re·

284 3833 413 3901 ferenda
439 3836 481 3901 sit
505 3833 629 3922 liquido
658 3832 804 3901 definire.
854 3832 946 3922 Apud
974 3832 1174 3900 Itiudortium
1200 3855 1230 3922 p.
1260 3841 1323 3902 ott
1347 3845 1379 3902 et
1405 3841 1473 3903 oto

282 3958 321 4006 ex
341 3939 462 4024 optimo
492 3938 607 4009 Codioe
640 3940 809 4007 Harteiouo
834 3949 901 4007 tres
932 3939 1083 4007 teruntur
1106 3940 1245 4026 optimae
1279 3950 1372 4008 notae
1401 3942 1472 4008 utri·

280 4044 404 4113 starchi
428 4054 460 4111 et
483 4047 709 4135 Aristophanis
732 4050 958 4113 annotationes
980 4044 1061 4114 hae:

314 4150 339 4217 Ι.
385 4149 567 4217 russonum
590 4155 676 4235 παρά
701 4153 916 4237 ἈριςοΦάνει.

295 4255 335 4322 tt.
383 4255 448 4321 ortt
473 4251 551 4324 οὗτοι
575 4259 717 4343 ἐφέροντο
741 4261 772 4326 ἐν
788 4269 851 4334 τοῖς
875 4258 1033 4337 attolens,
1058 4258 1096 4332 ὡς
1115 4256 1292 4339 μαχόμενοι
1314 4266 1379 4332 τοῖς
1399 4281 1471 4339 προ·

382 4359 547 4441 νειμάνοιε.
