3254 5034
265 342 309 407 at
808 356 909 405 vanis.

266 540 342 598 tate.
381 526 465 611 Quid
491 524 650 593 attinebat
673 544 772 591 unum
797 526 967 593 Lentulum
996 524 1173 602 nominare,
1196 525 1291 590 cuius
1311 522 1389 590 adeo
1403 525 1451 589 in·

263 636 382 703 tantiae
406 632 560 701 Gabinius
580 651 732 697 cessurus
751 630 882 709 inisset,
904 633 966 698 nisi
988 632 1116 717 Pompei
1139 630 1253 718 opibus
1276 632 1450 708 niteretur,

263 764 337 809 cunr
369 752 552 807 ceterorum
586 738 735 805 facundia
761 758 815 804 reo
840 737 939 804 nihilo
964 741 1067 824 magis
1091 735 1297 802 formidolosa
1321 736 1449 804 fuisset.

263 849 344 914 Tum
378 867 453 914 reus
485 848 579 911 cuius
610 845 699 909 salus
728 845 820 909 unice
844 864 882 909 ex
909 845 1124 930 potentiorum
1149 843 1269 908 auxilio
1295 843 1450 928 pendeat,

263 956 290 1020 si
312 953 343 1019 id
363 952 460 1029 desit,
480 972 540 1018 non
563 950 641 1017 solet
654 959 822 1035 expectare
835 948 991 1015 iudicium
1006 957 1037 1015 et
1050 958 1277 1014 accusatorum
1290 951 1453 1016 orationes

262 1059 380 1147 quihus
395 1079 456 1125 uon
470 1059 512 1124 sit
523 1076 737 1144 responsurus
750 1065 858 1141 atque,
873 1065 1038 1143 postquam
1054 1056 1196 1121 inimicis
1208 1075 1243 1120 os
1256 1055 1453 1141 praebuerit,

266 1166 404 1251 turpiter
437 1183 474 1229 ac
507 1162 642 1229 ridicule
667 1182 704 1227 ex
729 1162 831 1227 oculis
857 1162 1000 1228 iudicum
1026 1181 1059 1227 se
1084 1163 1264 1248 proripere,
1297 1159 1454 1227 sedante

265 1271 421 1337 iudicium
463 1269 545 1335 clam
587 1267 747 1354 proticisci
784 1273 827 1333 et*
848 1267 950 1333 solum
983 1276 1119 1334 vertere.
1184 1267 1351 1333 Praeterea
1383 1267 1455 1353 ipsa

263 1377 366 1441 oratio
394 1375 538 1442 fraudem
572 1394 708 1460 arguere
743 1374 879 1440 virletur.
928 1372 1007 1439 Nam
1039 1375 1093 1459 qui
1126 1371 1206 1439 dicit
1237 1370 1309 1437 illo
1333 1392 1454 1438 accu-

264 1490 403 1548 satore
439 1479 597 1567 illoque
628 1478 811 1545 consilio
846 1480 872 1543 is
901 1488 1121 1546 occursatorem
1147 1488 1179 1545 et
1203 1478 1374 1546 consilium
1400 1479 1454 1546 de·

264 1589 370 1673 signat
396 1586 548 1674 temporis
571 1587 615 1651 rei
640 1595 730 1651 actae
751 1586 923 1651 notatione.
973 1585 1133 1650 Portemus
1153 1603 1283 1650 causam
1305 1584 1456 1651 Gabinia·

264 1714 339 1760 narn
362 1694 465 1780 pridie
483 1701 587 1757 actam
608 1711 678 1757 esse
698 1711 795 1777 quam
815 1691 891 1756 baec
912 1690 1045 1775 epistola
1065 1692 1186 1777 scripta
1206 1692 1266 1769 sit,
1293 1691 1368 1758 ille
1393 1713 1455 1759 ac·

264 1810 453 1888 cusator,
478 1797 582 1863 illud
609 1796 852 1870 consilium,
877 1794 1072 1881 significabit
1096 1794 1178 1862 iere:
1202 1807 1373 1864 accusator
1398 1799 1452 1863 iu-

264 1904 414 1990 dicesque
427 1903 537 1990 quales
551 1901 811 1969 lterihabuimus.
826 1901 991 1968 Eiusmodi
1002 1909 1108 1967 autern
1119 1901 1273 1968 indicatio
1282 1903 1450 1969 hominurn

264 2029 440 2096 rerumque
464 2007 625 2094 generalis
648 2018 697 2074 est
721 2027 825 2094 neque
850 2007 954 2073 locum
980 2005 1076 2073 babet
1100 2008 1126 2072 si
1153 2008 1219 2094 ipsa
1245 2010 1375 2075 nomina
1395 2030 1452 2096 po·

264 2118 326 2183 sita
370 2123 457 2181 sunt.
508 2114 594 2199 Ergo
627 2114 707 2201 ipsi
755 2112 930 2179 Lentulo
973 2111 1165 2199 interpolata
1199 2123 1286 2182 sont.
1337 2115 1454 2183 intulit

265 2242 302 2288 ea
334 2241 394 2287 non
429 2220 581 2286 librarius
610 2240 647 2286 ex
672 2220 818 2303 margine
843 2238 899 2304 per
921 2237 1082 2296 errorem,
1107 2219 1161 2294 sed
1184 2220 1331 2288 consulto
1356 2221 1452 2288 bomo

266 2327 398 2403 doctus,
438 2327 493 2410 qui
535 2345 608 2390 cum
651 2326 790 2391 nesciret
822 2324 899 2411 quid
932 2343 1006 2390 non
1032 2323 1289 2411 respondere
1325 2346 1382 2413 per
1416 2349 1454 2394 se

265 2434 404 2519 posituro
430 2431 645 2517 signiticaret,
671 2440 817 2498 censeret
841 2432 1017 2497 orationem
1044 2430 1145 2495 blare.
1163 2431 1267 2497 -lle
1292 2433 1453 2519 principio

266 2539 363 2604 huius
403 2538 462 2603 loci
499 2537 577 2623 quid
620 2539 663 2603 sit
697 2536 900 2604 sentiendum
940 2535 1062 2602 dubito.
1120 2533 1200 2601 Nam
1233 2538 1380 2623 suspicor
1412 2559 1453 2605 ue

266 2643 309 2710 ibi
330 2643 459 2729 quidem
484 2662 599 2708 nomen
626 2642 750 2709 Lentuli
776 2664 793 2709 a
819 2642 974 2709 Cicerone
997 2642 1137 2727 positum
1162 2663 1242 2709 esse.
1268 2643 1337 2725 Qua
1361 2647 1393 2709 in
1415 2666 1453 2711 re

266 2747 440 2833 tenendum
477 2757 523 2813 est
562 2746 717 2828 Quintum
754 2748 793 2814 de
828 2747 1071 2814 accusatoribus
1105 2747 1231 2814 Gabinii
1262 2769 1300 2814 ex
1332 2749 1453 2816 litteris

265 2854 376 2921 fratris
394 2862 519 2919 certum
536 2874 605 2920 esse
623 2855 686 2943 (ep.
705 2860 725 2920 2
742 2864 774 2922 et
792 2855 825 2942 3)
845 2857 973 2940 lamque
985 2856 1107 2920 exitum
1133 2851 1246 2919 iudicii
1270 2864 1451 2943 expectare.

264 2959 342 3027 Mihi
362 2959 491 3047 quidem
507 2958 684 3046 elegantior
708 2961 835 3027 videtur
856 2980 892 3025 ea
917 2960 1034 3026 cretio:
1060 2959 1233 3027 Omnino
1252 2960 1360 3026 nihil
1383 2971 1455 3027 illo

265 3074 516 3132 accusatore
547 3065 753 3155 [bertulo]
789 3064 1244 3152 subscriptoribusque
1274 3068 1364 3132 eius
1394 3067 1452 3133 in·

264 3172 441 3250 lautius,
467 3170 573 3237 nibil
600 3171 672 3236 illo
696 3170 875 3238 consilio
898 3170 1132 3248 sordidius,
1156 3210 1201 3221 -
1225 3173 1292 3258 qui
1315 3181 1451 3239 tamen

266 3276 339 3342 illo
379 3286 628 3344 accusatore
665 3276 822 3365 illoque
858 3277 1038 3342 consilio
1073 3314 1118 3327 -
1150 3276 1452 3345 condemnatus

264 3384 341 3461 sit,
374 3402 469 3469 quam
502 3403 538 3449 ea
564 3403 645 3471 qnae
670 3404 755 3450 nunc
780 3382 875 3468 vulgo
899 3383 1097 3469 proponitur.
1145 3382 1265 3469 Verum
1292 3393 1452 3470 quantum

263 3489 441 3573 elegantiae
467 3486 655 3575 decorisque
679 3490 788 3555 sensui
814 3492 844 3553 in
871 3509 905 3555 re
928 3490 1044 3555 critica
1067 3488 1210 3556 tribuere
1236 3488 1311 3556 velit
1336 3510 1393 3577 pro
1415 3511 1454 3558 se

262 3596 401 3681 quisque
436 3593 542 3661 videat
569 3603 601 3661 et
630 3593 799 3673 decernat,
824 3605 920 3681 atque
945 3597 979 3661 in
999 3614 1037 3660 ea
1062 3615 1095 3662 re
1120 3598 1310 3682 praesertim
1334 3595 1454 3663 leuiter

264 3699 345 3768 ierat
377 3709 559 3767 ceterorum
590 3699 784 3769 dissensum.

308 3911 354 3979 dd
379 3911 470 3978 Fam.
494 3910 553 3979 IX.
579 3912 639 3999 Ep.
666 3917 729 3994 22,
755 3917 786 3979 2.

307 4017 394 4085 Satis
417 4025 542 4083 constat
567 4016 651 4104 apud
677 4019 877 4103 antiquiores
897 4018 1349 4110 pronominisillesyllabam
1364 4023 1451 4109 prio-

262 4144 331 4190 rem
352 4123 465 4188 crebro
484 4124 515 4188 iu
535 4126 678 4189 carmine
698 4134 753 4189 aut
775 4125 896 4191 nullam
915 4145 984 4190 esse
1003 4134 1059 4191 aut
1078 4146 1147 4192 esse
1169 4146 1225 4212 pro
1239 4126 1338 4193 brevi.
1364 4128 1398 4194 ln
1413 4147 1450 4194 ea

262 4248 359 4295 causa
374 4228 515 4293 nondum
527 4227 589 4293 ridi
599 4250 792 4317 quemquam
805 4251 900 4296 usnm
911 4252 980 4297 esse
989 4232 1151 4298 Ciceronis
1161 4234 1355 4306 testimonio.
1365 4233 1451 4300 unde

265 4333 456 4419 intelligitur
479 4336 575 4400 ctiam
601 4337 654 4401 illo
676 4347 817 4423 tempore
837 4338 868 4401 in
890 4357 944 4403 ore
964 4338 1108 4403 Rorrrano
1130 4347 1195 4403 tam
1211 4337 1338 4406 brevem
1352 4339 1450 4406 inisse

264 4439 438 4530 syllabam,
465 4449 500 4507 ut
521 4442 662 4507 incertis
675 4442 787 4508 saltem
802 4442 983 4508 litterarum
998 4443 1280 4511 coniunctionibus
1293 4447 1346 4512 vix
1359 4446 1450 4513 audi-
