3340 5014
606 332 616 357 ἱ
657 383 696 430 ao
722 382 924 430 raucrororrr.
1325 368 1387 430 rat

195 551 310 638 optimo
337 570 458 638 quoqne
482 551 650 639 scriptore.
676 591 721 603 —
746 554 865 618 Vernm
895 549 987 638 longe
1011 549 1098 618 atiud
1117 551 1195 639 quid
1218 550 1250 617 ir.
1272 551 1294 618 Ι.
1317 571 1388 640 pec·

195 665 304 723 catum
337 665 382 722 est
409 677 428 722 a
452 656 578 723 scriiris.
627 658 705 724 Nam
732 657 939 747 Thucydides
964 656 1048 724 haud
1074 657 1170 724 dubie
1194 657 1386 745 scripserat:

195 764 325 837 desinam
356 761 477 851 δ’(οὖκ)
510 763 758 843 descernimus
783 770 836 831 τοῦ
868 764 957 845 ἔργον
990 761 1113 836 adurere
1142 761 1182 830 rin
1204 762 1276 844 πρὸς
1300 766 1388 847 σφοῖς

195 869 379 953 σρὲπεσοοιο,
403 888 485 956 quae
509 868 692 937 emendatio
716 870 902 959 pienissirne
924 869 1137 936 continuatur
1167 868 1208 935 iis
1236 888 1319 955 quae
1347 869 1388 934 ie·

196 986 320 1062 guntur
345 975 376 1040 in
402 974 507 1059 capite
528 977 686 1062 sequenti.
736 976 872 1063 iusuper
892 977 923 1041 in
946 976 1092 1063 proxime
1114 977 1311 1062 praegressis
1331 995 1388 1062 pro

197 1081 286 1163 μέρος
317 1081 595 1160 duracensem
627 1083 741 1150 σῦσοὶ
764 1090 820 1158 τῆς
844 1086 974 1163 caetrae
999 1081 1116 1168 partim
1143 1101 1217 1147 curn
1243 1081 1390 1167 Kriigero

199 1188 316 1275 partim
340 1206 414 1252 cum
443 1187 588 1254 Bekkero
608 1189 769 1275 corrigam
789 1187 1123 1268 drascrrdncrrr
1144 1188 1297 1264 οὖσοῑς.
1328 1187 1391 1254 Res

198 1294 284 1360 caim
318 1293 365 1358 sic
388 1312 424 1358 se
448 1292 558 1358 irabet:
591 1293 754 1360 iudicabat
781 1294 1023 1372 Hermocratos,
1049 1314 1112 1360 aon
1136 1293 1197 1359 nisi
1222 1294 1389 1382 copiarum

200 1406 324 1485 partem
343 1408 455 1464 contra
476 1397 705 1478 Athenienses,
726 1400 832 1486 operis
847 1403 915 1466 suis
928 1409 1176 1479 succurrentes,
1198 1399 1390 1468 mittendam

199 1526 285 1582 esse,
307 1511 340 1571 et
364 1524 455 1591 posse
478 1523 512 1570 se
538 1503 651 1572 irorunr
677 1527 736 1592 ope
759 1525 996 1593 praeoccupare
1019 1504 1128 1572 aditus
1149 1504 1302 1592 raiiisque
1323 1528 1392 1574 ruu-

201 1612 282 1677 uire.
329 1610 404 1677 litos
435 1631 509 1677 rero
540 1631 619 1688 non,
648 1611 840 1678 desistentes
865 1610 904 1676 ab
928 1631 1043 1699 opere,
1071 1604 1223 1678 universo
1244 1613 1390 1680 exercitu

201 1734 276 1783 suos
298 1715 469 1783 adorturos
492 1737 578 1791 esse:
608 1717 630 1782 i.
654 1736 682 1783 e.
704 1717 866 1804 probabile
885 1716 1392 1785 carroidcriamcardtdeciecrer

200 1832 372 1890 cessaturos
404 1844 470 1889 asse
490 1823 530 1891 ad
553 1844 659 1910 opere,
683 1833 716 1888 nt
739 1824 894 1889 uniuersis
913 1823 1010 1911 copiis
1032 1823 1231 1891 adorirentur
1254 1824 1391 1911 Syracu·

200 1951 301 1996 sanor.
327 1929 436 2015 Neque
459 1929 608 2015 opinione
629 1926 745 1996 iaisuar
767 1929 866 1996 inisse
887 1931 1147 2009 Hermocraten,
1172 1931 1288 2017 doceat
1308 1951 1391 2018 quae

201 2044 377 2103 narrantur
396 2036 501 2122 capite
524 2035 684 2122 sequenti.

247 2251 329 2317 Lram
363 2248 420 2315 Vii
443 2268 514 2334 cap.
549 2251 592 2314 28
625 2266 720 2333 prope
757 2246 872 2314 tinem:
908 2248 961 2315 νοοὶ
984 2249 1040 2324 rin
1063 2251 1180 2327 sirtarim
1203 2250 1262 2318 ὑπὸ
1284 2255 1393 2319 σοῦσον

199 2358 252 2425 σὸν
274 2356 382 2441 χρόνον
404 2361 463 2420 τῶν
486 2353 572 2420 κοντοὶ
596 2352 759 2419 θοὶλοοσσοον
782 2354 852 2420 ἀντὶ
876 2359 930 2420 σοῦ
953 2353 1047 2437 Φόρου
1069 2365 1133 2431 τοῖς
1157 2355 1392 2434 decederedeced-

201 2487 311 2542 ησσον.
359 2461 449 2528 snm
473 2458 569 2526 Tduc.
594 2479 626 2546 p.
654 2464 714 2526 roo
734 2459 901 2526 emendari
919 2460 1137 2540 ἐπέθεσαν,
1155 2462 1238 2549 quod
1260 2461 1393 2529 latuisse

201 2569 330 2636 ridetur
353 2565 551 2635 Badhamum
576 2563 660 2631 idem
688 2574 914 2652 proponentem
941 2568 973 2632 in
997 2566 1120 2633 addart.
1147 2587 1175 2654 p.
1202 2571 1256 2634 25.

248 2674 328 2763 Gap.
354 2679 398 2740 50
422 2693 452 2760 p.
478 2671 546 2739 linc
581 2673 651 2738 Τῶν
682 2672 713 2738 δὲ
743 2672 974 2748 Μυκαλησσίων
1003 2673 1092 2755 μέρος
1125 2696 1156 2739 σο
1191 2673 1394 2750 οὶποονοιλώδη.

202 2782 271 2852 car
304 2780 383 2847 haec
415 2798 466 2845 res
499 2785 685 2864 repetatur,
726 2796 788 2843 uon
821 2775 923 2844 rideo.
973 2776 1010 2844 in
1044 2776 1204 2844 Herodoto
1236 2777 1394 2845 eiusmodi

202 2885 280 2975 quid
313 2885 452 2959 torrem,
485 2903 546 2949 nou
580 2881 664 2970 apud
695 2880 929 2971 Thucydidem.
977 2882 1041 2949 Nee
1072 2882 1138 2950 iere
1170 2882 1282 2950 dubito
1315 2884 1394 2971 qnia

202 2993 312 3081 spuria
337 2993 412 3057 sint.
457 2988 563 3055 Etiam
595 3008 678 3076 quae
704 2998 887 3075 sequuntur
907 3008 1008 3076 usque
1028 2987 1069 3055 ad
1089 2990 1206 3077 capitis
1226 2989 1320 3057 finem
1341 3010 1396 3058 su·

203 3101 347 3187 spicioae
371 3117 432 3162 noa
463 3102 589 3162 vacant.
623 3093 710 3160 Satis
731 3093 819 3160 euim
842 3102 875 3160 et
898 3092 965 3160 loco
990 3094 1091 3162 multo
1114 3097 1258 3184 aptiore,
1283 3097 1316 3163 iu
1341 3116 1397 3164 ex·

206 3215 309 3274 tremo
331 3203 437 3290 capite
457 3205 514 3279 29,
539 3200 646 3288 oppidi
666 3199 883 3266 calamitatem
906 3199 1112 3290 Thucydides
1125 3202 1188 3268 iam
1206 3200 1395 3289 deploravit.

204 3314 343 3399 Insuper
366 3308 465 3376 adium
490 3316 655 3374 auctorem
681 3305 816 3394 prodere
840 3304 969 3373 ridetur
993 3306 1156 3374 scribendi
1176 3327 1289 3394 genus.
1315 3307 1395 3375 Nam

204 3416 407 3501 χρησαμένων
438 3410 569 3501 quidem
600 3431 658 3499 pro
679 3411 897 3495 χρησομένην,
924 3422 959 3479 ut
982 3413 1084 3480 voluit
1109 3413 1260 3480 Reisirius
1279 3426 1312 3482 et
1337 3433 1397 3481 nu·

206 3543 263 3612 per
286 3520 491 3598 Badhamus,
514 3527 563 3586 est
588 3517 698 3605 procui
719 3517 816 3584 dubio
833 3517 959 3586 scribae
971 3539 1082 3600 error,
1105 3518 1160 3586 sed
1180 3523 1227 3594 ὡς
1247 3520 1314 3588 ἐπὶ
1334 3545 1397 3600 με·

205 3629 318 3711 μέσον
351 3647 431 3695 nore
461 3624 583 3694 dictum
616 3637 693 3715 puto
719 3648 777 3716 pro
802 3629 847 3701 cic
871 3626 966 3707 πρὸς
989 3628 1033 3693 τὸ
1056 3625 1233 3707 μέγεθος
1259 3631 1319 3711 (so.
1342 3629 1397 3693 σοῦ

205 3734 347 3821 πάθους).

253 3839 330 3928 Gap.
345 3845 387 3906 54
411 3847 505 3907 extre
529 3837 560 3907 ai
573 3863 609 3906 σε
632 3840 696 3923 γὰρ
717 3839 857 3922 Κορίνθιον
880 3839 1038 3918 ἡγήσοιντο
1061 3846 1204 3920 κροτεῖν,
1227 3839 1253 3905 ri
1276 3837 1321 3918 μη
1345 3838 1397 3903 reci

206 3947 287 4014 πολὺ
311 3947 505 4028 ἐκρατοῦντο.
529 3944 561 4013 oi
578 3947 607 4012 π’
630 3948 785 4023 Ἀθηναῖοι
807 3945 940 4028 ἐνόμιζον
962 3945 1116 4022 ἧσσᾶσδοοο
1136 3941 1183 4011 d'rr
1200 3945 1233 4009 ad
1247 3945 1326 4010 πολὺ
1339 3943 1398 4011 td·

207 4078 275 4120 νυν.
325 4053 448 4139 Dignus
479 4061 529 4119 est
557 4053 613 4139 qui
645 4062 851 4139 comparetur
887 4050 965 4118 errr
988 4049 1094 4126 iocus,
1127 4049 1397 4135 quiestXX18

208 4158 232 4250 S
259 4164 320 4227 12:
359 4158 459 4237 θυυνν
489 4159 545 4224 din
575 4179 688 4245 anceps
717 4158 830 4246 suisset
861 4165 1016 4223 certarnen
1040 4168 1070 4221 ct
1094 4155 1293 4242 Saparntirn'r,
1324 4152 1398 4246 quio

205 4275 330 4351 praeter
348 4286 433 4353 rpem
453 4265 650 4343 resisterent,
667 4264 834 4332 creuissent
856 4262 972 4341 animi,
996 4261 1120 4330 Poenus
1142 4263 1216 4350 quia
1235 4284 1296 4330 noo
1309 4263 1399 4331 ciris·

207 4380 267 4448 ret,
288 4392 347 4458 pra
369 4372 448 4438 uicta
470 4381 568 4452 erret,
592 4380 665 4440 cett.

254 4474 332 4565 Cap.
357 4481 401 4545 40
433 4476 518 4546 med.
549 4476 632 4560 edna
660 4477 862 4557 deterreatur,
894 4477 922 4543 si
948 4495 1047 4555 nore,
1073 4483 1106 4542 at
1131 4484 1265 4544 venuste
1287 4484 1397 4544 tamea
