3254 5034
655 350 695 398 in
716 350 917 401 concinnari.
1343 336 1387 400 7⁰

185 518 242 592 την
275 518 389 601 ripario
420 518 596 586 ἀποδώσων.
643 519 754 588 Nonne
788 520 982 608 requiritur:
1015 522 1099 596 εόδόιο
1132 524 1193 605 οὐχ
1225 526 1267 598 air
1294 523 1387 608 χάριν

186 625 262 690 ἀλλ’
284 626 332 698 ric
355 626 519 707 όφεόλημα
548 628 603 701 την
635 629 747 710 όροτην
769 627 956 694 truteno?
994 625 1048 693 Sic
1073 628 1189 696 melius
1212 632 1311 697 etium
1337 633 1385 696 iu·

187 730 378 816 reurgetur,
396 751 461 818 quo
481 741 573 816 pacto
593 734 733 819 scriptor
754 732 887 800 rerhuur
908 733 1102 812 ἀποδιδόναι,
1120 735 1204 821 quod
1220 738 1385 823 proprium

187 847 238 904 est
263 837 303 902 de
322 837 428 924 qratia
447 837 619 924 debitisque
639 839 826 925 reddendis,
859 859 935 905 cum
954 838 1160 906 substantino
1179 843 1275 923 riparii
1296 844 1386 929 iungi

186 944 341 1030 potuerit.
388 941 453 1008 Nec
478 953 586 1008 tamen
611 943 693 1011 male
717 943 821 1011 deleta
848 944 896 1011 bis
915 947 1148 1033 praepositione
1171 947 1384 1015 scriberetur:

186 1050 273 1122 εἲδὸς
294 1050 329 1114 οὔ
341 1047 479 1131 χάριν,
497 1049 573 1113 ἁλλ’
592 1051 689 1132 όφοό
698 1065 810 1129 λημα
829 1053 886 1127 την
907 1054 1017 1134 ripario
1034 1053 1216 1128 ἀποδώσων,
1233 1063 1264 1120 et
1279 1056 1386 1120 nescio

187 1174 230 1219 an
256 1153 334 1220 haec
355 1155 398 1218 sit
420 1155 489 1240 ipsa
511 1154 654 1221 historici
678 1176 808 1233 orionus,
828 1177 924 1244 quaro
946 1160 1013 1224 sire
1034 1158 1277 1245 interpretando
1300 1159 1386 1238 sive,

188 1270 225 1325 ut
250 1270 381 1346 captum
407 1279 502 1325 suum
529 1271 759 1346 superantem,
784 1261 823 1329 de
853 1263 1015 1329 industria
1041 1263 1212 1350 ruraqistelii
1237 1263 1386 1331 ohiitera·

189 1367 269 1433 riot.
315 1366 405 1448 Quod
431 1364 525 1432 hodie
549 1365 688 1452 legitor,
718 1368 769 1432 vix
793 1368 950 1436 Graccum
975 1389 1046 1436 esse
1068 1371 1230 1438 existimo.

238 1470 317 1559 Cep.
343 1477 380 1538 41
409 1481 493 1538 extr.
519 1478 688 1555 πανταχοῦ
708 1473 740 1538 δὲ
764 1484 902 1553 μνημεῖα
926 1482 1058 1541 κακῶν
1078 1500 1114 1542 τε
1132 1477 1278 1554 καγαόῶν
1300 1478 1388 1545 αόδια

186 1578 498 1660 ξωγκατοικόσαντει.
535 1578 726 1645 Scholiasta:
753 1581 869 1669 κακῶν]
897 1583 970 1663 πρός
994 1582 1065 1655 τοὺς
1090 1581 1287 1663 πάσχοντας.
1316 1584 1386 1649 Pta-

184 1687 317 1751 cuites
343 1685 570 1770 interpretatio
594 1684 660 1751 iere
685 1686 810 1753 criticis
836 1696 963 1773 praeter
988 1686 1189 1767 Lehoemm,
1220 1689 1277 1775 qui
1308 1710 1383 1775 quo

184 1789 327 1856 ruudam
358 1788 516 1858 librorum
545 1789 715 1858 lectionem
746 1799 850 1857 κακῶν
880 1791 1049 1880 amplexus
1079 1800 1129 1858 est
1161 1794 1193 1859 iu
1217 1803 1280 1860 act.
1305 1793 1384 1881 phit.

184 1895 311 1963 Monac.
347 1896 392 1962 ili
420 1917 450 1983 p.
473 1901 526 1963 34.
575 1896 677 1978 Quem
698 1896 845 1965 Gditerus
867 1899 899 1964 iu
921 1898 971 1966 ed.
992 1918 1051 1965 sun
1071 1899 1191 1986 carpit,
1216 1898 1301 1986 quod
1322 1918 1384 1966 uoo

187 2001 307 2068 viderit
324 2009 427 2068 κακῶν
444 2000 557 2069 referri
576 2002 616 2068 ad
635 2004 802 2089 superiora
825 2003 895 2071 itta:
920 2004 991 2071 οὔτε
1007 2005 1051 2085 τῶ
1071 2007 1210 2087 πολεμόω
1229 2006 1386 2073 ἔτεηόόνπι

186 2108 406 2187 ἀγανάκτησιν
425 2107 493 2192 ἔχει
513 2110 567 2191 ὑφ’
580 2106 644 2174 οἴων
664 2110 847 2176 κακοπαόοῖ.
874 2111 1025 2177 Attamen
1045 2108 1169 2176 inditur
1181 2111 1249 2197 ipse
1262 2113 1385 2197 vitupe-

187 2223 295 2290 rator;
320 2234 394 2280 oum
419 2214 496 2281 iiiuc
522 2214 636 2281 referri
664 2235 725 2281 nori
748 2236 840 2302 posse
854 2215 978 2303 liquido
1007 2226 1139 2304 apparet
1165 2236 1239 2283 cum
1262 2237 1300 2283 ex
1325 2237 1385 2284 usu

188 2319 279 2387 verbi
298 2318 543 2404 ξυγκατοικόζοιν
563 2327 631 2387 tum
650 2321 802 2389 cverbis:
830 2324 918 2390 ἄλλα
932 2326 1038 2389 τασαν
1051 2360 1094 2373 -
1107 2324 1267 2403 rotrici,
1286 2324 1386 2410 siqui·

188 2426 263 2494 dem
286 2427 328 2492 ihi
349 2426 389 2493 de
413 2425 559 2493 hostibus
578 2426 658 2493 hetto
674 2428 780 2516 petitis
798 2447 858 2493 nou
881 2429 920 2493 de
940 2428 1384 2516 oppredieotihursermoest.

236 2535 312 2620 Gap.
335 2537 390 2599 19.
414 2531 468 2598 καὶ
492 2533 530 2598 ἐν
550 2535 588 2599 οὐ
613 2535 718 2616 πολλῷ
736 2533 845 2617 χρόνῳ.
874 2532 1079 2623 Thucydides
1096 2535 1275 2601 Atticorum
1299 2553 1388 2601 more

190 2638 293 2706 sciet:
319 2643 384 2705 οὐκ
405 2640 440 2705 ἐν
457 2640 576 2721 πολλῷ.
614 2639 639 2706 u
660 2639 741 2706 libro
759 2640 815 2706 vii
836 2640 942 2706 notari
963 2639 1042 2706 haec
1062 2641 1221 2727 exempta:
1250 2639 1328 2726 cap.
1343 2646 1386 2708 56

189 2748 260 2813 οὐκ
283 2747 321 2811 ἐν
345 2747 469 2827 πολλῷ,
493 2747 567 2832 Gap.
592 2750 634 2812 70
657 2748 691 2811 οὐ
714 2745 752 2811 δι’
775 2746 901 2825 tityon,
926 2748 1003 2834 Cap.
1029 2750 1071 2813 79
1095 2747 1163 2813 οὐκ
1187 2746 1244 2812 ἐπ’
1263 2746 1386 2827 inipso.

191 2851 313 2919 0011113
346 2850 375 2916 ΙΙ
407 2855 450 2917 56
484 2859 571 2918 recte
603 2851 722 2937 iegitur·
751 2852 794 2931 ἐξ
826 2856 867 2919 οὐ
899 2852 1126 2935 προσηκόντων,
1158 2853 1234 2939 quia
1259 2854 1324 2921 οὐκ
1347 2854 1387 2920 ἐκ

189 2956 400 3040 προσηκόντων
425 2953 506 3023 iuret
529 2956 716 3040 κακόφωνοι.

239 3061 318 3149 Gap.
343 3067 382 3128 61
404 3082 434 3127 κ.
460 3062 514 3128 un.
532 3062 762 3146 ξυμφοραῖς
787 3072 880 3140 ταῖς
900 3065 1101 3144 heylsam
1121 3064 1235 3132 όόέλειν
1251 3065 1388 3149 όφόςασ·

190 3171 254 3235 όαι.
303 3168 400 3235 Recte
419 3167 492 3234 iibri
512 3167 687 3236 deteriores
707 3168 825 3236 hahent
845 3172 1096 3251 decumarum,
1130 3172 1177 3239 rel
1203 3174 1275 3240 sine
1298 3172 1389 3240 libris

193 3273 445 3341 restituendum.
470 3275 605 3341 [dativus
628 3275 714 3340 euim
737 3274 795 3342 hoc
821 3276 907 3342 rerhi
928 3298 1025 3345 sensu
1045 3277 1191 3345 soioecus
1211 3288 1271 3345 est.
1296 3278 1388 3346 Nuda

191 3389 245 3448 cst
263 3389 371 3447 nutem
390 3381 421 3445 in
444 3380 531 3447 hisce
548 3380 696 3446 minutiis
716 3381 863 3448 corticum
884 3384 1080 3462 atrctoritas‚
1101 3384 1261 3471 siquidem
1277 3396 1388 3452 utrum

193 3511 216 3553 α
242 3507 280 3552 au
305 3510 338 3552 αι
362 3487 521 3572 scriptum
546 3489 589 3551 sit
614 3488 646 3551 irr
672 3486 763 3552 iihris
788 3488 932 3574 antiquis
954 3489 1069 3577 dispici
1095 3491 1147 3556 vix
1173 3500 1285 3578 potest.

242 3592 321 3680 Cup.
347 3598 403 3660 62.
435 3595 452 3670 ri
477 3594 510 3659 οὐ
528 3593 635 3669 κηπίον
659 3593 712 3658 καὶ
737 3595 993 3675 traciturnior
1017 3599 1163 3666 πλούτου.
1191 3597 1240 3665 Gi.
1262 3598 1390 3665 Butram

195 3698 312 3784 fragm.
337 3720 366 3785 p.
394 3704 466 3766 183.
495 3706 547 3765 11:
575 3699 628 3763 καὶ
653 3694 711 3765 όσα
731 3702 867 3768 πλούτου
885 3703 1187 3782 όνκαλλωπόσματα
1199 3711 1232 3769 et
1244 3702 1389 3771 Dindorh

196 3804 352 3893 praefatio
375 3805 414 3871 ad
441 3805 764 3872 Ηίωι.(1τιιοο.ιι]1η.
792 3807 850 3873 voi.
878 3808 888 3873 1
916 3828 945 3894 p.
971 3809 1113 3875 XXXIX.

242 3910 318 3998 cap.
340 3917 383 3979 65
403 3933 451 3999 pr.
474 3912 526 3978 fin.
556 3912 661 3978 καὶού
683 3912 823 3995 πρότερον
848 3914 986 3982 ἐνέδοσαν
1006 3916 1023 3992 ἢ
1048 3915 1165 3981 αὐτοὶ
1191 3915 1229 3981 ἐκ
1253 3915 1391 3998 σφόσιν

194 4019 282 4086 κατὰ
297 4019 357 4092 ricc
380 4019 458 4092 όδόας
475 4018 625 4101 διαφορὰς
643 4018 855 4100 περιπεσόντος
874 4020 1072 4103 όσφόλησαν.
1098 4021 1278 4088 Prounmen
1298 4024 1388 4104 σφόσι

195 4144 255 4213 pro
276 4124 384 4205 σφόσιν
408 4128 511 4200 αὐτοῖς
538 4125 662 4191 nullum
681 4135 792 4192 tuctur
815 4128 998 4213 exemptum
1020 4146 1131 4192 eorum
1154 4147 1235 4213 quae
1257 4126 1297 4195 ad
1324 4127 1354 4194 h.
1370 4129 1389 4195 Ι.

195 4230 324 4316 cohegit
349 4230 537 4317 Krugerus.
564 4253 621 4297 nec
647 4230 725 4297 mihi
750 4231 882 4319 quidem
907 4230 1115 4300 satisfaciunt
1140 4253 1221 4320 quas
1244 4235 1284 4302 ad
1310 4234 1342 4303 h.
1369 4235 1389 4302 Ι.

197 4336 332 4423 protulit
354 4338 571 4405 coniecturas.
1159 4326 1164 4335 ’

244 4441 419 4512 Gtassenus
451 4445 559 4512 nescio
591 4463 655 4532 qna
686 4443 889 4512 diversarum
921 4453 1163 4512 structurarum
1202 4446 1390 4515 contusione
