3200 5066
593 302 597 309 ¹
615 346 786 398 nonanron.
1237 331 1302 398 399

159 512 292 580 Formae
324 516 471 600 autiquae
501 522 534 581 et
558 518 712 593 sincerae,
743 516 916 600 inquibus
941 524 964 580 c
987 515 1104 582 elisum
1127 522 1192 596 est,
1218 519 1302 604 apud

113 613 293 683 Homerum
323 618 454 703 quidem
484 625 518 685 et
546 619 702 688 librorum
731 619 903 685 meliorum
926 639 1078 686 consensu
1100 627 1133 687 et
1154 626 1302 690 veterum

114 717 408 789 Grammaticorum
431 725 624 790 testimoniis
646 729 715 790 tam
736 723 872 790 firmiter
895 729 969 790 suut
992 725 1171 803 stabilitae,
1202 733 1241 793 ut
1262 730 1303 794 iis

114 824 271 893 librorum
293 827 487 895 deteriorum
504 830 696 914 scripturae,
720 847 801 913 quae
820 828 954 895 subinde
972 835 1141 914 apparent,
1164 831 1302 910 τελέσει,

113 929 291 1011 τελέσοκσι,
316 931 463 1014 neptreco,
488 933 615 1017 sopiret,
637 931 772 1015 ἒρὺσουσι
794 932 879 999 nihil
899 953 1011 1000 nocere
1031 936 1163 1019 possint.
1188 935 1304 1003 Ἐκτοι-

114 1033 214 1101 κύσειε
236 1036 321 1121 quod
343 1034 448 1104 solum
469 1042 537 1105 erat
557 1037 718 1122 reliquum
734 1058 819 1103 nuno
839 1042 872 1103 et
891 1039 1000 1123 ipsum
1020 1037 1224 1107 eliminatum
1243 1047 1301 1108 est.

114 1138 179 1208 Sed
208 1161 287 1226 quas
315 1142 422 1210 sordes
452 1165 492 1210 ex
520 1141 663 1211 Homero
694 1142 804 1209 sedulo
831 1162 940 1209 omnes
963 1142 1117 1221 eluimus,
1142 1166 1197 1211 aas
1220 1147 1304 1232 apud

116 1244 196 1312 alios
218 1247 421 1331 pertinaciter
446 1247 577 1315 haerent
599 1248 680 1314 vitio
702 1243 933 1314 Graeculorum
955 1250 1104 1333 antiquas
1125 1250 1242 1316 fumas
1265 1271 1305 1316 ex

116 1351 244 1417 inscitia
272 1350 544 1437 interpolantium.
588 1350 652 1432 Qui
687 1347 829 1417 Homero
867 1351 1078 1419 obtrudebnn
1107 1352 1241 1434 aspicere
1272 1361 1306 1421 et

116 1452 254 1534 sorices,
277 1456 378 1522 iidem
401 1455 524 1522 duobus
544 1456 624 1523 locis
646 1453 847 1522 Herodotum
869 1455 930 1522 hae
950 1454 1077 1523 maculo
1098 1458 1306 1542 inquinarunt

117 1568 141 1623 1.
154 1548 230 1624 212.
255 1553 275 1633 ἦ
296 1557 353 1639 μέν
376 1583 411 1627 σε
434 1559 497 1638 ἐγὼ
519 1560 572 1626 aci
595 1556 738 1635 ἄπλητον
760 1557 849 1626 idern
873 1557 1007 1638 ιιῖιοοιτοτ
1030 1559 1161 1642 copton,
1184 1568 1217 1628 et
1236 1583 1303 1649 cap.

116 1661 194 1728 214.
218 1663 252 1729 σὲ
276 1662 302 1728 δ’
326 1665 407 1742 ἐγώ,
432 1666 574 1745 κατάπερ
597 1666 773 1740 ἠπείλησα,
799 1661 934 1744 ripaeos
954 1663 1079 1746 tropica.
1111 1665 1169 1732 Nil
1186 1665 1303 1733 dissen-
1420 1672 1427 1685 ’

116 1769 206 1833 tiunt
225 1766 318 1846 libri,
341 1768 557 1857 satifactum
579 1766 694 1849 κοιέῦιε
717 1768 888 1854 barbarum
911 1772 958 1835 est
979 1773 1012 1835 at
1029 1770 1198 1855 utrobique
1216 1770 1304 1852 κορέει

116 1872 340 1957 reponendum
377 1872 538 1941 Futurum
567 1872 753 1952 εογκοιλέιιν
783 1874 885 1938 evasit
911 1891 959 1940 111.
985 1870 1038 1940 74.
1062 1873 1117 1940 sed
1139 1879 1248 1943 tamm
1270 1878 1305 1940 in

117 1976 200 2043 bono
222 1976 305 2044 libro
327 1977 541 2057 σνγκιιλέίεικ
563 1983 702 2064 apparet.

163 2079 252 2161 Quae
281 2080 390 2147 futura
420 2082 505 2168 apud
534 2080 736 2148 Herodotum
766 2102 805 2147 ex
824 2078 945 2147 -oiru
966 2086 1036 2147 orta
1058 2087 1134 2149 sunt
1154 2089 1307 2170 perpetuo

119 2190 279 2251 contracta
307 2185 433 2252 videbis
462 2205 484 2252 1.
509 2183 563 2253 97.
594 2188 648 2252 οὐκ
680 2184 740 2268 ἔφη
773 2185 883 2252 δικΛΝ
907 2182 969 2251 ἔτι·
993 2189 1026 2253 οὐ
1050 2185 1114 2268 γάρ
1136 2189 1162 2254 οἱ
1185 2203 1306 2254 λυσιτε-

117 2288 198 2359 λέειν
222 2327 265 2342 -
278 2289 316 2357 δι’
343 2290 456 2373 ἡμέρης
483 2290 626 2374 δικάζειν.
657 2310 679 2361 1.
702 2290 780 2359 199.
804 2292 990 2376 ἀποδοκιμᾷ.
1013 2309 1083 2358 vm.
1108 2292 1161 2358 68.
1184 2294 1305 2359 διοισιιε-

119 2394 193 2479 δᾷς,
223 2401 257 2462 et
278 2397 399 2481 passim
422 2396 514 2480 ἐλᾷς,
544 2396 684 2479 δπελᾷο,
707 2397 799 2475 iada,
822 2397 898 2462 ἐλῶν
920 2401 953 2463 ot
975 2397 1048 2462 sim.
1076 2396 1162 2463 Hinc
1184 2399 1307 2483 optime

119 2498 303 2567 emendavit
330 2499 491 2566 Iacobsius
522 2500 699 2567 Eusebium
726 2499 872 2565 lonicum
897 2501 1084 2585 scriptorem
1106 2500 1190 2585 apud
1212 2499 1302 2567 Stob.

119 2600 229 2667 Floril.
255 2601 309 2668 46.
334 2602 388 2668 41.
411 2605 473 2683 xpi,
495 2603 604 2670 εἰδέναι
628 2602 736 2669 ποίκτοο
758 2602 990 2680 revulsione
1013 2602 1166 2683 ἀνθρώπου
1185 2627 1305 2668 κοιτοι·

121 2705 226 2781 δίκον,
249 2708 425 2775 coniecerat
446 2706 562 2793 aliquis
584 2705 804 2787 καταδικάζειν
811 2751 822 2786 ,
844 2728 913 2771 rem
935 2727 995 2773 acu
1017 2709 1128 2793 tetigit
1146 2707 1309 2774 laeobsius

119 2810 294 2877 κοτιιδικῖιι
316 2831 477 2896 reponens.
985 2823 991 2831 '

165 2913 283 2983 Contra
312 2914 398 3001 apud
424 2916 591 3001 scriptores
613 2915 738 2980 Atticos
758 2916 878 2999 passim
900 2915 1024 2984 videbis
1045 2917 1163 2983 formas
1185 2918 1307 3002 sequio-

120 3041 170 3087 res
193 3018 331 3099 τελέσω,
356 3019 544 3100 διστιλὲσιο,
568 3018 709 3096 κολέσοι,
732 3017 917 3098 romaico,
941 3020 1142 3099 σιιγκοιλέσοι,
1165 3020 1219 3088 vel
1237 3022 1309 3087 bar·

120 3125 212 3191 baras
229 3130 268 3191 ut
286 3123 477 3204 κομίσουτιο,
501 3125 693 3208 aequissimo
714 3124 821 3189 auimo
840 3124 879 3188 ab
898 3123 1084 3191 Editoribus
1103 3125 1193 3203 ferri,
1216 3127 1307 3210 quasi

120 3229 204 3296 nihil
234 3231 363 3295 omniuo
389 3229 597 3295 dubitationis
619 3227 780 3294 haberent.
813 3224 850 3294 Iu
871 3230 974 3314 poscis
996 3231 1115 3297 Atticis
1137 3231 1229 3297 credo
1249 3230 1308 3294 hu·

121 3335 296 3403 iuscemodi
318 3335 507 3401 mendorum
529 3334 669 3420 votique
686 3334 753 3398 iam
770 3353 928 3418 nusquam
948 3354 1127 3420 superesse,
1150 3334 1204 3399 sed
1223 3333 1308 3419 apud

122 3438 268 3505 Oratores
299 3437 404 3505 multa
433 3444 602 3526 supersunt
632 3441 664 3502 et
698 3435 783 3522 apud
804 3436 973 3503 Platonem
996 3445 1029 3504 et
1051 3445 1198 3504 coeteros.
1234 3436 1309 3504 Sae-

121 3545 194 3629 pius
215 3544 397 3611 observabis
421 3546 576 3632 genuinaa
594 3543 713 3608 formas
730 3541 865 3605 intactas
881 3541 1013 3608 evadere
1031 3543 1226 3627 ubicumque
1245 3561 1308 3607 nou

121 3649 271 3713 continno
293 3655 442 3733 appareat
453 3647 566 3733 saturi
588 3646 740 3730 temporis
770 3645 933 3711 notionem
963 3647 1004 3710 iis
1026 3648 1145 3723 inesse,
1177 3646 1232 3712 ssd
1250 3647 1309 3712 ubi

121 3752 268 3817 futurum
291 3773 357 3818 esse
380 3749 532 3819 Graeculi
553 3753 695 3818 sentiunt
717 3750 827 3814 statim
851 3747 962 3814 formis
984 3752 1122 3835 antiquis
1143 3749 1216 3815 illas
1236 3752 1310 3817 sub·

123 3858 279 3933 stituunt,
303 3857 419 3940 quibus
441 3859 503 3941 ipsi
526 3862 559 3922 et
581 3853 726 3940 aequales
757 3870 867 3918 omues
888 3858 1040 3938 perpetuo
1070 3857 1120 3919 uti
1154 3854 1308 3921 solebant.

121 3957 230 4025 Multa
270 3961 396 4044 saepius
429 3960 526 4024 huius
559 3963 606 4025 rei
626 3956 785 4042 ‚exempla
827 3962 860 4021 et
900 3956 1090 4024 documenta
1125 3958 1246 4043 protuli
1273 3962 1309 4025 in

129 4062 200 4127 γαπ.
234 4063 328 4127 lectt.
367 4062 547 4150 paqaaa.
582 4068 615 4128 et
643 4065 677 4127 in
700 4062 776 4126 Noc.
808 4060 902 4125 neco.
933 4081 1007 4150 pag.
1040 4062 1083 4127 63
1117 4069 1149 4128 et
1179 4061 1244 4128 438
1275 4071 1309 4130 et

122 4166 216 4252 plura
248 4166 416 4253 aliquando
443 4171 630 4252 praesertim
668 4186 707 4233 ax
729 4164 941 4231 Demosthene
963 4172 995 4232 et
1016 4166 1150 4233 Platone
1172 4169 1310 4254 proferre

122 4271 158 4335 iu
179 4272 287 4336 auimo
306 4277 363 4338 est

169 4372 280 4439 Unum
304 4375 429 4441 addam.
463 4374 519 4441 Sol
541 4378 642 4440 iratus
664 4373 777 4460 Odyss.
800 4383 848 4440 Μ.
875 4373 950 4440 383.
974 4377 1020 4441 itu
1042 4380 1202 4444 uibratur:
