3296 5022
263 328 328 392 tta
685 344 885 392 eonrscrnnrn
916 344 1032 390 carina.

263 509 373 577 aaron
396 512 513 576 cannis
536 511 747 598 interpolator
771 518 879 597 petere
904 513 1007 599 potuit
1031 529 1049 575 e
1074 508 1188 593 Georg.
1213 512 1244 584 1,
1269 512 1347 575 aab.

308 616 368 681 llis
401 617 532 701 scriptis
563 617 693 683 demum
726 615 818 682 rideo
850 636 979 682 versum
1004 635 1022 681 a
1046 634 1099 701 me
1124 622 1269 679 notatum
1293 613 1357 679 iam
1382 630 1453 681 sus·

262 728 392 807 paetum
426 720 525 788 luisse
558 721 720 789 llietschio
754 724 786 787 in
820 721 968 807 Theolog,
1001 719 1120 805 Vergil.
1153 739 1184 805 p.
1210 725 1247 795 7.
1282 718 1337 803 qui
1363 724 1453 785 reete

261 848 377 892 numen
400 826 511 893 eadem
537 848 601 914 qna
627 849 686 913 ego
710 828 834 893 ratione
858 827 1033 912 intellegit,
1058 825 1226 893 sedonius
1246 822 1452 911 explicationi

261 932 412 998 reducant
432 953 489 1019 pro
509 935 541 999 in
562 935 700 1020 gratiam
719 933 885 1009 reducant,
908 940 1036 999 vetante
1055 931 1184 1016 lingna,
1208 948 1337 999 omnem
1357 926 1451 995 fidem

261 1035 397 1123 denego.

740 1141 786 1218 ll,
812 1145 876 1208 542
902 1160 977 1225 sqq:

998 1243 1228 1311 -Qmm

398 1349 618 1440 Mygdonides.
655 1349 723 1418 illis
746 1352 787 1417 ad
810 1351 938 1417 Troiam
965 1348 1046 1415 lorte
1070 1348 1185 1415 diebus

397 1464 527 1523 venerat
552 1458 665 1521 insano
690 1455 890 1522 Cassandrae
916 1456 1066 1520 incensus
1090 1474 1209 1520 amore.

397 1570 428 1627 el
451 1582 551 1647 gener
575 1561 731 1628 auxilium
759 1562 886 1657 i'riarno
911 1560 1156 1647 Phrygibusque
1181 1559 1319 1637 serebat,

399 1665 528 1747 infelix,
552 1668 608 1753 qui
633 1688 695 1732 non
720 1686 855 1753 sponsae
879 1673 1048 1752 praecepta
1072 1663 1210 1731 [urentis

398 1772 552 1839 audieritl

307 1877 357 1943 Ad
393 1876 517 1944 Troiam
551 1878 654 1943 venire
678 1877 789 1942 Latine
811 1876 967 1943 dicuntur
991 1876 1046 1962 qui
1071 1895 1132 1940 non
1157 1875 1280 1941 intrant
1302 1875 1449 1953 moenia,

263 2003 291 2048 ν.
323 2003 353 2048 c.
385 1982 515 2058 Graeci,
549 1984 604 2068 qui
636 1983 770 2048 veniunt
799 1980 838 2045 ad
863 1980 976 2047 urbem
1000 1979 1265 2067 oppugnandam,
1290 1976 1344 2046 sed
1370 1998 1450 2045 num

263 2095 350 2154 recte
381 2089 573 2173 praepositio
605 2087 719 2153 habeat
745 2086 789 2152 de
820 2085 959 2152 Coroebo
989 2085 1148 2152 annilium
1182 2085 1309 2151 Priamo
1335 2083 1452 2151 lerenti

263 2194 373 2277 itaque
397 2194 582 2257 intromisso
604 2193 635 2256 in
663 2191 793 2265 urbem,
820 2190 853 2256 id
878 2190 1083 2258 vehementer
1102 2190 1225 2257 dubito.
1261 2188 1358 2259 Codd.
1384 2190 1452 2257 lia·

261 2299 364 2364 crobii
389 2319 434 2363 vs.
460 2302 638 2363 aar-ael
663 2296 827 2362 allerenlis
849 2294 916 2362 Sat.
942 2296 978 2360 V.
1006 2303 1035 2362 ii.
1062 2301 1094 2362 ⁷.
1119 2295 1253 2363 bahent:

534 2400 600 2466 Illis
622 2403 676 2488 qui
698 2403 740 2467 ad
765 2402 893 2466 Troiam
918 2399 999 2466 lorte
1022 2399 1146 2467 diebus.

263 2506 343 2575 lade
366 2507 500 2573 lorsitan
527 2508 644 2592 possis:

537 2612 601 2678 lllis
627 2612 682 2698 qui
706 2611 834 2677 Troiam
861 2610 943 2677 lorte
962 2609 1087 2677 diebus.

261 2718 342 2798 Quia
373 2728 481 2785 tamen
514 2717 630 2804 optimi
659 2716 732 2782 libri
756 2714 931 2801 Vergiliani
956 2718 1142 2803 conspirant
1166 2718 1199 2782 in
1225 2714 1361 2784 lectione
1382 2716 1454 2783 iilis

261 2825 302 2889 ad
329 2824 473 2902 Troiam,
500 2825 608 2889 nescio
631 2812 671 2887 a'n
699 2821 895 2908 probabilius
919 2823 1114 2888 correxeris:

652 2927 719 2992 lllis
741 2927 804 3014 abl
831 2927 958 2992 Troiam
983 2926 1064 2992 lorte
1088 2924 1201 2992 diebus

491 3032 632 3099 Venerat
657 3040 732 3099 cett.

728 3137 778 3216 ΙΙ,
805 3141 867 3204 591
894 3158 984 3223 sqq.:

772 3243 819 3308 sic
843 3242 928 3306 lalus
951 3239 1066 3306 deinde
1085 3250 1265 3308 comantem

398 3344 559 3431 Androgei
584 3345 891 3432 galeam'clipeique
916 3344 1042 3430 insigne
1067 3345 1219 3413 decorum

397 3451 546 3517 induitur
569 3450 727 3537 laterique
752 3452 904 3536 Argivom
929 3451 1152 3517 accommodat
1175 3471 1296 3518 ensem.

397 3556 462 3622 Hoc
487 3555 645 3641 Rhipeus,
670 3556 727 3621 boc
750 3557 816 3644 ipae
839 3557 960 3642 Dymas
983 3557 1153 3641 omnisque
1176 3557 1327 3621 iuventus

394 3660 477 3727 laeta
502 3661 597 3738 lacit;
622 3662 733 3748 spoliis
758 3682 792 3728 se
816 3663 953 3747 quisque
977 3660 1161 3726 recentibus
1186 3668 1302 3726 armat.

260 3769 347 3853 »ipae
378 3765 499 3854 mear
524 3766 632 3856 (rerba
658 3776 735 3833 sunt
758 3767 958 3852 Forbigeri);
982 3766 1035 3829 cui
1063 3766 1164 3850 igitur
1187 3785 1207 3830 a
1232 3773 1323 3851 poeta
1348 3763 1453 3831 maior

259 3893 357 3960 quam
399 3874 517 3939 celeris
551 3873 694 3956 dignitas
727 3872 825 3938 tribui
859 3868 1025 3937 ridetur.’'
1077 3869 1189 3936 Fidem
1220 3868 1388 3948 haberem,
1422 3870 1451 3935 si

259 3977 400 4062 aliquam
424 3997 555 4044 causam
581 3978 783 4043 comminisci
797 3997 940 4063 possem,
965 3994 1047 4060 quae
1061 3985 1184 4062 poetam
1201 3995 1327 4041 morere
1340 3982 1451 4061 potua·

257 4083 303 4148 rit
333 4082 373 4146 ad
405 4081 464 4148 hoc
491 4082 685 4149 laciendum.
731 4082 834 4149 Sede
871 4080 1004 4166 Vergilii
1030 4092 1138 4146 mente
1161 4079 1247 4146 baud
1271 4079 1368 4146 dubie
1391 4078 1450 4145 bo·
1497 4136 1506 4157 ,

257 4205 331 4251 rum
363 4187 515 4253 iuvenum
550 4190 699 4275 princeps
722 4198 771 4254 est
800 4188 976 4263 Gonoraos,
1003 4206 1060 4252 nec
1085 4185 1210 4251 duobus
1235 4185 1369 4271 reliquis
1392 4184 1449 4250 ubi

258 4311 372 4358 nomen
398 4295 468 4359 eius
492 4294 653 4380 reperitur
676 4294 755 4360 locis
779 4292 838 4381 (vs.
852 4297 918 4359 540
930 4302 962 4359 et
976 4293 1054 4378 428)
1068 4292 1221 4379 Dymanti
1235 4292 1336 4356 maior
1348 4310 1451 4378 quam

257 4397 374 4462 celeris
398 4395 539 4484 dignitas
562 4398 728 4466 tribuitur.
773 4403 875 4467 Irnrno
898 4397 1023 4485 Eppius
1047 4418 1092 4464 rs.
1119 4400 1185 4464 aab
1209 4398 1369 4463 maximus
1392 4416 1447 4462 or·
