3244 5012
267 318 332 384 330
601 338 643 383 so
668 337 895 384 sursouoouuo
919 336 1114 384 rusurrensi.

266 504 444 570 Plonudess
467 508 559 570 unios
582 527 690 583 veros,
715 507 806 573 velut
828 510 927 592 epigr.
955 504 1037 582 130,
1063 506 1142 590 4sq.
1164 504 1292 585 ἄρατε
1313 506 1382 579 τοὺς
1402 506 1458 583 βί-

266 633 359 692 τριιας
382 611 440 676 ubi
463 609 599 690 αίρετε
624 611 702 677 bene
725 616 831 678 servet
853 610 1026 676 Plonudea.

312 715 422 803 Iipigr.
447 714 503 781 22.

312 820 428 885 Narrat
456 819 554 885 huius
583 820 736 904 poematii
758 815 868 883 suetos
890 815 1069 881 Pffiursr’ns
1096 819 1365 882 Thessalonicensis
1385 841 1459 907 grn-

267 926 379 994 vidam
401 926 587 1001 iuvencam,
612 927 646 988 in
669 944 705 989 oo
728 943 829 1008 quum
852 929 934 988 esset
953 927 990 986 ut
1008 922 1129 988 Dianae
1148 923 1371 990 immolaretur
1388 944 1460 1009 pnr-

268 1033 413 1107 tnriisse,
446 1049 508 1114 quo
539 1026 758 1095 animadverso
782 1029 931 1111 portubus
950 1028 1120 1110 praesidem
1143 1030 1227 1092 deam
1241 1029 1303 1114 fos
1326 1050 1385 1093 νιοα
1404 1031 1460 1092 du·

268 1137 346 1200 sisse
359 1135 514 1219 parientes
536 1133 721 1217 interficere,
744 1155 818 1219 quos
839 1133 977 1196 ινιὶιοτοοὶ
999 1132 1150 1199 didicerit.
1181 1132 1306 1198 Ultima
1332 1138 1459 1211 autem,

268 1247 306 1307 ut
327 1240 422 1306 hodie
445 1239 642 1315 scribuntur,
667 1259 743 1304 saue
765 1259 828 1303 non
852 1257 918 1302 esse
940 1242 1028 1323 puto.
1062 1237 1178 1302 Editur
1200 1241 1304 1303 enim:

406 1346 423 1418 ἦ
447 1341 539 1420 θείς,
565 1344 670 1408 ὥδίνιιν
693 1341 757 1422 γὰρ
783 1342 964 1419 ἐπίσκοπος,
988 1341 1063 1407 οὐδ’
1088 1341 1277 1420 ἐδίκαζεν

449 1447 615 1522 τικτούσας
638 1446 782 1523 κτείνειν,
807 1441 846 1518 ἃς
869 1447 965 1512 ἐλεεῖν
989 1445 1121 1525 ἔμαθεν.

270 1554 332 1621 ssu
355 1553 502 1632 dederat,
526 1555 589 1618 nisi
612 1552 721 1630 fallor,
749 1552 936 1638 Philippus:

406 1659 475 1723 οὐκ
496 1658 681 1723 ἐδικαίου
705 1659 771 1723 κτὲ.

315 1761 426 1851 Epigr.
451 1762 506 1829 26.

404 1866 512 1933 Ἐννέα
535 1868 593 1945 μὲν
616 1865 745 1939 Μούσας
768 1866 874 1944 μέρος
900 1866 1052 1946 Οὐρανός,
1077 1865 1162 1931 ἐννέα
1187 1866 1213 1930 δ’
1238 1868 1370 1939 αὐτοις

404 1979 488 2038 Γαῖα
509 1971 597 2037 τέκεν
620 1973 684 2036 κτὲ.

271 2076 380 2144 Oratio
402 2075 525 2145 (δεεσσε
546 2080 623 2156 erit,
649 2080 677 2142 si
696 2079 875 2162 scripseris:
902 2075 986 2141 ίννία
1010 2076 1035 2140 δ’
1061 2071 1188 2149 αὖτις.

314 2183 426 2271 Epigr.
452 2180 505 2249 72.

449 2288 583 2359 Εὕκολος
606 2285 770 2365 Ἑρμείας,
794 2283 816 2350 d
841 2286 1001 2363 ποιμένες,
1025 2288 1056 2369 ἐν
1077 2288 1108 2352 δὲ
1133 2284 1275 2364 γοίλακτι

448 2392 565 2473 χαίρων
587 2390 640 2455 καί
665 2390 768 2472 δρυΐνιρ
790 2389 1090 2475 στενδομένοις
1114 2392 1231 2470 μέλιτι.

269 2497 390 2565 Dubito
411 2518 492 2563 num
514 2497 594 2562 bene
615 2501 741 2582 recepte
764 2499 808 2561 sit
829 2495 971 2562 Heokeri
991 2497 1069 2563 hese
1089 2497 1269 2563 emendatio
1288 2516 1346 2581 pro
1365 2497 1465 2563 libro

269 2624 343 2669 rum
371 2602 507 2669 leotione
536 2601 685 2666 στειδί
692 2625 822 2680 μενος.
864 2600 936 2688 Ipse
958 2601 1043 2667 mole
1066 2605 1134 2668 sine
1157 2602 1255 2667 dubio
1277 2602 1461 2668 στίνδεσίαι

269 2729 327 2795 pro
349 2706 486 2774 σπένδειν
515 2711 681 2791 occeptum
701 2705 824 2784 voluit,
854 2709 909 2773 sed
931 2708 984 2774 vei
1007 2711 1035 2773 si
1058 2729 1132 2773 oum
1155 2707 1322 2774 Duebnero
1346 2708 1463 2774 habea-

270 2821 341 2892 tur,
371 2818 409 2878 ut
437 2816 501 2891 est,
535 2831 591 2898 pro
614 2815 761 2897 passivo,
790 2832 853 2877 non
875 2817 960 2878 onret
982 2811 1148 2878 offensione
1171 2815 1394 2898 perticipium,
1419 2813 1463 2879 sd

270 2918 412 2998 γάλακτι
436 2923 468 2983 ot
489 2916 594 2994 μέλιτι
618 2917 717 2982 simul
738 2918 917 3003 pertinens,
941 2919 1004 2981 isto
1026 2916 1095 2982 loeo
1118 2920 1270 3001 positum.
1295 2918 1362 2982 Neo
1382 2937 1463 2983 vero

270 3025 311 3091 ob
338 3023 467 3110 ingenio
497 3020 611 3088 Graeci
643 3024 796 3087 sermonis
826 3042 951 3107 prorsus
974 3021 1115 3086 ebenum
1138 3020 1267 3087 videtur
1288 3020 1461 3100 σπένδομαι

272 3129 395 3193 dietum
417 3147 474 3213 pro
496 3126 663 3192 στένδεταί
680 3150 750 3205 μοι,
767 3130 843 3212 quis
861 3128 900 3192 sb
919 3129 1050 3212 optimis
1062 3125 1267 3211 scriptoribus
1279 3124 1463 3206 Φδονοῖιμαι

271 3234 388 3298 dieitur
407 3253 463 3317 pro
486 3230 655 3315 φθονεῑταί
677 3254 746 3310 μοι,
773 3236 1004 3313 κατηγοροῦμεν
1029 3232 1126 3316 (opud
1150 3235 1322 3316 sequiores)
1335 3251 1464 3317 prosse·

270 3336 449 3419 τιργορεῖταί
477 3360 546 3415 μον.
583 3336 708 3404 Similis
741 3343 789 3404 est
820 3359 897 3404 usus
925 3338 1131 3403 Passivorum
1154 3338 1361 3415 ἀμελεῖσθαι,
1394 3337 1466 3402 ἔτι·

270 3441 490 3521 βουλεύεσθαι,
525 3440 723 3520 necessetas,
759 3443 943 3528 ε’ττρίδεσίοιι,
973 3442 1128 3519 aliorum,
1163 3443 1202 3508 de
1236 3443 1352 3527 quibus
1385 3442 1466 3510 vido

270 3546 429 3615 Matthias
451 3548 469 3631 §
490 3544 556 3613 490
582 3566 721 3634 gromm.
745 3546 814 3626 Gr„
838 3551 885 3614 ito
907 3553 945 3613 ut
967 3550 1093 3612 nonsit
1115 3549 1299 3612 mirandum
1322 3569 1389 3613 sero
1411 3551 1466 3613 vi·

271 3659 401 3720 ventem
430 3657 557 3737 poetam
592 3652 695 3718 disere
724 3653 786 3718 sibi
818 3656 999 3740 permisisse
1032 3652 1116 3737 quod
1146 3658 1194 3718 est
1224 3656 1257 3717 in
1287 3653 1465 3719 oodioibus.

270 3759 343 3825 Non
365 3759 473 3823 minus
495 3757 613 3823 durum
636 3778 703 3823 esse
725 3766 804 3844 puto
828 3759 912 3844 quod
932 3758 1073 3845 legimus
1095 3757 1180 3822 XVI.
1206 3756 1259 3822 36.
1283 3756 1322 3822 2:
1412 3784 1418 3797 ·

498 3861 663 3935 είκίνας
688 3863 802 3938 ἱλήκοις
827 3863 911 3944 δνρὸν
934 3861 1214 3945 ὀφειλόμενος.

272 3967 390 4035 Contra
413 3966 636 4055 corrigendum
658 3973 755 4053 puto:

907 4071 945 4137 ἔν
967 4098 1009 4138 τε
1034 4074 1175 4152 γοίλακτι

519 4179 637 4260 χαίρειν
659 4178 713 4243 καί
738 4177 840 4260 δριιίνῳ
863 4177 1011 4244 στενδί
1017 4204 1137 4257 μενος
1161 4178 1275 4256 μέλιτι.

318 4283 429 4371 Epigr.
455 4282 538 4361 139,
564 4284 668 4369 4sqq.

409 4388 596 4466 Ἠλεμοίτοις
622 4388 727 4455 οἶκτῑσι
750 4388 948 4470 χαράσσεται
972 4388 1111 4467 ίμματος
1137 4389 1238 4465 αὐγή·
