3242 5014
677 371 850 427 normes.
1294 355 1359 422 221

170 543 350 612 Homerum
374 550 423 612 est
444 544 533 618 διδοῖς
557 551 614 612 aut
637 546 789 624 διδοῖσθα,
811 555 850 615 ut
873 547 1031 625 ιιθεῖοθοι,
1056 544 1195 626 ἔξεισθα,
1217 544 1316 614 oleta.

216 650 253 716 In
273 653 369 717 tertia
391 649 552 718 Homerus
574 656 631 717 aut
654 651 752 721 δίδωσι
775 658 867 743 penit
889 658 945 720 aut
969 652 1053 719 διδοῖ.

215 756 369 842 Reliquae
401 757 522 823 formae
555 778 665 826 omnes
695 768 771 826 sunt
801 765 855 827 τοῦ
889 763 1013 840 πονηροῦ
1044 757 1206 839 κθμμοτος
1238 766 1296 826 eut
1325 783 1364 827 ex

171 862 348 929 scribarum
370 862 513 929 seeorffia
536 870 593 929 aut
613 886 653 930 ex
675 868 963 954 grammaticorum
986 885 1089 931 errore
1111 870 1294 954 prognatae.

216 966 393 1034 Barbarum
414 974 462 1034 est
484 969 585 1050 θΦίη,
610 965 655 1048 ίη,
678 974 787 1052 epate,
811 972 911 1049 μιθίη.
946 970 1085 1037 Barbara
1107 974 1182 1036 sunt
1201 967 1287 1046 ἀνίης
1306 991 1364 1057 pro

171 1073 285 1148 ἑιιεῖς,
309 1074 415 1152 μεθίηο
438 1093 495 1160 pro
518 1076 653 1155 μεθιεῖς,
679 1082 711 1143 et
735 1077 803 1153 θιίη
826 1097 883 1164 pro
907 1077 993 1142 οίνίει.
1027 1075 1166 1142 Barbara
1185 1080 1260 1141 sunt
1279 1076 1363 1142 ίδίδιι

171 1185 203 1244 et
233 1177 303 1245 δίδιο
333 1184 367 1244 et
395 1177 525 1245 δίδοιοθοι
558 1200 615 1266 pro
645 1181 789 1247 διδοῖοθοι.
836 1182 928 1248 Libri
958 1186 996 1247 ut
1025 1181 1205 1267 plurimum
1236 1186 1363 1249 seweni

170 1285 343 1371 scripturas
371 1289 495 1352 veteres
526 1290 559 1352 et
590 1287 789 1366 emendatas,
825 1288 942 1374 quihus
974 1286 1139 1353 Bekkerue
1169 1288 1302 1354 vitiosas
1330 1292 1363 1354 et

171 1391 410 1456 commenticias
432 1391 471 1457 de
493 1411 551 1457 sue
573 1395 749 1478 supposuit.

215 1491 253 1559 In
282 1496 483 1581 imperativis
512 1495 678 1562 Beklrerus
708 1500 813 1564 neseio
844 1497 1003 1584 quomode
1033 1496 1082 1562 nil
1108 1499 1262 1583 peccavit.
1286 1497 1361 1564 τίθει

170 1601 328 1664 intactum
349 1599 480 1686 reliquit
502 1611 540 1666 A.
566 1599 642 1666 509.
666 1609 698 1667 et
718 1604 782 1683 stirp
805 1603 836 1669 δὲ
859 1603 933 1670 τίθει
950 1610 989 1684 Φ.
1014 1600 1089 1669 177.
1114 1607 1147 1669 et
1166 1599 1204 1669 ἵει
1224 1611 1260 1668 Φ.
1283 1600 1359 1669 338.

172 1709 205 1771 et
220 1701 312 1782 ξυνίει
332 1729 364 1770 οι.
385 1703 462 1771 271.
482 1731 506 1771 ο.
527 1703 603 1772 391.
622 1732 653 1771 τ.
675 1705 752 1773 378.
773 1714 806 1773 et
824 1707 904 1775 δίδου
919 1732 953 1787 y.
973 1706 1027 1775 58.
1052 1707 1162 1774 Δίδιιθι
1174 1713 1268 1787 θείη.
1282 1706 1358 1774 380.

306 1811 546 1878 castravere·
569 1808 665 1887 ἵληθι,
691 1810 824 1878 δίδωθι
848 1812 881 1878 δέ
904 1836 955 1891 μοι
979 1812 1066 1886 κλέος
1091 1812 1205 1878 ίοθλθι.

169 1922 208 1981 ut
226 1918 434 1995 ἑμοιίμιιληθι.

214 2020 379 2088 Bekkerus
410 2024 438 2087 si
468 2022 531 2089 sibi
562 2027 704 2090 constare
731 2024 887 2091 voluisset
916 2024 1032 2110 quibus
1054 2023 1094 2091 de
1116 2026 1220 2091 causis
1241 2024 1359 2091 formas

169 2127 269 2202 ἐτίθη,
300 2127 387 2206 τίθη,
419 2127 520 2210 ἅφθη.
551 2129 658 2206 μεθίη,
691 2128 791 2206 telle,
820 2130 888 2196 δίδοι
911 2131 1050 2216 potiores
1072 2150 1139 2197 esee
1161 2131 1360 2197 existimavit

168 2232 283 2298 iisdem
306 2233 393 2312 τίθη,
418 2232 468 2313 ῖη,
492 2231 594 2314 teste,
620 2233 688 2300 δίδω
712 2234 856 2324 vulgatis
878 2240 1067 2322 anteponere
1089 2235 1260 2302 debuisset.
1298 2235 1358 2301 Bo

167 2358 247 2405 num
268 2339 390 2406 1111111111
413 2340 497 2427 quod
519 2361 653 2407 manum
676 2340 841 2407 abstinuit.

212 2443 336 2511 Tertiae
367 2466 490 2531 quoque
515 2448 688 2533 praesentis
709 2466 856 2533 personas
878 2451 1004 2512 mutare
1026 2465 1089 2511 non
1110 2448 1217 2532 potuit
1238 2452 1271 2512 et
1293 2466 1356 2513 ser·

167 2553 258 2617 ravit
281 2558 318 2615 K.
333 2548 408 2615 121.
431 2551 538 2629 μεθιεῖ.
562 2559 604 2618 N.
630 2549 706 2618 731.
730 2552 816 2616 τιθεῖ.
838 2574 869 2614 ο.
894 2548 968 2615 192.
993 2551 1152 2629 παρτιθεῖ,
1176 2549 1231 2615 sed
1250 2572 1290 2616 ne
1310 2552 1356 2617 sie

168 2655 298 2741 quidem
320 2658 462 2742 pepercit
484 2656 631 2722 secundis
654 2665 691 2722 E.
715 2653 784 2721 880
805 2656 910 2728 ἀνιεῖς.
936 2663 971 2721 Ζ.
997 2652 1073 2720 523.
1099 2660 1131 2721 et
1149 2654 1175 2720 δ.
1201 2652 1277 2721 372.
1301 2679 1356 2734 με·

167 2763 257 2840 θιεῖς,
282 2764 371 2827 etin
392 2760 577 2847 imperfecto
599 2770 637 2825 Ο.
660 2759 715 2827 24.
735 2767 768 2827 et
786 2770 825 2826 Θ.
847 2757 924 2825 358.
948 2759 1025 2824 ἀνίει
1047 2768 1085 2825 Ο.
1109 2757 1185 2826 716.
1206 2759 1303 2837 μεθίει
1323 2766 1357 2827 et

166 2869 287 2953 passim
316 2866 424 2949 οῖφίει,
458 2866 570 2946 προΐει,
603 2867 687 2931 τίθει.
720 2868 792 2932 sim.
824 2864 961 2939 Τίθηοθοο
984 2863 1073 2930 dedit
1096 2884 1153 2951 pro
1174 2863 1311 2929 οιθεῖοθοι
1334 2888 1354 2930 ι.

168 2969 244 3036 404.
268 2979 301 3039 et
323 2996 355 3037 e.
381 2968 458 3037 476.

212 3076 313 3150 Διδοῖι
346 3076 511 3145 emendate
542 3076 709 3165 legiturl.
736 3074 810 3142 164.
842 3082 875 3142 et
905 3074 981 3142 διδοῖ
999 3099 1025 3156 ρ.
1050 3074 1127 3141 350.
1159 3074 1214 3141 sed
1235 3078 1355 3161 passim

167 3182 261 3249 ἐδιδου
286 3191 318 3251 et
341 3182 420 3249 δίδου
443 3185 598 3270 pervertit
620 3186 655 3249 in
678 3180 761 3248 ίδίδο
781 3187 813 3247 et
830 3181 918 3259 δίδοι,
943 3179 1206 3268 ο1Ρ1-οδιδοῖοθοι
1226 3188 1267 3245 Τ.
1289 3179 1356 3248 270

165 3310 330 3377 perperam
353 3288 483 3355 διδοσθο
507 3291 683 3376 supposuit.

210 3394 248 3461 In
272 3394 517 3461 Atheniensium
536 3394 638 3474 libris,
662 3401 700 3460 ut
722 3402 755 3461 et
777 3398 811 3459 in
833 3392 992 3480 plerisque
1014 3391 1221 3478 reliquorum,
1233 3393 1357 3478 peccari

167 3499 247 3566 solet
258 3502 293 3566 in
304 3501 449 3567 secundis
466 3503 639 3587 praesentis
651 3502 805 3587 temporis
815 3501 974 3585 personis,
993 3498 1051 3564 ubi
1064 3534 1107 3548 -
1122 3504 1187 3561 etc
1199 3497 1232 3560 in
1246 3497 1355 3569 τιθεῖς.

166 3606 290 3687 docete.
310 3605 418 3684 ξυνιεῖς
431 3615 491 3674 cet.
504 3609 537 3672 in
551 3643 594 3657 -
604 3615 657 3671 Hc
670 3608 825 3672 sexcentis
835 3603 913 3670 locis
924 3603 1010 3669 male
1021 3621 1209 3669 conversum
1220 3600 1354 3666 videbis.

211 3708 305 3777 Certe
335 3710 453 3777 indicio
481 3711 563 3777 hanc
594 3710 738 3777 fraudem
768 3709 953 3795 deprensam
983 3714 1130 3772 tenemus
1159 3708 1193 3771 in
1217 3702 1357 3771 Castoris

166 3814 305 3882 Solensis
327 3815 484 3881 versiculo
507 3815 591 3902 apud
614 3815 815 3881 Athenaeum
836 3835 911 3902 pag.
937 3812 1013 3877 454.
1038 3830 1068 3877 r.

370 3920 532 3998 μωοοπίλε
558 3921 608 4000 θὴρ
632 3920 802 4002 κορθχυιοι
825 3915 856 3990 ὃς
879 3919 1025 3996 μείλιγμ’
1049 3913 1132 3983 trie.

164 4033 259 4117 petita
280 4029 448 4113 scripserat
471 4026 551 4091 tete
574 4027 650 4100 ίεῑς,
674 4045 812 4111 namque
830 4024 987 4091 laboriose
1006 4019 1139 4089 artificio
1155 4021 1284 4088 dederat
1301 4019 1357 4085 he

164 4155 219 4201 mo
239 4154 385 4221 operam,
410 4138 491 4198 teste
507 4131 687 4210 Athenaeo,
710 4139 748 4197 ut
770 4129 916 4218 singulae
935 4128 1081 4215 dipodiae
1101 4131 1204 4194 essent
1221 4126 1356 4189 cederes

164 4240 364 4318 litterarum,
389 4237 693 4319 ἑοδειιοιηοοίμμοιτοι.
740 4236 777 4302 In
801 4238 931 4303 caeteris
954 4236 1102 4301 omnibus
1121 4253 1273 4300 numerus
1292 4231 1356 4319 syl-

163 4346 311 4414 labarum
334 4350 457 4413 ccnstat
479 4344 534 4411 sed
556 4347 590 4409 in

615 4449 763 4527 μείλιγμ’
782 4446 838 4523 ies.
