3276 5006
312 293 377 359 160
708 311 750 357 sn
772 312 927 360 ammaus
950 312 1102 362 doacus.

355 479 405 544 Ex
427 479 524 543 huius
546 499 622 544 usus
645 481 863 548 observatione
885 482 1020 548 indicari
1037 485 1156 568 poterit
1174 501 1272 567 quam
1292 488 1379 549 certa
1395 504 1504 551 emen·

309 584 438 650 datione
458 582 567 649 locum
589 585 683 651 Pauli
706 586 851 672 Apostoli
873 589 908 653 in
930 587 1075 673 Epistola
1091 587 1130 653 ad
1149 582 1310 653 Romanos
1323 591 1505 656 restituerit
1603 576 1604 595 ²

309 707 406 753 senex
428 687 619 755 venerabilis
641 688 721 755 elim
742 690 827 756 mihi
850 690 974 779 collega
995 697 1028 756 et
1048 695 1171 757 amiens
1193 691 1244 756 W.
1268 694 1307 756 A.
1331 713 1395 759 van
1413 692 1504 758 Hen-

309 791 373 879 gel.
420 791 458 860 In
488 792 581 858 libris
609 800 658 859 est
689 797 744 875 (ad
772 795 859 861 Rom.
889 795 963 861 XII.
988 795 1038 878 3.)
1067 798 1152 876 λέγω
1183 798 1246 877 γὰρ
1270 837 1315 850 -
1337 797 1432 863 πωντὶ
1455 800 1501 879 τῷ

308 895 371 962 dm
395 897 426 961 ἕν
450 899 521 977 ὑμῖν
550 899 595 976 μὴ
618 898 830 980 ὑπερφρονεῖν,
860 904 930 966 sine
959 922 1062 967 sensu.
1108 901 1264 989 Reposuit
1284 923 1348 968 van
1370 901 1502 990 Hengel
1604 900 1605 939 ³

308 1002 406 1068 πωντὶ
435 1005 477 1083 τῷ
500 1001 577 1069 θνΤί
600 1012 646 1068 TI
671 1004 701 1068 ἐν
725 1006 810 1081 ὑμῖν,
843 1025 923 1090 quae
952 1009 1109 1091 scriptura
1129 1027 1203 1073 mea
1224 1007 1501 1072 commendatione

307 1126 370 1172 non
393 1108 534 1195 indiget,
559 1110 636 1173 satis
659 1111 746 1173 enim
769 1113 894 1195 seipsa
916 1110 1162 1176 commendabit.

351 1316 461 1385 Multa
483 1319 522 1383 ab
545 1317 675 1383 Editore
696 1318 866 1385 manifesta
887 1319 1043 1385 lectomm
1065 1325 1098 1384 et
1120 1320 1291 1386 sciolorum
1311 1321 1499 1387 addimenta

306 1442 434 1488 stimmo
459 1425 528 1488 iure
550 1421 721 1501 ὥβθλντοω,
746 1424 801 1488 sed
824 1426 859 1488 in
881 1426 991 1508 paneis
1011 1425 1141 1491 evidens
1162 1428 1318 1510 expunxit
1335 1425 1498 1493 emblema

305 1548 380 1615 pag.
406 1526 481 1593 525.
506 1546 536 1592 n.
562 1529 609 1614 [οὐ
635 1526 699 1609 γὰρ
722 1523 808 1607 οἶμαι
832 1528 902 1606 ἐξῆν
925 1529 1029 1609 αὐτῷ·
1056 1528 1098 1594 διὸ
1121 1530 1173 1594 κω)
1198 1528 1496 1610 εὐθωνμονέςεροονῖν
1606 1600 1607 1631 1

305 1632 325 1708 ἢ
349 1626 392 1706 οἷς
416 1629 512 1717 ἐξῆν]
545 1631 696 1699 Rationes
719 1634 926 1718 quamobrem
948 1632 1042 1699 Plato
1063 1634 1141 1699 haec
1162 1635 1324 1719 scripsisse
1343 1655 1406 1701 non
1423 1655 1495 1720 pes·
1606 1634 1607 1637 ’

305 1739 366 1815 sit,
391 1738 465 1803 vide
487 1738 571 1823 apud
593 1740 711 1822 ipsum.
746 1737 785 1803 In
806 1737 857 1802 his
879 1738 929 1802 ἐπ’
953 1737 1120 1819 αὐτοφώρω
1142 1737 1406 1822 deprehendimus
1424 1758 1492 1817 eos,

305 1844 362 1928 qui
383 1844 412 1907 si
433 1841 512 1926 quid
534 1842 596 1907 sibi
619 1845 703 1908 inter
724 1841 898 1930 legendum
918 1844 1057 1908 venisset
1076 1845 1112 1906 in
1134 1845 1330 1907 mentemin
1345 1863 1401 1908 ora
1416 1841 1494 1909 libri

304 1950 356 2013 sui
379 1947 584 2025 annotabam,
608 1946 693 2012 unde
715 1952 826 2032 postea
846 1953 1044 2033 praepostere
1062 1949 1260 2032 recipiuntur
1277 1949 1313 2011 in
1330 1952 1468 2014 textum.

348 2156 430 2246 Peg.
456 2157 532 2223 525.
555 2177 585 2224 Β.
610 2159 698 2225 ἄλλοὶ
722 2158 801 2242 γάρ,
824 2157 847 2226 ὦ
871 2160 1077 2237 Καλλίκλεις,
1103 2160 1136 2226 ἓν
1160 2166 1218 2225 τῶν
1239 2158 1413 2239 δυναμένων
1430 2160 1488 2224 rici

303 2262 357 2329 καὶ
380 2264 407 2328 ol
430 2262 549 2343 οφθδροο
576 2263 693 2344 πονηροὶ
725 2265 902 2345 γιγνόμενον
931 2263 1089 2346 ἄνθρωπον.
1134 2265 1326 2332 Mendosum
1354 2270 1403 2330 est
1430 2270 1490 2330 τῶν

302 2367 486 2445 δυναμένων,
518 2388 593 2433 nam
622 2373 656 2433 et
686 2367 833 2435 δύνοτθοω
862 2390 974 2455 perse
996 2369 1080 2434 nihil
1102 2368 1277 2457 significat,
1307 2388 1409 2454 neque
1429 2373 1489 2433 τῶν

301 2481 421 2538 Mera
444 2471 615 2550 δυνομένων
634 2472 704 2539 loco
721 2474 997 2540 accommodatum
1014 2479 1073 2539 est.
1105 2472 1253 2539 Servavit
1269 2475 1360 2539 nobis
1378 2493 1489 2539 reram

300 2577 469 2644 lectionem
500 2578 585 2642 hunc
616 2578 723 2643 locum
754 2578 931 2644 describens
953 2578 1109 2644 Aristides
1131 2577 1222 2644 Tem.
1245 2576 1286 2643 Π.
1310 2598 1384 2666 pag.
1411 2576 1486 2642 115.

301 2683 337 2747 ἐν
364 2690 423 2748 τῶν
453 2691 611 2748 ΑΤΤΩΝ
642 2683 719 2759 riri,
751 2703 827 2749 nam
857 2683 966 2767 paullo
995 2689 1068 2748 ante
1095 2682 1236 2748 dixerat:
1268 2677 1355 2759 οἶμον
1378 2682 1410 2748 u
1433 2683 1507 2764 κοιὶ,

299 2788 370 2861 τοὺς
393 2789 526 2860 πολλοὺς
550 2787 663 2853 τούτων
692 2783 767 2852 εἶναι
791 2788 825 2851 ἐν
847 2786 998 2867 τυράννων
1020 2787 1072 2851 κω)
1097 2786 1253 2864 βασιλέων
1275 2787 1328 2851 καὶ
1352 2785 1487 2854 δυνατῶν

299 2893 353 2958 aa}
384 2892 427 2957 roi
458 2897 516 2957 τῶν
547 2890 665 2958 πόλεων
695 2890 887 2974 πραξάντων.
934 2890 989 2957 Sic
1018 2894 1106 2959 enim
1133 2892 1219 2959 hunc
1243 2891 1351 2957 locum
1374 2890 1487 2956 Editor

297 3000 474 3065 rectissime
496 3000 670 3063 constituit

342 3207 484 3274 Fatuum
515 3206 674 3272 emblema
696 3206 853 3273 delitescit
875 3228 948 3295 pag.
974 3204 1050 3272 527.
1074 3224 1103 3273 a.
1127 3209 1162 3270 in
1183 3207 1287 3271 hisee:
1323 3205 1355 3269 ἐν
1378 3203 1485 3270 τοσού-

298 3335 361 3383 τοις
393 3308 498 3389 λθνονς
525 3315 586 3375 τῶν
608 3310 713 3376 ἄλλων
736 3310 952 3392 ἐλεγχομένων
974 3317 1131 3377 MoNoc
1154 3317 1301 3375 o'rToc
1322 3310 1431 3387 ἦρεμνῑ
1452 3306 1482 3395 [θ

297 3415 425 3495 adocei,
448 3418 487 3488 ως
512 3416 702 3495 εὐλαβητέον
726 3416 770 3485 tet
795 3416 829 3481 τὸ
853 3415 967 3482 ditaris
989 3419 1114 3496 μᾶλλον
1136 3414 1154 3490 ἢ
1174 3413 1209 3478 τθ
1232 3412 1413 3479 diacrisim.
1443 3411 1483 3476 ln

297 3523 349 3588 bis
372 3521 493 3608 ellipsis
516 3543 577 3587 nou
602 3527 729 3587 tantum
753 3521 881 3608 elegans
900 3527 950 3588 est
971 3522 1025 3588 sed
1046 3540 1174 3606 prorsus
1195 3520 1379 3586 necessaria.
1414 3515 1481 3582 Ilti-

294 3648 351 3693 am
373 3627 462 3692 sedes
484 3628 629 3694 fraudem
650 3630 769 3714 arguit.
934 3624 944 3639 '

342 3834 421 3924 Peg.
447 3835 523 3902 527.
546 3855 575 3903 o.
608 3837 674 3915 spot
708 3833 758 3902 οὖν
787 3832 977 3915 πειθόμενος
1001 3834 1201 3909 ἀκολούθησον
1222 3835 1406 3899 etiamnunc
1428 3840 1481 3896 ni·

296 3941 439 4022 θθμενος,
465 3943 549 4030 qued
572 3945 729 4010 sententia
750 3942 813 4008 loci
835 3942 977 4029 flagitat,
1001 3939 1244 4006 restituendum.

340 4152 419 4219 Post
441 4174 543 4240 pauca
563 4153 686 4219 editur:
723 4149 813 4218 ἕωοθν
842 4149 912 4215 τννοὶ
942 4172 995 4215 ooo
1026 4154 1260 4230 νοτοφρονῆτοιν
1289 4148 1329 4220 ὥς
1356 4146 1482 4222 ἀνοήτων

295 4258 349 4325 nal
380 4259 612 4339 inperatoriam
643 4257 696 4323 ἐὰν
727 4258 893 4337 βούληται.
926 4255 979 4322 nal
1011 4254 1061 4320 val
1089 4253 1138 4333 μὰ
1162 4252 1226 4319 Ale
1248 4251 1288 4319 σθ
1309 4274 1351 4331 γε
1372 4253 1483 4332 θαρρῶν

294 4363 442 4442 πωτοθξωο
472 4368 527 4463 τὴν
555 4363 667 4442 ἄτιμον
689 4363 807 4438 τούτων
830 4362 977 4441 πληγήν·
1001 4360 1082 4427 οὐδὲν
1105 4360 1169 4440 γὰρ
1192 4357 1285 4423 δεινὸν
1305 4356 1405 4421 astoer
1429 4356 1484 4420 ἐὰν
