3254 5034
784 357 984 404 munsterum

425 533 479 595 τοῦ
502 526 534 593 δέ
557 551 604 600 τις
627 525 788 593 άθανάτων
807 525 920 607 βλάψε
944 523 1059 608 φρένας
1083 523 1164 592 ἔνδον
1186 526 1273 599 ῶσας

377 652 381 659 ’
427 633 461 710 ἦέ
484 656 532 707 τις
554 634 730 715 άνθριθπωυ·
755 634 769 698 θ
790 633 817 699 δ’
841 631 900 711 ἔβη
924 634 1009 712 μετά
1029 633 1145 715 πατρὸς
1170 631 1294 708 άκουην.

290 736 433 803 Subuate
465 737 544 803 milri
576 740 718 826 suspicio
749 747 799 804 est
830 740 863 805 io
897 740 1003 826 priore
1034 757 1129 805 vorsu
1165 735 1248 804 hauc
1280 737 1475 824 scripturam

289 841 364 907 olim
391 841 491 911 luisse

520 951 588 1016 τὸν
612 950 644 1016 δέ
667 974 714 1024 τις
738 949 900 1017 άθανάτων
922 948 1036 1032 βλάψε
1059 947 1193 1032 φρθνας,

287 1060 320 1120 ct
352 1056 604 1139 grammaticum
638 1056 748 1122 nescio
780 1075 875 1140 quem
909 1056 991 1121 hanc
1022 1054 1287 1141 compositionem
1317 1050 1479 1119 similibus

289 1159 445 1247 exemplis
467 1159 631 1228 iilustrare
657 1161 805 1227 voluisse.
853 1161 965 1229 Simile
989 1171 1038 1227 est
1062 1160 1097 1226 ll.
1123 1170 1159 1226 Φ.
1185 1164 1228 1225 38

470 1268 484 1332 θ
507 1268 533 1332 δ’
558 1266 664 1348 ἐρινεὸν
686 1266 751 1344 θξέϊ
770 1272 884 1350 χαλκῶ
908 1267 1021 1347 Τάαυε
1045 1266 1125 1339 νέους
1149 1264 1301 1347 ὄρπηκας.

288 1379 321 1436 ct
351 1370 413 1436 alia
444 1372 610 1460 complura
636 1373 767 1460 passim.
816 1372 1024 1439 Siruillimum
1049 1380 1099 1439 est
1129 1373 1181 1437 τὸν
1209 1373 1241 1438 δὲ
1272 1370 1379 1444 τκθτος
1409 1369 1479 1436 irre

288 1474 451 1559 κάλυψεν,
484 1487 516 1544 el
539 1478 655 1562 φρένας
680 1479 712 1544 in
741 1478 834 1566 plaue
858 1476 992 1566 gemella
1024 1478 1254 1564 compositione
1287 1477 1418 1565 pruritur
1442 1475 1478 1542 ΙΙ.

290 1591 324 1648 Ζ.
350 1588 415 1650 otc

471 1691 538 1757 ἐπεὶ
560 1692 595 1756 οὲ
619 1689 745 1769 petaso
770 1688 857 1763 πθνος
881 1690 995 1772 <peltas
1019 1687 1261 1773 άμφιβέβηκεν,

288 1793 373 1879 quod
398 1794 508 1861 sedulo
532 1796 706 1862 imitantur
730 1797 879 1882 Tragici,
905 1804 940 1861 ut
967 1798 998 1861 iu
1019 1799 1064 1875 μη
1087 1794 1189 1877 φθβος
1213 1821 1249 1863 σε
1272 1794 1385 1861 νικάτω
1405 1794 1478 1877 opt-

289 1925 360 1977 νοις,
384 1912 441 1967 aut
463 1900 563 1985 φθβος
583 1904 619 1981 μ’
639 1902 707 1984 ἔχει
725 1901 859 1984 φρένας,
884 1900 967 1987 opud
991 1900 1158 1968 Tlriersclr.
1182 1901 1312 1968 llomcr.
1333 1899 1477 1967 Gramm.

288 2011 411 2092 5275,
438 2011 469 2073 4.
517 2005 682 2073 ticcerlunt
708 2006 758 2073 his
780 2005 919 2093 (leuique
945 2005 979 2073 li.
1004 2018 1044 2075 Ψ.
1073 2013 1147 2076 78ῶ.

537 2109 558 2178 ὦ
583 2111 693 2191 πθποι,
717 2110 736 2190 ἦ
758 2117 794 2191 μ’
818 2110 946 2195 ἔβλαψε
968 2114 1023 2180 θεά
1047 2112 1163 2190 πθδας.

288 2225 321 2285 et
344 2228 383 2283 Π.
409 2221 475 2285 660

538 2324 604 2390 ἐπεὶ
627 2325 772 2405 βασιλῆα
794 2323 856 2390 ἴδον
879 2324 1107 2407 βεβλαμμένον
1130 2323 1209 2409 ἦτορ.

335 2426 396 2496 Seu
423 2426 581 2516 quidquid
605 2428 702 2497 lruius
727 2430 773 2497 rei
793 2440 842 2497 est
866 2430 896 2495 ut
921 2441 1009 2498 certe
1034 2431 1113 2498 milri
1139 2431 1267 2499 videtur
1290 2436 1380 2495 extra
1404 2450 1478 2495 coo·

288 2535 476 2601 troversiam
501 2554 570 2601 esse
596 2534 765 2616 Scholion,
799 2535 884 2623 quod
913 2556 1011 2625 supra
1043 2537 1292 2625 adscripsimus,
1324 2534 1364 2601 ad
1389 2533 1477 2601 illam

288 2642 483 2729 scripturam
511 2644 605 2708 unice
628 2662 808 2729 congruere
831 2652 863 2709 et
886 2643 933 2710 sic
957 2645 1064 2710 omuia
1088 2655 1175 2711 recte
1199 2643 1326 2711 habere.

334 2849 448 2940 Odyss
475 2862 507 2923 Ξ.
538 2857 598 2920 199
622 2855 657 2921 ἐκ
687 2856 746 2936 μὶν
769 2853 930 2937 Κρητάωνε
959 2855 1021 2921 άπδ
1050 2860 1102 2921 τοῦ
1134 2862 1307 2938 Κοῆται.
1340 2854 1392 2920 καὶ
1416 2854 1479 2927 τάς

286 2959 419 3034 Ἀθάνας
447 2961 510 3042 γάρ
542 2961 616 3026 ποτὲ
648 2963 748 3035 ἑνικῶς
779 2961 852 3028 ποτὲ
886 2963 1093 3036 πληθυντικῶς
1129 2960 1289 3044 θνομάζει.
1324 2965 1414 3026 τοῦτο
1449 2960 1480 3026 δὲ

287 3061 428 3145 ζηλῶν-ας
464 3068 478 3132 θ
512 3068 723 3148 Καλλίμαχος
754 3067 806 3133 τδν
840 3067 974 3133 Κολωνδν
1006 3069 1140 3143 θηλυκῶς
1181 3068 1233 3133 καὶ
1270 3067 1478 3143 πληθυντικῶς

289 3166 392 3236 εἶπεν·

469 3276 504 3344 ἔκ
526 3302 567 3358 με
592 3279 757 3346 Κολωνάων
778 3303 825 3353 τις
847 3278 967 3358 θμέςιον
991 3280 1098 3359 ἤγαγε
1123 3277 1218 3357 δήμου

468 3390 527 3450 τῶν
550 3384 667 3467 ἑτέρων.

335 3488 525 3557 Rectissime
546 3492 731 3578 suspicatur
756 3491 973 3557 Buttmaouus
995 3511 1033 3556 ex
1056 3488 1242 3557 Callimachi
1269 3488 1383 3556 llecale
1402 3508 1478 3556 eum

288 3592 394 3660 locum
426 3616 497 3662 esse
528 3595 726 3664 lesumtum.
774 3597 890 3664 Suirlus
921 3598 1029 3675 cuitu,
1066 3598 1119 3662 cul
1152 3594 1231 3662 nihil
1265 3604 1393 3683 practer
1422 3597 1479 3673 rip

288 3699 426 3777 Ἑκάλην
456 3722 494 3769 ex
529 3702 753 3771 Callimacheis
786 3703 916 3770 videtur
946 3701 986 3768 ad
1012 3720 1141 3768 rnoruuu
1174 3701 1295 3780 luisse,
1327 3709 1360 3768 et
1392 3699 1478 3789 opud

289 3826 404 3895 quem,
437 3817 473 3873 ut
498 3811 661 3898 suspicor,
685 3807 897 3897 complusculi
921 3810 955 3874 ἐκ
984 3817 1040 3885 τῆς
1064 3808 1201 3885 Ἑκάλης
1232 3807 1383 3874 versiculi
1407 3808 1479 3873 sine

289 3920 401 4000 poetae
426 3914 554 3981 uorrriue
577 3914 698 3992 latent,
724 3914 772 3982 iris
795 3914 835 3981 ad
859 3936 933 3981 eum
958 3914 1063 3980 locum
1090 3916 1230 4002 respexit
1254 3934 1283 3981 r.
1310 3911 1477 3981 Κολωνάων

290 4027 323 4083 ei
345 4038 374 4084 v.
396 4022 598 4100 Ὀμέςιονε
633 4023 785 4102 θαθιικον,
818 4021 1002 4106 ὁμωρόφιον,
1035 4023 1193 4101 γαμετήν.
1242 4019 1346 4107 lpsius
1379 4019 1478 4085 bonae

289 4126 416 4193 vetulae
439 4127 534 4193 verbo
567 4136 644 4194 suut
667 4128 706 4193 acl
732 4127 890 4194 Theseum
918 4128 964 4193 ita
995 4125 1152 4194 dicentis:
1182 4123 1327 4207 ἠγάγετθ
1358 4124 1400 4206 μθ
1430 4149 1479 4198 τις

290 4240 428 4314 γυναῖκα
459 4236 493 4300 ἐκ
523 4240 582 4300 τῶν
614 4240 754 4300 Κολωνῶν
785 4240 843 4300 τῶν
870 4231 985 4314 ἑτέρων.
1032 4231 1116 4313 Quid
1148 4233 1192 4297 sir
1223 4243 1331 4300 autem
1356 4233 1392 4297 ἐκ
1421 4235 1479 4298 τῶν

290 4346 432 4406 Κολωνῶν
447 4346 506 4407 τῶν
525 4342 631 4423 ἑτέρων
653 4360 746 4406 neruo
765 4338 881 4406 melius
898 4337 1025 4405 docelut
1045 4358 1141 4426 quam
1162 4338 1371 4407 Pherecrates
1391 4335 1477 4425 apud

291 4445 481 4533 Harpocrot.
505 4466 536 4515 r.
561 4447 753 4520 Κολωνθτας·
