3244 5012
314 306 381 376 ³10
648 324 692 372 nu
714 322 946 374 snuuouoenu
967 324 1163 395 annuunt

314 496 393 563 beet
414 495 494 560 fuit:
519 492 558 560 de
579 500 669 580 patre
691 494 819 560 Amoris
841 499 899 559 aut
920 494 1009 581 prole
1031 515 1094 560 uon
1117 495 1244 580 loquer;
1269 502 1399 562 neutroe
1417 496 1494 560 eninr

293 600 440 668 'hebuit
475 598 563 680 Ques
585 601 741 665 sententis
763 601 792 663 si
813 619 889 666 vera
911 603 976 676 est,
1000 601 1145 684 scripsit:

452 704 582 784 γενέτας
607 705 634 770 δ’
656 704 727 770 edus
751 728 813 777 τις
835 703 906 771 ούσν
929 703 1066 783 μένος.

359 810 472 897 Epigr.
498 807 574 876 184.
1567 856 1568 899 ,

314 919 400 985 arete
422 915 588 983 cohaerere
609 914 737 982 videtur
759 933 835 979 eum
858 914 1090 1000 epigrammate
1111 911 1187 981 182.
1223 912 1383 1000 linquitur
1401 916 1495 991 enim,
1567 912 1568 925 ³

314 1021 378 1087 nisi
405 1018 518 1098 fallor,
549 1019 637 1085 idem
665 1020 722 1103 qui
750 1017 820 1083 illie
847 1017 887 1082 ed
915 1037 1057 1098 seruum,
1088 1018 1143 1086 bie
1165 1019 1206 1087 sd
1228 1022 1298 1086 eius
1321 1019 1496 1094 dominam,

314 1122 447 1191 infidam
469 1123 533 1191 sibi
553 1122 705 1209 puellam.
740 1121 833 1188 Unde
850 1121 990 1200 fastum,
1009 1129 1048 1188 ut
1065 1125 1119 1192 bie
1136 1144 1199 1191 nen
1219 1129 1368 1211 appareat
1379 1121 1497 1212 puellae

315 1248 442 1297 nemen.

360 1331 472 1421 uprgr.
499 1330 575 1398 193.
600 1330 631 1397 4.
772 1316 777 1325 '

542 1435 704 1516 σύμπλουν
726 1436 795 1501 σύν
816 1461 867 1516 με
889 1436 1026 1515 λαβὼν
1049 1436 1174 1515 byns.

316 1541 421 1629 snpra
443 1538 506 1620 bb,
531 1540 553 1606 4
576 1541 681 1608 editur
703 1541 783 1619 σύμ
806 1563 855 1620 με
877 1540 1033 1620 λαβών.
1057 1542 1141 1609 Ιοοοο
1163 1541 1241 1621 VII,
1261 1541 1323 1622 89,
1344 1542 1364 1609 5
1389 1546 1497 1610 iterum

317 1647 387 1713 σύν
409 1669 462 1725 μον
484 1645 669 1726 βούλευσον,
693 1648 754 1712 etsi
775 1646 873 1712 eaden
892 1645 989 1711 hebet
1007 1646 1087 1724 σύμ
1105 1669 1171 1725 μον
1189 1647 1378 1727 βούλευσον,
1399 1651 1498 1714 omns

317 1753 394 1831 VH,
427 1750 504 1819 172.
530 1750 552 1817 8
575 1752 655 1830 τούμ
678 1753 775 1817 ποσίν.
810 1750 953 1837 Utraque
985 1751 1143 1817 seribendi
1174 1756 1258 1819 ratio
1279 1754 1380 1839 proba
1402 1758 1498 1820 estet

317 1860 465 1943 antiqua,
498 1857 553 1922 sed
582 1876 646 1922 nen
673 1855 832 1922 laudande
859 1861 907 1921 eet
929 1855 1059 1922 edituris
1078 1858 1305 1937 inconstantia,
1330 1862 1389 1944 qui
1411 1855 1498 1923 mede

319 1962 437 2029 eedieis
477 1963 668 2045 seriptursm
708 1962 1007 2046 repraesentaverit,
1046 1961 1142 2028 modo
1179 1963 1399 2051 vulgationem
1431 1962 1496 2027 seri·

317 2066 413 2134 bendi
434 2084 558 2130 morem
579 2071 707 2131 secutus
728 2068 783 2131 sit.

363 2171 474 2258 Epigr.
500 2167 582 2248 195,
608 2169 639 2235 4.

545 2272 623 2339 aba
644 2271 785 2352 λύγους
808 2275 851 2340 τύ
876 2272 1146 2353 revulneret
1169 2273 1259 2349 ύσοο.

317 2380 489 2469 Eleganter
510 2378 694 2445 Heekerns:

545 2484 567 2548 οἱ
590 2483 616 2548 δ’
639 2482 772 2564 ύύοονο
795 2483 838 2549 σύ
861 2481 1128 2564 prostituat
1150 2484 1237 2561 ἔντος.

361 2593 407 2656 At
436 2590 533 2658 verbo
563 2586 780 2667 γλυκυμυθεῖν
811 2609 888 2655 usus
917 2594 965 2655 est
995 2591 1082 2656 idem
1104 2590 1291 2656 Mutuum
1312 2589 1395 2670 XII,
1422 2588 1495 2666 122,

318 2703 351 2762 et
372 2695 504 2761 fortusse
526 2692 566 2760 de
586 2693 744 2759 industrie
766 2697 799 2760 in
818 2697 1007 2781 synonymis
1025 2694 1139 2762 lusisse
1156 2694 1317 2782 putandus
1334 2704 1403 2776 est,
1421 2692 1495 2782 quod

317 2822 381 2869 nen
409 2801 575 2866 abhorrere
604 2799 732 2867 videtur
761 2820 780 2865 s
809 2802 1022 2886 grammatico
1050 2802 1146 2866 istius
1170 2802 1243 2867 seui
1267 2805 1436 2887 poetarum
1455 2802 1496 2865 in·

319 2908 423 2994 genio.
466 2903 609 2985 Quorum
629 2905 771 2970 earmina
798 2904 1030 2991 mulgentibus
1056 2905 1228 2993 diligenter
1257 2905 1435 2972 terendum
1463 2922 1498 2969 ne

319 3012 432 3078 invitis
462 3012 534 3075 istis
565 3009 772 3076 obtrudamus
800 3012 946 3074 nostrum
975 3009 1102 3094 pulchri
1124 3031 1253 3076 sensum
1276 3016 1370 3097 etque
1389 3009 1496 3078 deeori.

321 3112 421 3196 Quid,
451 3119 490 3178 nt
517 3114 578 3180 hee
607 3118 696 3191 utar,
728 3112 769 3180 sd
791 3119 936 3180 nostrum
959 3134 1088 3179 sensum
1110 3117 1218 3181 uainus
1241 3115 1386 3203 elegans,
1410 3133 1496 3202 quau

321 3218 405 3305 qued
427 3218 514 3283 idem
532 3223 626 3304 poeta
648 3218 761 3285 scribit
783 3220 817 3283 iu

364 3322 475 3410 Epigr.
501 3320 584 3402 197,
610 3321 630 3389 t
653 3343 699 3409 sq.

408 3428 501 3506 βουνὸν
523 3425 587 3507 ἕχον
610 3424 647 3493 σύ
667 3451 708 3507 γε
732 3425 883 3510 λειφθέν,
901 3427 1024 3509 Ἔρως,
1049 3430 1099 3495 ἐπὶ
1119 3430 1243 3510 χεύλοσν
1268 3435 1393 3509 nesius

452 3533 480 3598 ei
504 3531 531 3596 δ’
557 3530 675 3604 ἐθέλοις
700 3532 751 3598 νυοὶ
774 3534 871 3611 τοῦτ’,
896 3533 984 3609 εἰπέ,
1007 3534 1060 3600 κού
1085 3533 1360 3613 ἐκπτύσομονν.

319 3658 376 3724 pro
399 3637 625 3716 ἔνσνεύσομυν,
649 3638 734 3723 qued
754 3643 858 3704 metro
881 3636 1126 3704 excludebatur?
1266 3628 1270 3631 ’

363 3742 544 3828 Depreuata
574 3747 682 3810 eutem
711 3743 823 3829 presul
844 3744 941 3811 dubio
965 3765 1046 3833 ques
1069 3744 1190 3825 ibidem
1213 3747 1259 3811 sie
1281 3747 1399 3831 seripts
1420 3761 1498 3832 prae

320 3848 454 3916 redunt:

406 3951 454 4017 νυοὶ
479 3951 576 4018 πάλιν
601 3951 730 4026 Ἰλνοὶδος
754 3953 838 4035 Φύλσο
860 3954 1016 4032 satyria,
1042 3955 1091 4018 voti
1114 3953 1331 4036 Φνλύγρυσνον

461 4056 594 4137 λύχνον,
621 4057 702 4135 ἐμῶν
721 4060 827 4137 κώμων
850 4058 985 4125 πολλοὶ
1008 4055 1120 4124 σνύνσον
1142 4059 1237 4137 μέλη.

315 4162 380 4228 Fae
399 4164 487 4228 enim
509 4164 604 4228 πίνειν
626 4167 710 4229 reete
733 4163 798 4228 diei
819 4184 876 4248 pro
899 4164 1038 4240 ύκούονν,
1063 4165 1148 4250 quod
1169 4171 1277 4233 tumen
1300 4173 1375 4247 (non
1397 4166 1498 4232 sddite

314 4276 379 4339 τοῖς
407 4268 490 4351 ὠσίν)
513 4267 608 4335 valde
628 4267 764 4333 dubium
786 4274 852 4346 est,
876 4269 931 4335 sed
954 4270 1003 4334 fae
1027 4276 1113 4336 reete
1135 4271 1214 4349 diei,
1239 4274 1375 4357 permire
1398 4277 1497 4338 tamen

313 4368 459 4440 lucernae
488 4376 641 4441 tribuitur
672 4373 820 4441 audiendi
850 4374 1003 4454 facultas,
1033 4377 1086 4441 eui
1109 4378 1217 4442 visum
1241 4378 1342 4442 tribui
1364 4399 1382 4444 a
1404 4377 1497 4462 poetis
