3388 5010
640 374 798 423 couterini
821 372 857 420 rr
880 375 1033 424 euersum.
1354 362 1415 429 001

224 556 398 630 reponere,
421 541 626 609 emendatum
652 549 762 609 eutem
784 544 817 608 iu
843 543 1022 630 marginem
1047 542 1209 630 relegere,
1232 554 1365 626 contro,
1388 550 1419 615 si

226 647 444 733 [regmentum
479 646 613 734 aliquod
645 645 853 735 probabiliter
883 649 1096 715 constitutum
1120 657 1223 727 esset,
1249 659 1285 718 ut
1309 661 1418 720 temer

226 750 320 818 rulde
343 772 361 818 n
386 752 544 819 librorum
569 753 764 818 necteritete
787 751 1011 829 recederetur,
1034 772 1100 819 une
1122 761 1234 823 tenore
1256 758 1416 843 seriptum

227 875 357 923 rusum
381 857 533 923 vitiosum
556 856 650 921 initio
670 857 833 927 veriorum
854 856 1031 924 lectionum
1051 867 1303 946 repraesentare.
1339 860 1416 948 Spe·

226 961 366 1028 mudum
384 970 451 1039 ost,
475 970 531 1041 ut,
553 961 583 1026 si
603 958 645 1026 nd
664 958 802 1027 Nonium
824 960 930 1028 editor
949 964 1141 1040 accesserit,
1165 966 1200 1031 in
1221 965 1416 1053 recipiendis

224 1066 295 1132 suis
324 1066 522 1133 coniecturis
555 1065 664 1130 miuus
695 1065 920 1151 periclitetur3
956 1084 1031 1134 nuru
1064 1066 1145 1135 tales
1170 1062 1323 1137 suctores
1351 1089 1416 1137 nou

223 1169 369 1237 eduntur
398 1178 435 1238 ut
465 1168 636 1237 desideriis
666 1169 803 1236 sutisiiat
834 1190 966 1250 eorum,
997 1173 1052 1258 qui
1086 1192 1150 1240 uno
1172 1182 1285 1241 tenore
1307 1174 1416 1260 legere

223 1276 377 1363 cupient,
409 1275 466 1342 sed
499 1284 534 1342 ut
564 1292 605 1343 ex
630 1274 670 1340 iis
701 1284 853 1363 tanquam
876 1296 917 1343 ex
944 1278 1139 1347 intemerato
1171 1278 1259 1347 iente
1289 1279 1415 1347 hauriri

225 1382 344 1468 possit,
367 1380 446 1467 quid
470 1379 525 1447 ulii
550 1380 707 1448 dixerint.

270 1484 386 1553 Lucilii
410 1494 548 1554 aetutem
573 1502 637 1552 non
661 1483 815 1551 excedere
838 1484 1003 1552 soeculum
1024 1505 1054 1553 a.
1077 1486 1113 1554 (l.
1135 1486 1333 1566 secuudum,
1358 1489 1414 1557 eed

224 1591 389 1658 pretorius
408 1592 588 1678 incepisse,
606 1608 706 1676 quum
726 1588 870 1677 plerique
890 1598 1022 1658 auctore
1035 1591 1232 1681 Hieronymo
1250 1600 1415 1673 statuunt,

223 1694 392 1763 uerissime
415 1695 508 1762 nelis
531 1694 677 1762 iudicare
700 1693 829 1760 ridetur
851 1693 1022 1762 lluellerus
1045 1716 1079 1783 p.
1105 1701 1183 1764 289.
1228 1697 1309 1765 Num
1331 1714 1414 1785 quoe

223 1807 303 1866 sunt
328 1801 362 1867 iu
385 1803 457 1868 eius
479 1801 591 1867 satiris
620 1808 803 1887 temporum
837 1807 948 1877 nome,
975 1819 1086 1867 omnes
1111 1803 1196 1868 iutra
1220 1821 1322 1869 nunes
1345 1806 1413 1870 600

222 1911 259 1970 et
282 1908 349 1972 660
371 1904 494 1972 cedunt
516 1902 677 1994 (tinnient.
701 1904 730 1971 ll
754 1923 787 1991 p.
814 1908 876 1981 76,
902 1910 962 1982 70,
986 1904 1054 1990 cll.
1090 1906 1152 1988 Qui
1172 1915 1280 1974 nutem
1302 1913 1336 1974 e⁰
1348 1911 1414 1977 606

221 2006 354 2076 demum
387 2022 461 2077 eum
493 2018 606 2077 nutum
632 2016 768 2096 putant,
802 2009 1017 2076 inextricabili
1050 2030 1160 2080 errore
1189 2012 1413 2099 implicentur.

223 2113 313 2195 Quae
339 2122 452 2181 contro
476 2114 516 2182 de
539 2113 653 2181 ordine
676 2113 832 2180 librorum
858 2114 1019 2181 editurum
1043 2117 1159 2183 sututt
1182 2116 1240 2195 lt,
1264 2136 1302 2185 en
1326 2117 1415 2184 nulla

224 2218 288 2285 ilde
312 2218 408 2306 digne
432 2227 520 2286 suot.
568 2219 664 2287 Putet
693 2219 780 2285 euim
810 2217 910 2286 libros
943 2222 1087 2307 quinque
1110 2228 1289 2308 postremos
1311 2220 1414 2288 editos

223 2342 296 2391 erse
321 2332 396 2393 ente
428 2324 588 2411 reliquos,
621 2322 719 2412 idque
746 2332 895 2392 constare
922 2344 961 2392 ex
991 2323 1043 2390 his
1074 2325 1221 2393 versibus
1244 2326 1267 2396 l.
1293 2326 1412 2395 xxix.

226 2431 289 2495 21:

397 2534 529 2620 ipoiost
552 2552 692 2612 numen,
716 2535 771 2621 qui
798 2542 830 2601 te
853 2536 998 2622 antiquis
1021 2553 1083 2599 nen
1108 2536 1193 2602 sinet

393 2638 526 2706 deliciis
543 2638 704 2705 moenium
727 2647 825 2725 etque
848 2639 1060 2725 ignominium
1087 2639 1259 2725 inponere,

222 2742 354 2811 collutis
375 2760 452 2811 cum
479 2740 546 2811 Vll.
572 2746 610 2810 i:
954 2806 958 2813 .

271 2848 412 2917 liuuciue
435 2868 495 2936 ege
518 2866 660 2935 nequem
688 2848 868 2938 llyocintbo
891 2847 1055 2916 bominem
1080 2847 1341 2935 costinipotentis

267 2953 395 3021 deliciis
417 2952 591 3021 contendit

271 3057 391 3145 Nempe
414 3058 551 3126 discidio
573 3058 659 3125 lecte
679 3059 831 3145 exteritur
853 3056 1015 3134 lucilius,
1044 3065 1081 3123 ut
1104 3058 1220 3124 statuit
1245 3056 1304 3138 in,
1328 3058 1413 3144 quod

222 3165 333 3250 priore
363 3163 434 3230 loeo
463 3163 554 3230 illum
588 3162 808 3252 liyeeintbum
841 3181 916 3229 nuru
948 3160 1073 3230 deliciis
1104 3162 1261 3251 Apollinis
1284 3183 1414 3251 compe·

224 3279 341 3336 resset.
389 3266 474 3336 ilinc
501 3278 739 3355 consequetur,
772 3287 811 3335 eo
841 3266 966 3348 iudice,
997 3288 1061 3334 nou
1085 3277 1123 3335 ut
1147 3288 1231 3335 unus
1255 3268 1309 3336 ille
1333 3268 1414 3336 liber

224 3371 284 3440 Vll
308 3374 351 3441 sit
374 3375 517 3460 scriptus
541 3383 612 3461 pest
633 3374 748 3455 XXIX,
773 3373 830 3442 sed
851 3392 962 3439 omnes
981 3371 1084 3448 XXV;
1110 3393 1213 3461 neque
1226 3373 1257 3439 id
1272 3382 1412 3452 tuntum,

220 3475 280 3544 sed
304 3486 341 3545 ut
365 3487 474 3546 inerte
497 3480 601 3546 maior
624 3480 723 3566 purs'’
746 3478 861 3546 berum
880 3476 1040 3545 librorum
1066 3498 1149 3545 »neu
1176 3480 1221 3545 itu
1234 3479 1346 3545 multis
1357 3499 1413 3545 nu·

222 3583 299 3649 nis”
322 3592 393 3669 poet
417 3582 657 3652 XXVl-XXX
682 3583 761 3652 editi
783 3584 868 3661 sint,
894 3602 989 3648 »uum
1014 3585 1243 3650 outnmiterum
1265 3581 1411 3670 ilosspe·

221 3687 269 3753 tio
303 3689 460 3777 temporis
484 3698 535 3756 ent
557 3692 674 3774 exigue
698 3688 857 3755 contineri
882 3686 1017 3755 scleet'’.
1064 3687 1223 3774 Equidem
1256 3685 1413 3774 quamdiu

220 3791 337 3859 exoleti
369 3792 522 3861 remediis
547 3792 701 3861 adhibitis
724 3793 926 3860 iuventutem
951 3812 1029 3879 prae
1050 3811 1084 3859 se
1108 3791 1194 3859 ierre
1217 3792 1342 3879 possint
1365 3792 1414 3878 ig·

222 3915 302 3964 nero
324 3934 370 3949 -
394 3918 453 3964 nee
477 3899 561 3967 scire
585 3898 633 3965 ins
656 3906 706 3966 est
728 3898 837 3965 omnia
860 3921 927 3977 -3
960 3896 1041 3963 illud
1063 3898 1148 3973 soie,
1180 3897 1207 3963 si
1232 3915 1344 3962 rerum
1369 3897 1413 3963 sit

219 4002 307 4089 quod
331 4003 482 4090 opinetur
493 4003 550 4081 il.,
575 4003 1161 4091 plerasquesatirescornpositusesse
1173 4018 1191 4067 n
1204 4020 1280 4067 sene
1291 4012 1323 4067 et
1336 4021 1412 4069 seue

222 4107 403 4195 voluptario
426 4107 574 4194 quidem,
603 4109 754 4195 quoniam
778 4104 935 4192 quaedem
960 4105 1116 4192 temporis
1138 4113 1233 4172 nntee
1256 4115 1330 4173 snm
1356 4125 1411 4174 en·

222 4230 338 4279 nerum
364 4217 430 4280 dib
453 4221 485 4279 et
506 4217 590 4291 666,
614 4221 707 4300 poeta
731 4219 839 4279 nutem
862 4216 896 4276 ai
913 4214 1002 4287 eeu,
1027 4218 1123 4276 uetus
1146 4230 1247 4278 onnes
1273 4216 1332 4290 78,
1357 4211 1410 4278 de·

221 4318 333 4385 cessit.
382 4317 423 4384 tit
447 4317 521 4384 vide
545 4326 710 4406 praeterea
734 4315 813 4403 quid
837 4315 1030 4381 sonnatii:

269 4421 372 4489 becus
396 4422 512 4492 XXIX.
539 4427 577 4503 21
605 4442 670 4489 nou
690 4430 742 4489 cst
766 4427 952 4507 corruptus.
987 4418 1034 4509 (ld
1060 4422 1205 4508 precario
1227 4422 1410 4501 statuitur;
