3244 5012
348 324 414 393 350
849 344 1020 398 nounmor.

343 514 412 580 sole
435 520 624 602 urgume'nta
645 519 858 603 grammatica
881 522 938 583 aut
959 519 1095 582 metrica
1114 532 1184 582 rem
1204 523 1294 583 extra
1312 534 1446 584 omnem
1463 536 1523 585 oon·

342 621 530 686 troversism
559 626 691 705 ponunt.
727 620 885 702 Quoniam
915 623 950 684 in
978 641 1073 687 versu
1103 620 1228 687 heroico
1251 620 1410 689 horinon
1431 626 1523 707 potest

341 729 379 789 ut
407 745 464 809 pro
494 722 623 811 dactylo
644 724 771 789 ονοέίοιιο
793 725 1023 802 substituatur,
1047 731 1172 791 certum
1195 731 1246 827 est
1265 726 1407 806 εὔχομαι
1429 725 1522 794 ιιλπέ·
1581 750 1582 795 ι

339 853 429 906 μενος
453 830 493 895 ab
516 831 646 914 antiquo
668 830 795 895 cantore
817 829 881 894 dici
903 849 966 894 non
988 831 1140 913 potuisse.
1581 834 1582 841 ’

386 979 424 1044 ln
446 978 538 1046 Iliad.
564 990 596 1047 Ξ.
623 978 699 1045 235.

521 1084 583 1161 ἐγὼ
607 1082 640 1147 δέ
663 1082 698 1148 ινέ
721 1107 767 1148 ποι
790 1082 869 1148 ιιδέιν
892 1082 986 1164 χάριν
1009 1084 1122 1161 sipara
1145 1085 1264 1151 πάνποι.

340 1193 525 1255 annotatur:
549 1188 734 1269 Ἀρίςινρχος
758 1186 881 1268 χάριν
901 1187 1031 1253 εἰδέωτ
1056 1190 1090 1254 ai
1109 1188 1141 1253 δέ
1161 1186 1307 1267 διγρινίδεις
1327 1189 1444 1255 εἰδέω
1462 1188 1522 1269 χά-

340 1318 408 1375 ριν.
443 1292 543 1360 Unice
566 1314 641 1359 rere
661 1300 709 1358 est
727 1296 785 1358 τῶν
806 1292 947 1371 topatio
967 1296 1123 1379 scriptura
1138 1292 1435 1360 leniteremendsta
1453 1292 1522 1375 (iiio
1583 1338 1584 1391 ,

339 1398 432 1479 χάριν
454 1420 511 1484 pro
535 1397 633 1485 εἰδέω)
658 1403 691 1463 et
712 1396 914 1462 Aristarchus
936 1397 1121 1483 imprudens
1140 1404 1282 1465 metrum
1300 1397 1521 1485 pessumdedit

340 1504 466 1571 Mirum
485 1509 533 1569 est
552 1505 650 1569 etiam
667 1501 843 1567 Aristarchi
862 1500 900 1566 de
916 1501 975 1566 tali
991 1505 1217 1587 compositione
1228 1504 1406 1568 indicium:
1419 1523 1523 1588 nempe

342 1609 403 1687 ἐγὼ
433 1608 465 1674 δέ
489 1608 524 1673 si
547 1631 592 1673 τοι
616 1605 682 1672 ἰδέοι
706 1602 799 1685 χάριν
820 1606 1073 1690 componendum
1097 1614 1164 1673 erat
1187 1628 1262 1673 cum
1284 1605 1363 1672 locis
1386 1608 1523 1673 huiusce

339 1713 446 1790 modi,
478 1713 538 1790 ἐγὼ
569 1710 601 1776 δέ
634 1711 671 1774 Κ’
702 1708 790 1787 syc,
823 1715 856 1775 et
878 1710 939 1787 ἐγίι
963 1710 996 1775 δέ
1020 1720 1073 1775 ΚΕ
1098 1713 1174 1777 λονδν
1196 1713 1328 1792 άγείροι,
1352 1713 1393 1778 de
1417 1711 1523 1797 quihus

341 1818 425 1883 infra
454 1817 613 1894 dicemus,
645 1814 700 1880 sed
730 1813 806 1879 sudi
836 1816 1016 1899 opinionem
1046 1817 1239 1881 Aristarchi:
1268 1817 1386 1881 ἝΔΕΙ
1411 1816 1444 1880 δέ
1466 1817 1522 1890 ἤτοι

342 1923 401 1988 εἰδ
409 1922 444 1988 εἰ
452 1947 492 1997 ov
523 1919 559 1986 ἰν·
590 1918 607 2002 ᾗ
639 1919 674 1986 τὸ
698 1923 782 2000 ρ’ἥριιι
805 1918 1036 1997 ἕνηλλοιγροένον
1058 1919 1276 2007 (coniunctiores
1297 1938 1357 1986 Ριιο
1382 1921 1522 2005 optatior:

341 2021 640 2113 quidsimpliciusi)
662 2022 679 2100 ἢ
704 2022 768 2088 ἘΚ
792 2032 998 2090 neelccor
1022 2024 1177 2102 νοονμένον
1199 2031 1252 2091 τοῦ
1277 2034 1332 2089 ΚΕ
1353 2027 1416 2104 ἐγὼ
1440 2024 1472 2090 δέ
1482 2046 1521 2088 σον

342 2130 464 2208 εἰσομονι
495 2128 598 2212 χάριν.
641 2128 794 2195 Nondum
824 2126 922 2192 multi
948 2130 1022 2193 anni
1043 2135 1118 2195 sunt
1140 2152 1179 2196 ex
1202 2151 1265 2215 quo
1288 2130 1424 2196 eruditis
1446 2149 1521 2195 oom-

341 2235 435 2323 plura
452 2236 600 2318 elepantor
623 2235 776 2298 οἰοιιάσοι
794 2232 985 2310 videbantur
1002 2239 1034 2299 et
1054 2233 1118 2303 alia
1136 2239 1244 2299 contra
1255 2236 1405 2316 οἱοροιιιον
1415 2236 1519 2308 νέοισι,

341 2344 379 2407 ut
402 2336 469 2407 sola
490 2346 622 2406 naturae
644 2337 834 2425 simplicitas
856 2341 912 2401 aut
934 2336 1059 2403 dicendi
1079 2340 1196 2405 veritas
1219 2339 1370 2421 inctepose
1390 2358 1456 2406 esse
1471 2358 1521 2423 pn-

342 2451 472 2513 taretnr.
509 2444 573 2512 Ubi
600 2442 715 2513 rocula
738 2448 792 2506 ΚΕ
815 2439 899 2526 opud
921 2441 1100 2508 Homerum
1122 2463 1197 2508 cum
1220 2444 1327 2510 futuro
1350 2447 1460 2510 iuncta
1480 2448 1521 2508 est

343 2548 406 2616 dici
436 2554 560 2635 poterat
588 2547 750 2628 παρέλκειν
774 2547 809 2611 rb
833 2552 887 2609 ΚΕ
908 2544 961 2613 vel
984 2547 1017 2612 ἐκ
1041 2552 1183 2628 περισσοῦ
1206 2549 1357 2625 νοεῑσάοιι,
1388 2549 1519 2622 κεῖσθον,

342 2652 496 2728 riticius,
529 2656 604 2739 quia
625 2657 697 2739 post
718 2650 897 2717 Homerum
921 2672 1015 2718 nemo
1038 2673 1109 2717 eam
1131 2650 1323 2738 particulam
1337 2654 1455 2738 futuro
1476 2651 1521 2718 ad·

343 2758 454 2837 debat,
487 2764 520 2825 et
549 2758 634 2845 apud
664 2757 844 2822 Homerum
871 2757 1000 2839 perinde
1023 2762 1070 2821 est
1092 2754 1239 2823 additare
1261 2760 1305 2822 sit
1327 2774 1367 2823 en
1391 2760 1519 2824 nonsit

343 2863 407 2930 Sed
438 2865 494 2930 ubi
524 2863 670 2943 έρονρνινῶς
693 2883 749 2948 pro
772 2863 832 2940 ἐγὼ
855 2865 882 2929 δ’
905 2861 989 2940 άξιν,
1014 2862 1075 2939 ἐγὼ
1098 2858 1130 2927 δέ
1152 2885 1197 2927 σοι
1220 2860 1314 2943 χάριν
1338 2863 1460 2940 εἰσοροοιι
1482 2861 1522 2926 di·

343 2972 428 3035 citur
449 2969 511 3046 ἐγὼ
533 2962 565 3032 δέ
588 2964 619 3032 κ’
644 2965 733 3045 άγιι,
759 2966 819 3046 έγίι
843 2967 875 3033 δέ
899 2967 933 3032 ινέ
955 2991 1001 3034 ποι
1024 2966 1105 3041 νιδέιι
1127 2960 1239 3048 χάριν,
1268 2969 1344 3052 quis
1367 2977 1421 3032 ΚΕ
1444 2988 1522 3054 pror-

343 3095 398 3141 sus
419 3076 630 3139 necessarium
650 3077 714 3149 est,
736 3070 899 3153 παρέλκειν
918 3073 971 3140 rel
991 3072 1024 3138 ἐκ
1041 3076 1183 3154 περισσοῦ
1195 3073 1323 3139 νιεῖσάοι
1335 3072 1422 3139 nullo
1434 3071 1522 3138 modo

344 3179 408 3244 dici
430 3182 543 3265 potest.

388 3341 439 3409 Ad
461 3340 553 3407 Iliad.
580 3349 614 3406 Ε.
641 3339 717 3408 787.
743 3342 788 3429 (et
812 3351 850 3407 Θ.
876 3340 968 3426 228).

479 3447 594 3525 Αἰδὼς,
620 3447 771 3528 Ἀργεῖοι,
795 3446 868 3513 κάκ’
893 3446 1055 3527 ἐλέγχειν,
1079 3447 1169 3522 ιεῒδος
1194 3450 1318 3527 spurci.

341 3555 508 3620 annotarit
538 3551 715 3639 Didymus:
748 3553 934 3635 Ἀρίιιοιρχοο
965 3552 996 3618 δέ
1019 3552 1106 3618 κάκ’
1139 3551 1365 3633 ἐλεγχέες.
1400 3553 1524 3640 Optime

341 3657 464 3747 legitur
486 3668 527 3724 Δ.
552 3656 629 3724 242.

549 3762 681 3844 Ἀργεῖοι
704 3762 854 3843 νιέμοιροι,
877 3762 1031 3845 ἐλεγχέες
1039 3810 1048 3843 ,
1072 3764 1108 3830 σά
1130 3788 1164 3830 νν
1186 3763 1337 3843 σέβεσθε,

341 3876 376 3937 et
400 3879 445 3936 Ω.
470 3866 548 3936 239.

489 3973 631 4055 Ἑέρρεπε,
655 3975 852 4056 λωβητῆρες,
877 3974 1048 4055 ἐλεγχέες,
1072 3974 1107 4040 οιί
1130 3998 1162 4041 νν
1186 3975 1239 4041 ιιοοί
1263 3978 1334 4054 ὑμῖν

491 4082 590 4148 Poinoi
615 4079 693 4149 iuter
716 4079 807 4158 γάος,

341 4184 398 4253 sed
428 4206 512 4252 nunc
542 4206 675 4271 sequens
707 4185 797 4259 νεῑδος
829 4185 966 4251 fonnem
996 4184 1139 4265 ἐλέγχνοι
1169 4185 1430 4271 possuntque
1452 4182 1525 4252 alibi

340 4295 411 4357 sine
431 4291 501 4357 ulla
522 4293 699 4377 suspicione
721 4291 842 4378 legitur
865 4296 902 4357 ut
925 4299 973 4355 Ω.
999 4289 1076 4355 260.

421 4396 491 4467 τοὺς
514 4398 571 4474 μέν
595 4396 733 4461 άπάλεο’
753 4396 867 4473 Ἄρηι,
893 4396 935 4460 τά
959 4395 984 4457 δ’
1009 4394 1150 4475 ἐλέγχειν
1176 4394 1282 4459 πάντα
1306 4393 1478 4459 λέλειπται.
