3330 5012
672 391 702 437 m
725 390 925 442 nantoacum.
1329 371 1394 439 sto

202 554 324 633 μάτων.
371 555 489 624 Mirum
521 554 611 624 dictu
635 564 685 624 est
708 559 834 644 quoties
857 555 990 626 coelura
1015 557 1080 625 sint
1099 557 1258 646 adiectlra
1280 557 1393 641 ῶνοριοο

202 669 234 727 at
266 659 394 736 ἀνόσιος.
441 660 513 728 lam
545 661 685 728 indicavi
715 662 790 729 olim
824 664 857 729 ln
889 663 1006 730 lducm.
1040 662 1094 731 lv.
1128 683 1158 751 p.
1185 671 1225 732 13
1250 664 1392 733 Herodo-

201 772 273 831 tum
302 765 329 832 i.
358 770 441 843 162,
472 766 526 833 ubi
559 766 652 834 hodie
684 766 803 854 iegitur
832 769 885 834 τὸν
906 766 1068 847 ’Λεοντίνην
1098 769 1232 854 dodau
1255 769 1393 853 τραπέζῃ

201 868 304 937 ἔδαισε
326 879 359 938 et
382 891 420 938 ex
446 871 582 938 aliorum
607 872 749 940 locorum
775 872 943 939 collatione
965 872 1057 940 etieci
1080 893 1189 940 veram
1222 874 1392 942 lectionem

200 994 271 1041 esse
294 976 413 1058 daorlp.
448 976 593 1043 dllcrum
615 977 797 1065 exemplum
819 996 923 1064 nuper
934 978 1071 1045 Cobetus
1084 977 1171 1045 dedit
1190 979 1223 1045 in
1236 980 1391 1047 Mecinus.

201 1077 271 1146 llll.
297 1101 326 1167 p.
352 1087 426 1149 118.
464 1082 610 1149 Tertium
636 1070 819 1170 axenr'plunr
845 1084 977 1149 memini
1002 1103 1054 1151 me
1073 1084 1180 1171 legere
1199 1085 1284 1173 apud
1300 1085 1389 1153 Stra·

199 1182 315 1252 honctu
347 1186 399 1254 vl.
432 1207 463 1274 p.
493 1190 559 1254 259
590 1188 674 1273 (τοὺς
705 1187 851 1274 Λοκροὺς)
883 1197 1009 1256 πλεῖς-ον
1038 1189 1144 1271 χρόνον
1166 1191 1387 1270 advocatiam

199 1289 353 1364 Διονύσιος
385 1292 521 1357 duracina
551 1293 586 1356 ἐκ
608 1301 664 1368 τῆς
688 1293 880 1374 Συρακοσίων
903 1293 1154 1371 cooperare
1181 1295 1306 1363 τῶντῶν
1328 1297 1386 1364 διο·

197 1395 356 1476 χρήοατο,
386 1396 504 1482 quibus
536 1395 643 1463 verbis
672 1417 806 1484 pravum
843 1408 874 1464 et
906 1398 1065 1464 insulsum
1098 1406 1234 1467 acumen
1267 1401 1383 1478 inerit,

196 1497 298 1566 donec
333 1503 539 1589 rescripseris
574 1503 847 1568 οἱνοοιῶτατκ.
896 1502 1054 1584 Quartum
1091 1504 1273 1592 exemplum
1310 1507 1384 1571 noni

196 1602 281 1690 apud
306 1602 536 1692 Antiphontem
561 1605 601 1672 de
626 1606 778 1673 Chorettl.
805 1610 822 1692 §
850 1612 891 1672 47
916 1614 979 1683 τῶς
1003 1607 1041 1674 ῶν
1065 1596 1209 1690 docuero:
1228 1612 1384 1692 σχετλιῶ·

195 1732 272 1790 τερον
297 1709 315 1785 ἣ
338 1711 588 1793 ῶνομῶτεροι
612 1712 761 1790 γένοιντο,
794 1731 868 1778 curu
895 1732 967 1779 utor
994 1721 1081 1779 recle
1105 1713 1231 1799 legatur
1251 1716 1382 1797 ἕτιορκο·

193 1811 310 1886 τιέτονι
333 1815 386 1880 καὶ
410 1815 715 1890 οξνοοιιοτοὶτοος
733 1816 856 1882 πάντων
876 1819 1044 1898 οἱνθρῶτων.
1078 1817 1198 1899 Quinto
1211 1817 1278 1885 loco
1296 1820 1381 1907 apud

192 1916 346 2004 Gorgiam
371 1921 405 1984 in
437 1919 605 1987 Palamede
635 1924 654 2008 §
679 1926 723 1988 56
748 1930 815 2008 post
843 1921 946 1989 ἄδικον
970 1923 1124 2008 languere
1148 1922 1229 1989 milri
1252 1922 1383 1992 ridetur

191 2021 387 2109 adjectivum
408 2021 519 2103 ῶνοροον
542 2025 576 2091 iu
598 2025 662 2091 luis:
684 2027 756 2106 ὑμῖν
774 2029 879 2101 αὐτοῖς
896 2028 987 2094 δεινὸν
1002 2027 1089 2093 ἄθεον
1108 2029 1211 2095 ἄδικον
1231 2029 1382 2110 ἄνομον

190 2124 277 2211 ἔργον
308 2130 544 2206 ουνεπιςοὶοεοθε
574 2132 788 2207 πεποιηκότες.
837 2132 955 2198 [iubilo
983 2131 1022 2199 dc
1052 2132 1216 2202 Plutarchi
1235 2134 1304 2202 loco
1323 2140 1379 2223 qui

189 2232 354 2320 legituriu
368 2234 541 2302 lloralilros
562 2256 592 2322 p.
607 2238 704 2304 addet.
740 2239 786 2304 Ile
806 2236 971 2325 Lysandro
991 2236 1034 2303 ilri
1057 2237 1198 2306 retertur
1217 2241 1303 2328 quod
1322 2261 1379 2307 ex·

188 2337 347 2406 scribam:
379 2340 411 2404 ἐν
442 2342 627 2425 Σαμοθρᾴκῃ
657 2342 922 2424 χρκςνριαζομένιρ
953 2343 1038 2424 αὐτῷ
1062 2343 1076 2407 d
1100 2346 1195 2426 lepte
1218 2346 1377 2413 ἐκέλευσεν

187 2445 284 2510 εἰπεῖν
318 2441 337 2509 d
366 2467 398 2510 τι
432 2446 698 2525 ἀνομώτατον
732 2445 819 2528 ἔργον
849 2450 932 2530 αὐτῷ
968 2448 998 2511 ἐν
1029 2449 1071 2528 τῷ
1100 2448 1160 2531 βίῳ
1183 2448 1373 2532 τέτρακται.

186 2547 376 2616 dlortalibus
403 2551 417 2615 l
447 2549 550 2623 ἄδικος
575 2570 693 2639 poenas
716 2551 822 2630 dabit,
845 2552 896 2616 τὸν
917 2552 1033 2617 οὶνόοιον
1055 2571 1129 2619 vero
1162 2552 1302 2640 plantent
1326 2554 1371 2621 dii

186 2653 265 2740 ipsi:
289 2656 399 2741 itaque
424 2654 475 2722 hic
500 2654 609 2722 malim
634 2657 922 2722 ἀνοσιώτατον.
1231 2712 1241 2727 t

230 2759 267 2827 P.
291 2764 369 2826 oct.
391 2766 433 2827 53
458 2760 576 2826 Arsace
600 2769 753 2826 narratur
773 2758 973 2827 Charicleam
993 2761 1025 2825 in
1047 2760 1184 2828 eundem
1205 2780 1368 2831 carcerem

184 2863 376 2951 conjecisse,
400 2867 433 2931 in
455 2885 518 2952 quo
539 2865 724 2950 Theagenm
742 2864 810 2951 jam
832 2864 956 2951 pridem
978 2865 1196 2932 attinebatur:
1223 2867 1286 2951 ᾔδει
1305 2870 1369 2951 γὰρ

182 2971 222 3041 ῶς
245 2969 341 3043 saddoc
364 2975 418 3037 τοῦ
441 2969 588 3052 {copiaco
609 2971 661 3036 cdo
684 2972 795 3051 ἕρῶντοι
817 2970 910 3036 πλέον
934 2971 951 3046 ἢ
974 2972 1009 3037 τὸ
1031 2970 1104 3037 icen
1134 2973 1283 3051 οὶλγῶνει·
1305 2981 1368 3048 τοῖς

183 3069 268 3148 δ’ἦν
289 3077 490 3157 cacodoxia
521 3068 643 3153 μᾶλλον
668 3076 702 3141 τὸ
734 3075 915 3154 γιγνόμενον
946 3077 1010 3142 κτὲ.
1058 3075 1185 3144 Omissa
1216 3085 1265 3144 cst
1287 3098 1306 3144 a
1330 3077 1369 3145 li·

182 3178 300 3245 orariis
326 3179 503 3266 particula,
527 3201 589 3268 qua
622 3181 654 3246 iu
680 3179 735 3246 tall
760 3200 795 3248 rc
818 3181 1013 3248 Graecorum
1038 3201 1145 3248 sermo
1169 3201 1280 3250 carere
1303 3202 1366 3250 non

182 3291 299 3370 polest:
324 3293 389 3359 τοῖς
413 3284 439 3349 δ’
463 3283 498 3360 ἦν
520 3283 598 3367 ἄρα
621 3289 822 3369 ταρκψνχίρ
842 3290 966 3365 μᾶλλον
989 3287 1023 3352 τὸ
1048 3312 1085 3366 γ.
1134 3285 1214 3355 Vide
1238 3288 1264 3354 si
1286 3290 1369 3357 tanti

181 3394 231 3454 est
255 3387 293 3455 de
317 3387 377 3455 hoc
400 3409 462 3455 usu
486 3388 664 3477 particulae
684 3388 746 3472 ῶρα
769 3390 958 3458 Elmslcium
977 3391 1017 3457 ad
1036 3392 1202 3478 Euripidis
1222 3393 1368 3462 Medeam

184 3496 271 3559 1229
294 3500 327 3559 el
359 3498 456 3560 1246.
506 3492 600 3580 dpud
632 3495 777 3582 Longum
809 3496 842 3561 in
867 3495 1084 3562 Pastoralilrus
1116 3516 1146 3582 p.
1170 3501 1295 3564 aaut
1332 3500 1368 3566 el

180 3596 208 3662 δ’
229 3598 269 3672 ῶς
293 3597 418 3677 λέγουσι
442 3597 493 3663 καὶ
518 3596 572 3676 αἲξ
601 3601 685 3681 αὐτῶ
717 3598 809 3679 γάλα
835 3600 981 3679 δέδωκεν,
1006 3600 1090 3665 οὐδὲν
1121 3597 1202 3689 (ἄρ’)
1228 3600 1370 3684 ἐρίφου

179 3700 329 3784 διαφέροι.
366 3701 518 3769 Herodoti
543 3701 639 3770 verba
660 3711 737 3769 sunl
757 3703 839 3771 vill.
864 3709 939 3770 106.
961 3704 1079 3779 ἐδόκεεν
1098 3729 1142 3770 τε
1165 3705 1248 3778 θεοὺς
1264 3706 1371 3781 tricem

179 3801 230 3873 οἶα
253 3807 400 3887 ἐμηχανῶ
428 3808 520 3874 τότε·
544 3807 600 3874 scd
621 3808 730 3874 malim
751 3808 868 3883 ἔδδκεες
891 3834 934 3875 τε
957 3807 1047 3890 ἄρα.
1096 3807 1226 3877 Scilicet
1249 3811 1371 3879 excidit

179 3908 266 3976 lraud
302 3930 377 3976 raro
411 3910 570 3998 particula
594 3911 674 3992 ἄρα,
700 3914 773 3998 qttia
805 3914 995 4001 compendio
1026 3913 1125 3980 scribi
1149 3914 1247 3994 solet,
1281 3915 1368 4002 quod

178 4013 417 4101 depingendum
438 4018 567 4083 claravit
590 4016 772 4085 llindorlius
796 4019 828 4083 in
851 4017 1115 4085 Adnotationcad
1129 4017 1234 4086 Schol.
1247 4020 1363 4091 dasch.

179 4118 326 4207 Ctesiph.
367 4123 385 4206 ς
420 4124 495 4188 idi.
546 4121 638 4208 Apud
675 4122 883 4191 Plutarchum
923 4124 990 4206 τερ)
1028 4131 1087 4190 τῶν
1121 4130 1220 4191 κοινῶν
1254 4127 1367 4194 ἐννοιῶν

178 4245 211 4312 p.
243 4229 352 4293 1069ο
381 4245 513 4312 prorsus
556 4228 684 4313 requiro
713 4228 810 4310 ἐλήρει
839 4228 864 4293 δ’
897 4228 999 4317 (ἄρα)
1043 4229 1238 4311 Ἀριτοτὲκκο
1268 4240 1367 4321 alque

178 4331 276 4396 eliam
296 4332 328 4396 in
350 4332 496 4399 versione
510 4340 643 4418 apparet
659 4351 755 4418 quam
770 4335 812 4400 sit
826 4336 1043 4402 necessarlum
1064 4332 1141 4401 lllud
1153 4332 1217 4416 ἄρα
1236 4336 1364 4406 addere.

180 4433 285 4522 Supra
322 4455 447 4523 quoquc
480 4457 510 4522 p.
536 4437 644 4505 1068d
668 4435 707 4504 dc
739 4437 846 4506 stultis
882 4438 1018 4528 legimns
1043 4442 1096 4526 quai
1122 4459 1159 4507 cx
1184 4439 1366 4512 Stoicorum
