<?xml version="1.0" encoding="UTF-8"?>
<!DOCTYPE html PUBLIC "-//W3C//DTD XHTML 1.0 Transitional//EN"
    "http://www.w3.org/TR/xhtml1/DTD/xhtml1-transitional.dtd">
<html xmlns="http://www.w3.org/1999/xhtml" xml:lang="en" lang="en">
 <head>
  <title>
</title>
<meta http-equiv="Content-Type" content="text/html;charset=utf-8" />
  <meta name='ocr-system' content='tesseract 3.04.00' />
  <meta name='ocr-capabilities' content='ocr_page ocr_carea ocr_par ocr_line ocrx_word'/>
</head>
<body>
  <div class='ocr_page' id='page_1' title='image "./mnemosynebiblio00servgoog_0802.png"; bbox 0 0 3244 5012; ppageno 0'>
   <div class='ocr_carea' id='block_1_1' title="bbox 682 326 1363 392">
    <p class='ocr_par' dir='ltr' id='par_1_1' title="bbox 682 326 1363 392">
     <span class='ocr_line' id='line_1_1' title="bbox 682 326 1363 392; baseline 0.001 -1"><span class='ocrx_word' id='word_1_1' title='bbox 682 343 854 392; x_wconf 80' lang='lat' dir='ltr'><strong>noanarea.</strong></span> <span class='ocrx_word' id='word_1_2' title='bbox 1298 326 1363 392; x_wconf 80' lang='lat'><strong>355</strong></span> 
     </span>
    </p>
   </div>
   <div class='ocr_carea' id='block_1_2' title="bbox 153 511 1438 3427">
    <p class='ocr_par' dir='ltr' id='par_1_2' title="bbox 153 511 1438 3110">
     <span class='ocr_line' id='line_1_2' title="bbox 168 511 1360 600; baseline -0.003 -20"><span class='ocrx_word' id='word_1_3' title='bbox 168 513 265 580; x_wconf 89' lang='lat' dir='ltr'><strong>habet</strong></span> <span class='ocrx_word' id='word_1_4' title='bbox 288 532 412 599; x_wconf 82' lang='lat' dir='ltr'><strong>semper</strong></span> <span class='ocrx_word' id='word_1_5' title='bbox 434 518 467 578; x_wconf 91' lang='lat' dir='ltr'><strong>et</strong></span> <span class='ocrx_word' id='word_1_6' title='bbox 484 514 604 600; x_wconf 90' lang='lat' dir='ltr'><strong>ubique</strong></span> <span class='ocrx_word' id='word_1_7' title='bbox 623 518 841 581; x_wconf 69' lang='lat' dir='ltr'><strong>accusativum</strong></span> <span class='ocrx_word' id='word_1_8' title='bbox 860 514 955 593; x_wconf 95' lang='grc' dir='ltr'><strong><em>βοῦν.</em></strong></span> <span class='ocrx_word' id='word_1_9' title='bbox 980 511 1044 578; x_wconf 77' lang='lat' dir='ltr'><strong>sea</strong></span> <span class='ocrx_word' id='word_1_10' title='bbox 1063 515 1139 581; x_wconf 90' lang='lat' dir='ltr'><strong>audi</strong></span> <span class='ocrx_word' id='word_1_11' title='bbox 1159 515 1360 582; x_wconf 79' lang='lat' dir='ltr'><strong>Beklrerum:</strong></span> 
     </span>
     <span class='ocr_line' id='line_1_3' title="bbox 174 616 1362 703; baseline 0.001 -19"><span class='ocrx_word' id='word_1_12' title='bbox 174 619 258 697; x_wconf 74' lang='grc' dir='ltr'><strong><em>,βοῦν</em></strong></span> <span class='ocrx_word' id='word_1_13' title='bbox 282 619 475 683; x_wconf 66' lang='lat' dir='ltr'><strong>Aristarchum</strong></span> <span class='ocrx_word' id='word_1_14' title='bbox 497 619 547 699; x_wconf 78' lang='lat' dir='ltr'><strong>(id</strong></span> <span class='ocrx_word' id='word_1_15' title='bbox 567 625 610 683; x_wconf 80' lang='lat' dir='ltr'><strong>eat</strong></span> <span class='ocrx_word' id='word_1_16' title='bbox 630 616 722 695; x_wconf 79' lang='grc' dir='ltr'><strong><em>βοέην</em></strong></span> <span class='ocrx_word' id='word_1_17' title='bbox 743 621 853 697; x_wconf 73' lang='grc' dir='ltr'><strong><em>βοῦν),</em></strong></span> <span class='ocrx_word' id='word_1_18' title='bbox 876 618 952 696; x_wconf 88' lang='grc' dir='ltr'><strong><em>βοῦν</em></strong></span> <span class='ocrx_word' id='word_1_19' title='bbox 976 619 1206 703; x_wconf 57' lang='lat' dir='ltr'><strong>murriones,</strong></span> <span class='ocrx_word' id='word_1_20' title='bbox 1230 620 1277 699; x_wconf 78' lang='grc' dir='ltr'><strong>βοῦ</strong></span> <span class='ocrx_word' id='word_1_21' title='bbox 1300 620 1362 685; x_wconf 87' lang='lat' dir='ltr'><strong>Hc·</strong></span> 
     </span>
     <span class='ocr_line' id='line_1_4' title="bbox 170 722 1362 811; baseline 0.004 -24"><span class='ocrx_word' id='word_1_22' title='bbox 170 724 346 791; x_wconf 76' lang='lat' dir='ltr'><strong>redieras.’¹</strong></span> <span class='ocrx_word' id='word_1_23' title='bbox 376 723 463 811; x_wconf 73' lang='lat' dir='ltr'><strong>Ergo</strong></span> <span class='ocrx_word' id='word_1_24' title='bbox 493 723 557 800; x_wconf 81' lang='grc' dir='ltr'><strong>βῶν</strong></span> <span class='ocrx_word' id='word_1_25' title='bbox 589 744 628 788; x_wconf 84' lang='lat' dir='ltr'><strong>ex</strong></span> <span class='ocrx_word' id='word_1_26' title='bbox 659 722 752 800; x_wconf 76' lang='grc' dir='ltr'><strong><em>βοην,</em></strong></span> <span class='ocrx_word' id='word_1_27' title='bbox 780 723 875 807; x_wconf 91' lang='lat' dir='ltr'><strong>idque</strong></span> <span class='ocrx_word' id='word_1_28' title='bbox 898 744 937 787; x_wconf 90' lang='lat' dir='ltr'><strong>ex</strong></span> <span class='ocrx_word' id='word_1_29' title='bbox 957 722 1050 800; x_wconf 81' lang='grc' dir='ltr'><strong><em>βοίην</em></strong></span> <span class='ocrx_word' id='word_1_30' title='bbox 1074 730 1272 791; x_wconf 71' lang='lat' dir='ltr'><strong>conantum</strong></span> <span class='ocrx_word' id='word_1_31' title='bbox 1295 745 1362 792; x_wconf 90' lang='lat' dir='ltr'><strong>esse</strong></span> 
     </span>
     <span class='ocr_line' id='line_1_5' title="bbox 169 826 1363 916; baseline 0.002 -22"><span class='ocrx_word' id='word_1_32' title='bbox 169 829 313 914; x_wconf 85' lang='lat' dir='ltr'><strong>putabet.</strong></span> <span class='ocrx_word' id='word_1_33' title='bbox 356 827 420 893; x_wconf 78' lang='lat' dir='ltr'><strong>Sed</strong></span> <span class='ocrx_word' id='word_1_34' title='bbox 449 831 591 913; x_wconf 87' lang='lat' dir='ltr'><strong>primum</strong></span> <span class='ocrx_word' id='word_1_35' title='bbox 620 826 781 894; x_wconf 76' lang='lat' dir='ltr'>Homerus</span> <span class='ocrx_word' id='word_1_36' title='bbox 812 848 874 893; x_wconf 91' lang='lat' dir='ltr'><strong>non</strong></span> <span class='ocrx_word' id='word_1_37' title='bbox 894 826 990 894; x_wconf 89' lang='lat' dir='ltr'><strong>aliter</strong></span> <span class='ocrx_word' id='word_1_38' title='bbox 1013 829 1116 895; x_wconf 88' lang='lat' dir='ltr'><strong>dicere</strong></span> <span class='ocrx_word' id='word_1_39' title='bbox 1137 832 1244 916; x_wconf 87' lang='lat' dir='ltr'><strong>potuit</strong></span> <span class='ocrx_word' id='word_1_40' title='bbox 1265 851 1363 915; x_wconf 87' lang='lat' dir='ltr'><strong>quam</strong></span> 
     </span>
     <span class='ocr_line' id='line_1_6' title="bbox 169 932 1362 1014; baseline 0.002 -16"><span class='ocrx_word' id='word_1_41' title='bbox 169 932 261 1011; x_wconf 82' lang='grc' dir='ltr'><strong><em>βοέην</em></strong></span> <span class='ocrx_word' id='word_1_42' title='bbox 280 939 313 999; x_wconf 91' lang='lat' dir='ltr'><strong>et</strong></span> <span class='ocrx_word' id='word_1_43' title='bbox 330 934 443 1013; x_wconf 83' lang='grc' dir='ltr'><strong><em>βοείην.</em></strong></span> <span class='ocrx_word' id='word_1_44' title='bbox 480 942 538 1009; x_wconf 68' lang='lat' dir='ltr'><strong>Boi</strong></span> <span class='ocrx_word' id='word_1_45' title='bbox 558 936 740 1000; x_wconf 77' lang='lat' dir='ltr'><strong>Atticorum</strong></span> <span class='ocrx_word' id='word_1_46' title='bbox 760 936 808 998; x_wconf 87' lang='lat' dir='ltr'><strong>est</strong></span> <span class='ocrx_word' id='word_1_47' title='bbox 826 939 864 997; x_wconf 89' lang='lat' dir='ltr'><strong>ut</strong></span> <span class='ocrx_word' id='word_1_48' title='bbox 880 941 1003 1009; x_wconf 71' lang='grc' dir='ltr'><strong><em>λεοντῆ,</em></strong></span> <span class='ocrx_word' id='word_1_49' title='bbox 1017 934 1162 1014; x_wconf 65' lang='lat' dir='ltr'><strong>rapienti</strong></span> <span class='ocrx_word' id='word_1_50' title='bbox 1174 982 1182 1010; x_wconf 87' lang='lat'>,</span> <span class='ocrx_word' id='word_1_51' title='bbox 1196 935 1362 1010; x_wconf 72' lang='grc' dir='ltr'><strong><em>οῦηωπεκνῑ,</em></strong></span> 
     </span>
     <span class='ocr_line' id='line_1_7' title="bbox 169 1037 1360 1123; baseline 0.003 -21"><span class='ocrx_word' id='word_1_52' title='bbox 169 1046 243 1113; x_wconf 75' lang='grc' dir='ltr'><strong><em>κυνῆ</em></strong></span> <span class='ocrx_word' id='word_1_53' title='bbox 255 1088 263 1116; x_wconf 91' lang='grc'><em>,</em></span> <span class='ocrx_word' id='word_1_54' title='bbox 296 1059 376 1123; x_wconf 88' lang='lat' dir='ltr'><strong>quae</strong></span> <span class='ocrx_word' id='word_1_55' title='bbox 406 1040 525 1104; x_wconf 81' lang='lat' dir='ltr'><strong>formae</strong></span> <span class='ocrx_word' id='word_1_56' title='bbox 556 1037 684 1103; x_wconf 90' lang='lat' dir='ltr'><strong>Ionibus</strong></span> <span class='ocrx_word' id='word_1_57' title='bbox 716 1058 779 1103; x_wconf 88' lang='lat' dir='ltr'><strong>non</strong></span> <span class='ocrx_word' id='word_1_58' title='bbox 809 1043 884 1102; x_wconf 84' lang='lat' dir='ltr'><strong>sunt</strong></span> <span class='ocrx_word' id='word_1_59' title='bbox 913 1040 948 1101; x_wconf 94' lang='lat' dir='ltr'><strong>in</strong></span> <span class='ocrx_word' id='word_1_60' title='bbox 978 1059 1056 1117; x_wconf 89' lang='lat' dir='ltr'><strong>usu,</strong></span> <span class='ocrx_word' id='word_1_61' title='bbox 1093 1038 1149 1105; x_wconf 88' lang='lat' dir='ltr'><strong>sed</strong></span> <span class='ocrx_word' id='word_1_62' title='bbox 1178 1038 1360 1120; x_wconf 74' lang='grc' dir='ltr'><strong><em>πορδοοηέη,</em></strong></span> 
     </span>
     <span class='ocr_line' id='line_1_8' title="bbox 171 1141 1363 1228; baseline 0.001 -20"><span class='ocrx_word' id='word_1_63' title='bbox 171 1144 343 1223; x_wconf 64' lang='lat' dir='ltr'><strong>deluenda,</strong></span> <span class='ocrx_word' id='word_1_64' title='bbox 376 1143 463 1219; x_wconf 78' lang='grc' dir='ltr'><strong><em>κυνέη</em></strong></span> <span class='ocrx_word' id='word_1_65' title='bbox 486 1142 678 1228; x_wconf 76' lang='lat' dir='ltr'><strong>similiaque.</strong></span> <span class='ocrx_word' id='word_1_66' title='bbox 713 1142 835 1208; x_wconf 80' lang='lat' dir='ltr'><strong>Deinde</strong></span> <span class='ocrx_word' id='word_1_67' title='bbox 856 1141 957 1208; x_wconf 89' lang='lat' dir='ltr'><strong>semel</strong></span> <span class='ocrx_word' id='word_1_68' title='bbox 981 1148 1179 1209; x_wconf 66' lang='lat' dir='ltr'><strong>conuectum</strong></span> <span class='ocrx_word' id='word_1_69' title='bbox 1200 1145 1277 1223; x_wconf 81' lang='grc' dir='ltr'><strong>βοῆν</strong></span> <span class='ocrx_word' id='word_1_70' title='bbox 1300 1166 1363 1212; x_wconf 92' lang='lat' dir='ltr'><strong>non</strong></span> 
     </span>
     <span class='ocr_line' id='line_1_9' title="bbox 169 1246 1362 1339; baseline 0.004 -26"><span class='ocrx_word' id='word_1_71' title='bbox 169 1250 289 1314; x_wconf 90' lang='lat' dir='ltr'><strong>iterum</strong></span> <span class='ocrx_word' id='word_1_72' title='bbox 320 1249 464 1314; x_wconf 73' lang='lat' dir='ltr'><strong>contrahi</strong></span> <span class='ocrx_word' id='word_1_73' title='bbox 489 1252 595 1333; x_wconf 91' lang='lat' dir='ltr'><strong>potest</strong></span> <span class='ocrx_word' id='word_1_74' title='bbox 616 1251 649 1312; x_wconf 94' lang='lat' dir='ltr'><strong>in</strong></span> <span class='ocrx_word' id='word_1_75' title='bbox 672 1248 749 1326; x_wconf 80' lang='grc' dir='ltr'><strong><em>βῶν,</em></strong></span> <span class='ocrx_word' id='word_1_76' title='bbox 781 1246 885 1331; x_wconf 84' lang='lat' dir='ltr'><strong>qualis</strong></span> <span class='ocrx_word' id='word_1_77' title='bbox 909 1251 1065 1339; x_wconf 33' lang='lat' dir='ltr'><strong>est‘error</strong></span> <span class='ocrx_word' id='word_1_78' title='bbox 1086 1248 1219 1328; x_wconf 85' lang='lat' dir='ltr'><strong>Kantii,</strong></span> <span class='ocrx_word' id='word_1_79' title='bbox 1243 1253 1362 1335; x_wconf 87' lang='lat' dir='ltr'><strong>quiex</strong></span> 
     </span>
     <span class='ocr_line' id='line_1_10' title="bbox 170 1351 1361 1437; baseline 0.003 -21"><span class='ocrx_word' id='word_1_80' title='bbox 170 1351 316 1429; x_wconf 76' lang='grc' dir='ltr'><strong><em>νοοῦμενοο</em></strong></span> <span class='ocrx_word' id='word_1_81' title='bbox 347 1353 423 1419; x_wconf 84' lang='lat' dir='ltr'><strong>iecit</strong></span> <span class='ocrx_word' id='word_1_82' title='bbox 454 1375 599 1430; x_wconf 79' lang='lat' dir='ltr'><strong>nemeen,</strong></span> <span class='ocrx_word' id='word_1_83' title='bbox 632 1353 715 1437; x_wconf 89' lang='lat' dir='ltr'><strong>quod</strong></span> <span class='ocrx_word' id='word_1_84' title='bbox 738 1352 908 1417; x_wconf 85' lang='lat' dir='ltr'><strong>barbarum</strong></span> <span class='ocrx_word' id='word_1_85' title='bbox 932 1357 989 1417; x_wconf 91' lang='lat' dir='ltr'><strong>est.</strong></span> <span class='ocrx_word' id='word_1_86' title='bbox 1024 1352 1192 1421; x_wconf 76' lang='lat' dir='ltr'><strong>Praeterea</strong></span> <span class='ocrx_word' id='word_1_87' title='bbox 1213 1353 1361 1421; x_wconf 88' lang='lat' dir='ltr'><strong>Homeri·</strong></span> 
     </span>
     <span class='ocr_line' id='line_1_11' title="bbox 169 1456 1438 1546; baseline 0.003 -24"><span class='ocrx_word' id='word_1_88' title='bbox 169 1479 245 1522; x_wconf 90' lang='lat' dir='ltr'><strong>cum</strong></span> <span class='ocrx_word' id='word_1_89' title='bbox 274 1457 349 1535; x_wconf 80' lang='grc' dir='ltr'><strong><em>βοέη</em></strong></span> <span class='ocrx_word' id='word_1_90' title='bbox 380 1461 627 1525; x_wconf 88' lang='lat' dir='ltr'><strong>contractionem</strong></span> <span class='ocrx_word' id='word_1_91' title='bbox 657 1458 800 1523; x_wconf 81' lang='lat' dir='ltr'><strong>Atticam</strong></span> <span class='ocrx_word' id='word_1_92' title='bbox 830 1459 864 1520; x_wconf 90' lang='lat' dir='ltr'><strong>in</strong></span> <span class='ocrx_word' id='word_1_93' title='bbox 893 1456 954 1533; x_wconf 77' lang='grc' dir='ltr'><strong>βοῆ</strong></span> <span class='ocrx_word' id='word_1_94' title='bbox 979 1477 1042 1522; x_wconf 89' lang='lat' dir='ltr'><strong>non</strong></span> <span class='ocrx_word' id='word_1_95' title='bbox 1065 1457 1210 1523; x_wconf 72' lang='lat' dir='ltr'><strong>admittit</strong></span> <span class='ocrx_word' id='word_1_96' title='bbox 1233 1464 1362 1546; x_wconf 90' lang='lat' dir='ltr'><strong>propter</strong></span> <span class='ocrx_word' id='word_1_97' title='bbox 1435 1538 1438 1544; x_wconf 26' lang='lat'>¹</span> 
     </span>
     <span class='ocr_line' id='line_1_12' title="bbox 169 1560 1360 1650; baseline 0.002 -22"><span class='ocrx_word' id='word_1_98' title='bbox 169 1565 392 1650; x_wconf 79' lang='lat' dir='ltr'><strong>interpositam</strong></span> <span class='ocrx_word' id='word_1_99' title='bbox 422 1568 654 1630; x_wconf 87' lang='lat' dir='ltr'><strong>consonantem.</strong></span> <span class='ocrx_word' id='word_1_100' title='bbox 690 1561 736 1628; x_wconf 91' lang='lat' dir='ltr'><strong>Ut</strong></span> <span class='ocrx_word' id='word_1_101' title='bbox 765 1564 852 1627; x_wconf 91' lang='lat' dir='ltr'><strong>enim</strong></span> <span class='ocrx_word' id='word_1_102' title='bbox 873 1560 1046 1628; x_wconf 87' lang='lat' dir='ltr'><strong>Homerica</strong></span> <span class='ocrx_word' id='word_1_103' title='bbox 1066 1567 1142 1627; x_wconf 89' lang='lat' dir='ltr'><strong>sunt</strong></span> <span class='ocrx_word' id='word_1_104' title='bbox 1163 1561 1260 1629; x_wconf 75' lang='lat' dir='ltr'><strong>natea</strong></span> <span class='ocrx_word' id='word_1_105' title='bbox 1285 1563 1360 1630; x_wconf 72' lang='grc' dir='ltr'><strong><em>ποί-</em></strong></span> 
     </span>
     <span class='ocr_line' id='line_1_13' title="bbox 167 1656 1357 1749; baseline 0.001 -16"><span class='ocrx_word' id='word_1_106' title='bbox 167 1691 212 1742; x_wconf 66' lang='lat' dir='ltr'><strong>ror</strong></span> <span class='ocrx_word' id='word_1_107' title='bbox 244 1668 399 1744; x_wconf 73' lang='grc' dir='ltr'><strong><em>εῦπλονίη,</em></strong></span> <span class='ocrx_word' id='word_1_108' title='bbox 431 1656 468 1734; x_wconf 73' lang='grc' dir='ltr'><strong>οῦ</strong></span> <span class='ocrx_word' id='word_1_109' title='bbox 497 1667 564 1749; x_wconf 74' lang='grc' dir='ltr'><strong><em>ῥένω</em></strong></span> <span class='ocrx_word' id='word_1_110' title='bbox 592 1667 684 1748; x_wconf 69' lang='lat' dir='ltr'><strong>iduor,</strong></span> <span class='ocrx_word' id='word_1_111' title='bbox 709 1672 741 1733; x_wconf 92' lang='lat' dir='ltr'><strong>et</strong></span> <span class='ocrx_word' id='word_1_112' title='bbox 762 1665 841 1744; x_wconf 73' lang='grc' dir='ltr'><strong><em>χὲνοο</em></strong></span> <span class='ocrx_word' id='word_1_113' title='bbox 864 1666 952 1748; x_wconf 71' lang='grc' dir='ltr'><strong><em>χίνος</em></strong></span> <span class='ocrx_word' id='word_1_114' title='bbox 975 1665 1133 1747; x_wconf 73' lang='grc' dir='ltr'><strong><em>οοννοχίνος</em></strong></span> <span class='ocrx_word' id='word_1_115' title='bbox 1157 1667 1357 1749; x_wconf 76' lang='grc' dir='ltr'><strong><em>χρυσοχίνος,</em></strong></span> 
     </span>
     <span class='ocr_line' id='line_1_14' title="bbox 166 1768 1359 1851; baseline 0.002 -14"><span class='ocrx_word' id='word_1_116' title='bbox 166 1780 201 1837; x_wconf 88' lang='lat' dir='ltr'><strong>et</strong></span> <span class='ocrx_word' id='word_1_117' title='bbox 223 1772 289 1838; x_wconf 80' lang='grc' dir='ltr'><strong><em>ίένον</em></strong></span> <span class='ocrx_word' id='word_1_118' title='bbox 315 1772 411 1851; x_wconf 72' lang='lat' dir='ltr'><strong>toric,</strong></span> <span class='ocrx_word' id='word_1_119' title='bbox 432 1772 524 1838; x_wconf 74' lang='grc' dir='ltr'><strong><em>πνίνον</em></strong></span> <span class='ocrx_word' id='word_1_120' title='bbox 543 1771 645 1843; x_wconf 71' lang='lat' dir='ltr'><strong>andree</strong></span> <span class='ocrx_word' id='word_1_121' title='bbox 665 1778 697 1838; x_wconf 90' lang='lat' dir='ltr'><strong>et</strong></span> <span class='ocrx_word' id='word_1_122' title='bbox 717 1773 823 1845; x_wconf 73' lang='lat' dir='ltr'><strong>mori,</strong></span> <span class='ocrx_word' id='word_1_123' title='bbox 844 1773 889 1836; x_wconf 88' lang='lat' dir='ltr'><strong>sic</strong></span> <span class='ocrx_word' id='word_1_124' title='bbox 908 1768 1015 1849; x_wconf 80' lang='grc' dir='ltr'><strong><em>βονίς,</em></strong></span> <span class='ocrx_word' id='word_1_125' title='bbox 1035 1770 1119 1850; x_wconf 78' lang='grc' dir='ltr'><strong><em>βοοί,</em></strong></span> <span class='ocrx_word' id='word_1_126' title='bbox 1141 1771 1248 1850; x_wconf 73' lang='grc' dir='ltr'><strong><em>βίνεο,</em></strong></span> <span class='ocrx_word' id='word_1_127' title='bbox 1264 1772 1359 1850; x_wconf 76' lang='grc' dir='ltr'><strong><em>βίνοοο</em></strong></span> 
     </span>
     <span class='ocr_line' id='line_1_15' title="bbox 168 1874 1359 1961; baseline 0.003 -20"><span class='ocrx_word' id='word_1_128' title='bbox 168 1880 263 1956; x_wconf 64' lang='lat' dir='ltr'><strong>toea,</strong></span> <span class='ocrx_word' id='word_1_129' title='bbox 285 1880 367 1955; x_wconf 81' lang='lat' dir='ltr'><strong>bovi,</strong></span> <span class='ocrx_word' id='word_1_130' title='bbox 389 1880 489 1955; x_wconf 79' lang='lat' dir='ltr'><strong>doceo,</strong></span> <span class='ocrx_word' id='word_1_131' title='bbox 510 1878 629 1944; x_wconf 87' lang='lat' dir='ltr'><strong>habent</strong></span> <span class='ocrx_word' id='word_1_132' title='bbox 649 1875 684 1940; x_wconf 80' lang='lat' dir='ltr'><strong>ri</strong></span> <span class='ocrx_word' id='word_1_133' title='bbox 705 1875 867 1953; x_wconf 73' lang='grc' dir='ltr'><strong><em>δίγοηομοο.</em></strong></span> <span class='ocrx_word' id='word_1_134' title='bbox 903 1874 1014 1961; x_wconf 87' lang='lat' dir='ltr'><strong>Itaque</strong></span> <span class='ocrx_word' id='word_1_135' title='bbox 1031 1874 1120 1955; x_wconf 69' lang='grc' dir='ltr'><strong><em>βοείη</em></strong></span> <span class='ocrx_word' id='word_1_136' title='bbox 1140 1876 1359 1954; x_wconf 67' lang='lat' dir='ltr'><strong>cinnanos</strong></span> 
     </span>
     <span class='ocr_line' id='line_1_16' title="bbox 167 1980 1359 2070; baseline 0.002 -23"><span class='ocrx_word' id='word_1_137' title='bbox 167 1985 274 2070; x_wconf 77' lang='lat' dir='ltr'><strong>magis</strong></span> <span class='ocrx_word' id='word_1_138' title='bbox 304 1984 447 2050; x_wconf 72' lang='lat' dir='ltr'><strong>contrahi</strong></span> <span class='ocrx_word' id='word_1_139' title='bbox 477 1988 609 2068; x_wconf 88' lang='lat' dir='ltr'><strong>possunt</strong></span> <span class='ocrx_word' id='word_1_140' title='bbox 638 2003 735 2068; x_wconf 89' lang='lat' dir='ltr'><strong>quam</strong></span> <span class='ocrx_word' id='word_1_141' title='bbox 750 1996 753 2001; x_wconf 86' lang='grc'><strong>’</strong></span> <span class='ocrx_word' id='word_1_142' title='bbox 767 1980 907 2055; x_wconf 71' lang='lat' dir='ltr'><strong>censoria</strong></span> <span class='ocrx_word' id='word_1_143' title='bbox 931 1987 988 2045; x_wconf 87' lang='lat' dir='ltr'><strong>eut</strong></span> <span class='ocrx_word' id='word_1_144' title='bbox 1009 1980 1192 2060; x_wconf 77' lang='grc' dir='ltr'><strong><em>χρνοοχίνος</em></strong></span> <span class='ocrx_word' id='word_1_145' title='bbox 1215 1988 1273 2046; x_wconf 88' lang='lat' dir='ltr'><strong>ent</strong></span> <span class='ocrx_word' id='word_1_146' title='bbox 1295 1983 1359 2049; x_wconf 89' lang='lat' dir='ltr'><strong>alia</strong></span> 
     </span>
     <span class='ocr_line' id='line_1_17' title="bbox 153 2084 1356 2172; baseline 0.002 -22"><span class='ocrx_word' id='word_1_147' title='bbox 153 2088 399 2172; x_wconf 69' lang='lat' dir='ltr'><strong>,eiusdemmodi</strong></span> <span class='ocrx_word' id='word_1_148' title='bbox 418 2093 573 2153; x_wconf 86' lang='lat' dir='ltr'><strong>sexcenta.</strong></span> <span class='ocrx_word' id='word_1_149' title='bbox 604 2086 725 2152; x_wconf 84' lang='lat' dir='ltr'><strong>Eadem</strong></span> <span class='ocrx_word' id='word_1_150' title='bbox 744 2107 838 2171; x_wconf 88' lang='lat' dir='ltr'><strong>opera</strong></span> <span class='ocrx_word' id='word_1_151' title='bbox 856 2084 1039 2151; x_wconf 87' lang='lat' dir='ltr'><strong>confutatur</strong></span> <span class='ocrx_word' id='word_1_152' title='bbox 1057 2085 1162 2152; x_wconf 84' lang='lat' dir='ltr'><strong>futilis</strong></span> <span class='ocrx_word' id='word_1_153' title='bbox 1180 2085 1356 2153; x_wconf 88' lang='lat' dir='ltr'><strong>Herodiani</strong></span> 
     </span>
     <span class='ocr_line' id='line_1_18' title="bbox 168 2188 1359 2279; baseline 0.001 -24"><span class='ocrx_word' id='word_1_154' title='bbox 168 2195 349 2258; x_wconf 87' lang='lat' dir='ltr'><strong>coniectura</strong></span> <span class='ocrx_word' id='word_1_155' title='bbox 379 2192 426 2271; x_wconf 80' lang='grc' dir='ltr'><strong>βῦ</strong></span> <span class='ocrx_word' id='word_1_156' title='bbox 457 2213 513 2279; x_wconf 88' lang='lat' dir='ltr'><strong>pro</strong></span> <span class='ocrx_word' id='word_1_157' title='bbox 543 2190 625 2270; x_wconf 71' lang='grc' dir='ltr'><strong><em>βίοι</em></strong></span> <span class='ocrx_word' id='word_1_158' title='bbox 660 2194 735 2276; x_wconf 88' lang='lat' dir='ltr'><strong>quia</strong></span> <span class='ocrx_word' id='word_1_159' title='bbox 764 2211 865 2276; x_wconf 91' lang='lat' dir='ltr'><strong>neque</strong></span> <span class='ocrx_word' id='word_1_160' title='bbox 894 2188 958 2269; x_wconf 82' lang='grc' dir='ltr'><strong><em>βίον</em></strong></span> <span class='ocrx_word' id='word_1_161' title='bbox 989 2188 1149 2257; x_wconf 85' lang='lat' dir='ltr'><strong>Graecum</strong></span> <span class='ocrx_word' id='word_1_162' title='bbox 1179 2198 1226 2257; x_wconf 91' lang='lat' dir='ltr'><strong>est</strong></span> <span class='ocrx_word' id='word_1_163' title='bbox 1255 2197 1305 2268; x_wconf 87' lang='lat' dir='ltr'><strong>et,</strong></span> <span class='ocrx_word' id='word_1_164' title='bbox 1331 2194 1359 2256; x_wconf 82' lang='lat' dir='ltr'><strong>si</strong></span> 
     </span>
     <span class='ocr_line' id='line_1_19' title="bbox 165 2295 1359 2382; baseline -0.002 -20"><span class='ocrx_word' id='word_1_165' title='bbox 165 2302 407 2380; x_wconf 82' lang='lat' dir='ltr'><strong>quammaxime</strong></span> <span class='ocrx_word' id='word_1_166' title='bbox 430 2304 528 2377; x_wconf 84' lang='lat' dir='ltr'><strong>esset,</strong></span> <span class='ocrx_word' id='word_1_167' title='bbox 551 2296 629 2378; x_wconf 71' lang='grc' dir='ltr'><strong><em>βίον</em></strong></span> <span class='ocrx_word' id='word_1_168' title='bbox 653 2296 692 2362; x_wconf 91' lang='lat' dir='ltr'><strong>ob</strong></span> <span class='ocrx_word' id='word_1_169' title='bbox 714 2295 856 2361; x_wconf 90' lang='lat' dir='ltr'><strong>mediam</strong></span> <span class='ocrx_word' id='word_1_170' title='bbox 879 2300 1103 2361; x_wconf 81' lang='lat' dir='ltr'><strong>consonantem</strong></span> <span class='ocrx_word' id='word_1_171' title='bbox 1122 2298 1157 2360; x_wconf 91' lang='lat' dir='ltr'><strong>in</strong></span> <span class='ocrx_word' id='word_1_172' title='bbox 1176 2316 1275 2361; x_wconf 88' lang='lat' dir='ltr'><strong>unam</strong></span> <span class='ocrx_word' id='word_1_173' title='bbox 1295 2295 1359 2382; x_wconf 87' lang='lat' dir='ltr'><strong>syl·</strong></span> 
     </span>
     <span class='ocr_line' id='line_1_20' title="bbox 165 2399 1363 2489; baseline -0.001 -22"><span class='ocrx_word' id='word_1_174' title='bbox 165 2402 275 2468; x_wconf 88' lang='lat' dir='ltr'><strong>labam</strong></span> <span class='ocrx_word' id='word_1_175' title='bbox 303 2403 476 2470; x_wconf 84' lang='lat' dir='ltr'><strong>coalescere</strong></span> <span class='ocrx_word' id='word_1_176' title='bbox 497 2406 618 2489; x_wconf 90' lang='lat' dir='ltr'><strong>nequit.</strong></span> <span class='ocrx_word' id='word_1_177' title='bbox 654 2402 764 2486; x_wconf 89' lang='lat' dir='ltr'><strong>Itaque</strong></span> <span class='ocrx_word' id='word_1_178' title='bbox 786 2400 1026 2466; x_wconf 85' lang='lat' dir='ltr'><strong>Aristarcheum</strong></span> <span class='ocrx_word' id='word_1_179' title='bbox 1049 2401 1112 2478; x_wconf 80' lang='grc' dir='ltr'><strong>βῶν</strong></span> <span class='ocrx_word' id='word_1_180' title='bbox 1134 2400 1224 2465; x_wconf 83' lang='lat' dir='ltr'><strong>nullo</strong></span> <span class='ocrx_word' id='word_1_181' title='bbox 1247 2399 1363 2466; x_wconf 83' lang='lat' dir='ltr'><strong>funda·</strong></span> 
     </span>
     <span class='ocr_line' id='line_1_21' title="bbox 167 2504 1359 2588; baseline 0 -19"><span class='ocrx_word' id='word_1_182' title='bbox 167 2512 276 2572; x_wconf 90' lang='lat' dir='ltr'><strong>mento</strong></span> <span class='ocrx_word' id='word_1_183' title='bbox 305 2510 419 2573; x_wconf 92' lang='lat' dir='ltr'><strong>nixum</strong></span> <span class='ocrx_word' id='word_1_184' title='bbox 451 2510 585 2584; x_wconf 80' lang='lat' dir='ltr'><strong>corruit,</strong></span> <span class='ocrx_word' id='word_1_185' title='bbox 614 2512 646 2574; x_wconf 90' lang='lat' dir='ltr'><strong>et</strong></span> <span class='ocrx_word' id='word_1_186' title='bbox 667 2509 760 2571; x_wconf 89' lang='lat' dir='ltr'><strong>unice</strong></span> <span class='ocrx_word' id='word_1_187' title='bbox 782 2526 895 2570; x_wconf 84' lang='lat' dir='ltr'><strong>verum</strong></span> <span class='ocrx_word' id='word_1_188' title='bbox 919 2510 967 2569; x_wconf 89' lang='lat' dir='ltr'><strong>est</strong></span> <span class='ocrx_word' id='word_1_189' title='bbox 988 2504 1259 2588; x_wconf 83' lang='lat' dir='ltr'><strong>Aristophaneum</strong></span> <span class='ocrx_word' id='word_1_190' title='bbox 1281 2505 1359 2583; x_wconf 90' lang='grc' dir='ltr'><strong><em>βοῦν</em></strong></span> 
     </span>
     <span class='ocr_line' id='line_1_22' title="bbox 167 2608 1358 2697; baseline 0.001 -24"><span class='ocrx_word' id='word_1_191' title='bbox 167 2609 323 2690; x_wconf 80' lang='grc' dir='ltr'><strong><em>οῦζοολίην,</em></strong></span> <span class='ocrx_word' id='word_1_192' title='bbox 354 2612 439 2697; x_wconf 89' lang='lat' dir='ltr'><strong>quod</strong></span> <span class='ocrx_word' id='word_1_193' title='bbox 468 2613 608 2697; x_wconf 87' lang='lat' dir='ltr'><strong>undique</strong></span> <span class='ocrx_word' id='word_1_194' title='bbox 634 2616 744 2676; x_wconf 86' lang='lat' dir='ltr'><strong>tutum</strong></span> <span class='ocrx_word' id='word_1_195' title='bbox 765 2616 824 2676; x_wconf 80' lang='lat' dir='ltr'><strong>est</strong></span> <span class='ocrx_word' id='word_1_196' title='bbox 860 2613 934 2680; x_wconf 82' lang='grc' dir='ltr'><strong><em>Βοῦς</em></strong></span> <span class='ocrx_word' id='word_1_197' title='bbox 957 2612 1045 2674; x_wconf 87' lang='lat' dir='ltr'><strong>enim</strong></span> <span class='ocrx_word' id='word_1_198' title='bbox 1068 2612 1240 2688; x_wconf 76' lang='grc' dir='ltr'><strong>Ὁμηρικῶς</strong></span> <span class='ocrx_word' id='word_1_199' title='bbox 1264 2608 1358 2694; x_wconf 87' lang='lat' dir='ltr'><strong>piane</strong></span> 
     </span>
     <span class='ocr_line' id='line_1_23' title="bbox 167 2712 1359 2802; baseline 0.001 -24"><span class='ocrx_word' id='word_1_200' title='bbox 167 2714 255 2779; x_wconf 85' lang='lat' dir='ltr'><strong>idem</strong></span> <span class='ocrx_word' id='word_1_201' title='bbox 280 2714 440 2802; x_wconf 78' lang='lat' dir='ltr'><strong>significet</strong></span> <span class='ocrx_word' id='word_1_202' title='bbox 463 2716 548 2800; x_wconf 89' lang='lat' dir='ltr'><strong>quod</strong></span> <span class='ocrx_word' id='word_1_203' title='bbox 581 2715 697 2791; x_wconf 75' lang='grc' dir='ltr'><strong><em>οίοοτίς,</em></strong></span> <span class='ocrx_word' id='word_1_204' title='bbox 723 2712 833 2789; x_wconf 80' lang='grc' dir='ltr'><strong><em>σοίκος,</em></strong></span> <span class='ocrx_word' id='word_1_205' title='bbox 858 2712 932 2790; x_wconf 78' lang='grc' dir='ltr'><strong>βοέη</strong></span> <span class='ocrx_word' id='word_1_206' title='bbox 955 2718 988 2779; x_wconf 89' lang='lat' dir='ltr'><strong>et</strong></span> <span class='ocrx_word' id='word_1_207' title='bbox 1009 2713 1109 2791; x_wconf 83' lang='grc' dir='ltr'><strong><em>βοείη.</em></strong></span> <span class='ocrx_word' id='word_1_208' title='bbox 1148 2712 1359 2792; x_wconf 80' lang='lat' dir='ltr'><strong>Quemadmo-</strong></span> 
     </span>
     <span class='ocr_line' id='line_1_24' title="bbox 168 2816 817 2904; baseline -0.003 -21"><span class='ocrx_word' id='word_1_209' title='bbox 168 2818 391 2904; x_wconf 87' lang='lat' dir='ltr'><strong>dumoptime</strong></span> <span class='ocrx_word' id='word_1_210' title='bbox 414 2818 532 2885; x_wconf 86' lang='lat' dir='ltr'><strong>dicitur</strong></span> <span class='ocrx_word' id='word_1_211' title='bbox 554 2819 645 2885; x_wconf 90' lang='lat' dir='ltr'><strong>Iliad.</strong></span> <span class='ocrx_word' id='word_1_212' title='bbox 670 2828 716 2883; x_wconf 89' lang='lat' dir='ltr'><strong>M.</strong></span> <span class='ocrx_word' id='word_1_213' title='bbox 744 2816 817 2882; x_wconf 83' lang='lat'><strong>137.</strong></span> 
     </span>
     <span class='ocr_line' id='line_1_25' title="bbox 306 2917 1137 3005; baseline -0.001 -17"><span class='ocrx_word' id='word_1_214' title='bbox 306 2917 332 2989; x_wconf 82' lang='lat' dir='ltr'><strong>ol</strong></span> <span class='ocrx_word' id='word_1_215' title='bbox 354 2926 381 2990; x_wconf 75' lang='grc' dir='ltr'><strong>δ’</strong></span> <span class='ocrx_word' id='word_1_216' title='bbox 404 2925 467 2997; x_wconf 66' lang='lat' dir='ltr'><strong>itte</strong></span> <span class='ocrx_word' id='word_1_217' title='bbox 491 2926 563 3005; x_wconf 76' lang='grc' dir='ltr'><strong>πρὸς</strong></span> <span class='ocrx_word' id='word_1_218' title='bbox 588 2932 694 3003; x_wconf 78' lang='grc' dir='ltr'><strong><em>τεῖχος</em></strong></span> <span class='ocrx_word' id='word_1_219' title='bbox 719 2922 867 2998; x_wconf 75' lang='grc' dir='ltr'><strong><em>ἐΰδμητον</em></strong></span> <span class='ocrx_word' id='word_1_220' title='bbox 890 2932 1000 2988; x_wconf 85' lang='lat' dir='ltr'>BOAC</span> <span class='ocrx_word' id='word_1_221' title='bbox 1024 2932 1137 2989; x_wconf 76' lang='lat' dir='ltr'>ATAC</span> 
     </span>
     <span class='ocr_line' id='line_1_26' title="bbox 306 3026 1080 3110; baseline -0.003 -15"><span class='ocrx_word' id='word_1_222' title='bbox 306 3029 396 3109; x_wconf 61' lang='lat' dir='ltr'><strong>itdc’</strong></span> <span class='ocrx_word' id='word_1_223' title='bbox 422 3029 632 3110; x_wconf 64' lang='lat' dir='ltr'><strong>innoxiarum</strong></span> <span class='ocrx_word' id='word_1_224' title='bbox 656 3026 731 3094; x_wconf 71' lang='grc' dir='ltr'><strong><em>ἔκιον</em></strong></span> <span class='ocrx_word' id='word_1_225' title='bbox 755 3026 889 3107; x_wconf 63' lang='lat' dir='ltr'><strong>perdta</strong></span> <span class='ocrx_word' id='word_1_226' title='bbox 912 3030 1080 3110; x_wconf 75' lang='grc' dir='ltr'><strong><em>οὶλοολητῷ.</em></strong></span> 
     </span>
    </p>

    <p class='ocr_par' dir='ltr' id='par_1_3' title="bbox 166 3133 1392 3427">
     <span class='ocr_line' id='line_1_27' title="bbox 166 3133 1392 3222; baseline 0 -24"><span class='ocrx_word' id='word_1_227' title='bbox 166 3133 279 3199; x_wconf 91' lang='lat' dir='ltr'><strong>eodem</strong></span> <span class='ocrx_word' id='word_1_228' title='bbox 301 3135 397 3200; x_wconf 84' lang='lat' dir='ltr'><strong>modo</strong></span> <span class='ocrx_word' id='word_1_229' title='bbox 419 3137 454 3200; x_wconf 89' lang='lat' dir='ltr'><strong>iu</strong></span> <span class='ocrx_word' id='word_1_230' title='bbox 475 3134 632 3222; x_wconf 79' lang='lat' dir='ltr'><strong>singulari</strong></span> <span class='ocrx_word' id='word_1_231' title='bbox 654 3136 774 3219; x_wconf 90' lang='lat' dir='ltr'><strong>optime</strong></span> <span class='ocrx_word' id='word_1_232' title='bbox 792 3134 889 3199; x_wconf 87' lang='lat' dir='ltr'><strong>hebet</strong></span> <span class='ocrx_word' id='word_1_233' title='bbox 907 3140 1045 3210; x_wconf 76' lang='grc' dir='ltr'><strong><em>ννμῆσοον</em></strong></span> <span class='ocrx_word' id='word_1_234' title='bbox 1066 3140 1180 3198; x_wconf 85' lang='lat' dir='ltr'>BOTN</span> <span class='ocrx_word' id='word_1_235' title='bbox 1201 3133 1356 3215; x_wconf 76' lang='grc' dir='ltr'><strong><em>ἁζοοηίην,</em></strong></span> <span class='ocrx_word' id='word_1_236' title='bbox 1384 3204 1392 3211; x_wconf 63' lang='lat'><em>‚</em></span> 
     </span>
     <span class='ocr_line' id='line_1_28' title="bbox 167 3238 1358 3324; baseline 0.001 -21"><span class='ocrx_word' id='word_1_237' title='bbox 167 3244 202 3303; x_wconf 93' lang='lat' dir='ltr'><strong>et</strong></span> <span class='ocrx_word' id='word_1_238' title='bbox 232 3239 296 3317; x_wconf 79' lang='grc' dir='ltr'><strong>βῶν</strong></span> <span class='ocrx_word' id='word_1_239' title='bbox 326 3239 409 3306; x_wconf 87' lang='lat' dir='ltr'><strong>nihil</strong></span> <span class='ocrx_word' id='word_1_240' title='bbox 440 3239 528 3305; x_wconf 85' lang='lat' dir='ltr'><strong>aliud</strong></span> <span class='ocrx_word' id='word_1_241' title='bbox 551 3244 599 3305; x_wconf 91' lang='lat' dir='ltr'><strong>est</strong></span> <span class='ocrx_word' id='word_1_242' title='bbox 621 3260 718 3324; x_wconf 90' lang='lat' dir='ltr'><strong>quam</strong></span> <span class='ocrx_word' id='word_1_243' title='bbox 741 3238 881 3321; x_wconf 79' lang='grc' dir='ltr'><strong><em>σφοίλμοο</em></strong></span> <span class='ocrx_word' id='word_1_244' title='bbox 905 3243 964 3303; x_wconf 79' lang='grc' dir='ltr'><strong>τῶν</strong></span> <span class='ocrx_word' id='word_1_245' title='bbox 987 3238 1044 3311; x_wconf 77' lang='grc' dir='ltr'><strong>την</strong></span> <span class='ocrx_word' id='word_1_246' title='bbox 1068 3238 1208 3320; x_wconf 81' lang='grc' dir='ltr'><strong><em>οίρχοοίοον</em></strong></span> <span class='ocrx_word' id='word_1_247' title='bbox 1231 3242 1358 3321; x_wconf 55' lang='lat' dir='ltr'><strong>apamia</strong></span> 
     </span>
     <span class='ocr_line' id='line_1_29' title="bbox 168 3343 791 3427; baseline 0.005 -19"><span class='ocrx_word' id='word_1_248' title='bbox 168 3353 253 3409; x_wconf 91' lang='lat' dir='ltr'><strong>BON</strong></span> <span class='ocrx_word' id='word_1_249' title='bbox 276 3350 375 3419; x_wconf 74' lang='grc' dir='ltr'><strong><em>κακῶς</em></strong></span> <span class='ocrx_word' id='word_1_250' title='bbox 399 3343 791 3427; x_wconf 76' lang='grc' dir='ltr'><strong><em>μετοιχοροοκτηοοοοίντονν.</em></strong></span> 
     </span>
    </p>
   </div>
   <div class='ocr_carea' id='block_1_3' title="bbox 54 3553 1358 4481">
    <p class='ocr_par' dir='ltr' id='par_1_4' title="bbox 54 3553 1358 4481">
     <span class='ocr_line' id='line_1_30' title="bbox 54 3553 1357 3643; baseline -0.002 -22"><span class='ocrx_word' id='word_1_251' title='bbox 54 3630 57 3634; x_wconf 48' lang='grc'><strong>,</strong></span> <span class='ocrx_word' id='word_1_252' title='bbox 214 3555 263 3620; x_wconf 81' lang='lat' dir='ltr'><strong>lix</strong></span> <span class='ocrx_word' id='word_1_253' title='bbox 286 3556 397 3621; x_wconf 89' lang='lat' dir='ltr'><strong>eodem</strong></span> <span class='ocrx_word' id='word_1_254' title='bbox 418 3557 522 3643; x_wconf 77' lang='lat' dir='ltr'><strong>igitur</strong></span> <span class='ocrx_word' id='word_1_255' title='bbox 544 3556 629 3621; x_wconf 86' lang='lat' dir='ltr'><strong>fonte</strong></span> <span class='ocrx_word' id='word_1_256' title='bbox 652 3561 823 3620; x_wconf 85' lang='lat' dir='ltr'><strong>mananmt</strong></span> <span class='ocrx_word' id='word_1_257' title='bbox 844 3558 878 3620; x_wconf 90' lang='lat' dir='ltr'><strong>et</strong></span> <span class='ocrx_word' id='word_1_258' title='bbox 900 3553 956 3621; x_wconf 87' lang='lat' dir='ltr'><strong>aiii</strong></span> <span class='ocrx_word' id='word_1_259' title='bbox 980 3572 1113 3630; x_wconf 87' lang='lat' dir='ltr'><strong>errores,</strong></span> <span class='ocrx_word' id='word_1_260' title='bbox 1138 3572 1217 3637; x_wconf 90' lang='lat' dir='ltr'><strong>qnos</strong></span> <span class='ocrx_word' id='word_1_261' title='bbox 1238 3554 1357 3638; x_wconf 87' lang='lat' dir='ltr'><strong>partim</strong></span> 
     </span>
     <span class='ocr_line' id='line_1_31' title="bbox 168 3657 1358 3745; baseline -0.002 -19"><span class='ocrx_word' id='word_1_262' title='bbox 168 3659 335 3726; x_wconf 84' lang='lat' dir='ltr'><strong>Bekkerus</strong></span> <span class='ocrx_word' id='word_1_263' title='bbox 358 3662 497 3726; x_wconf 85' lang='lat' dir='ltr'><strong>eximere</strong></span> <span class='ocrx_word' id='word_1_264' title='bbox 515 3666 646 3726; x_wconf 89' lang='lat' dir='ltr'><strong>conatus</strong></span> <span class='ocrx_word' id='word_1_265' title='bbox 666 3664 730 3736; x_wconf 88' lang='lat' dir='ltr'><strong>est,</strong></span> <span class='ocrx_word' id='word_1_266' title='bbox 749 3658 804 3724; x_wconf 86' lang='lat' dir='ltr'><strong>sed</strong></span> <span class='ocrx_word' id='word_1_267' title='bbox 822 3679 937 3745; x_wconf 87' lang='lat' dir='ltr'><strong>parum</strong></span> <span class='ocrx_word' id='word_1_268' title='bbox 955 3657 1100 3724; x_wconf 84' lang='lat' dir='ltr'><strong>feliciter.</strong></span> <span class='ocrx_word' id='word_1_269' title='bbox 1131 3657 1256 3744; x_wconf 87' lang='lat' dir='ltr'><strong>Nempe</strong></span> <span class='ocrx_word' id='word_1_270' title='bbox 1273 3657 1358 3744; x_wconf 89' lang='lat' dir='ltr'><strong>quod</strong></span> 
     </span>
     <span class='ocr_line' id='line_1_32' title="bbox 167 3763 1357 3847; baseline 0.002 -16"><span class='ocrx_word' id='word_1_271' title='bbox 167 3765 227 3831; x_wconf 87' lang='lat' dir='ltr'><strong>hae</strong></span> <span class='ocrx_word' id='word_1_272' title='bbox 257 3765 475 3832; x_wconf 83' lang='lat' dir='ltr'><strong>observatione</strong></span> <span class='ocrx_word' id='word_1_273' title='bbox 504 3765 605 3832; x_wconf 84' lang='lat' dir='ltr'><strong>fretus</strong></span> <span class='ocrx_word' id='word_1_274' title='bbox 634 3764 733 3847; x_wconf 80' lang='grc' dir='ltr'><strong><em>οὶφίη,</em></strong></span> <span class='ocrx_word' id='word_1_275' title='bbox 765 3763 869 3843; x_wconf 72' lang='lat' dir='ltr'><strong>epota,</strong></span> <span class='ocrx_word' id='word_1_276' title='bbox 901 3763 988 3839; x_wconf 77' lang='grc' dir='ltr'><strong><em>ἀνίη,</em></strong></span> <span class='ocrx_word' id='word_1_277' title='bbox 1012 3763 1119 3841; x_wconf 83' lang='grc' dir='ltr'><strong><em>μείίη,</em></strong></span> <span class='ocrx_word' id='word_1_278' title='bbox 1144 3763 1226 3838; x_wconf 65' lang='lat' dir='ltr'><strong>tetta</strong></span> <span class='ocrx_word' id='word_1_279' title='bbox 1238 3811 1247 3841; x_wconf 87' lang='lat'><em>,</em></span> <span class='ocrx_word' id='word_1_280' title='bbox 1271 3763 1357 3837; x_wconf 77' lang='grc' dir='ltr'><strong><em>τίίη.</em></strong></span> 
     </span>
     <span class='ocr_line' id='line_1_33' title="bbox 169 3867 1357 3956; baseline -0.003 -21"><span class='ocrx_word' id='word_1_281' title='bbox 169 3868 269 3945; x_wconf 69' lang='lat' dir='ltr'><strong>caba,</strong></span> <span class='ocrx_word' id='word_1_282' title='bbox 290 3869 359 3936; x_wconf 76' lang='lat' dir='ltr'><strong>etta</strong></span> <span class='ocrx_word' id='word_1_283' title='bbox 383 3870 495 3935; x_wconf 86' lang='lat' dir='ltr'><strong>formis</strong></span> <span class='ocrx_word' id='word_1_284' title='bbox 516 3869 705 3956; x_wconf 82' lang='lat' dir='ltr'><strong>vulgaribus</strong></span> <span class='ocrx_word' id='word_1_285' title='bbox 727 3871 761 3933; x_wconf 93' lang='lat' dir='ltr'><strong>in</strong></span> <span class='ocrx_word' id='word_1_286' title='bbox 773 3907 816 3916; x_wconf 94' lang='lat'>—</span> <span class='ocrx_word' id='word_1_287' title='bbox 832 3877 870 3933; x_wconf 80' lang='lat' dir='ltr'><strong>el</strong></span> <span class='ocrx_word' id='word_1_288' title='bbox 891 3873 978 3933; x_wconf 92' lang='lat' dir='ltr'><strong>et-</strong></span> <span class='ocrx_word' id='word_1_289' title='bbox 993 3877 1049 3933; x_wconf 77' lang='lat' dir='ltr'><strong>OT</strong></span> <span class='ocrx_word' id='word_1_290' title='bbox 1081 3869 1249 3933; x_wconf 80' lang='lat' dir='ltr'><strong>substituit</strong></span> <span class='ocrx_word' id='word_1_291' title='bbox 1269 3867 1357 3933; x_wconf 81' lang='lat' dir='ltr'><strong>fefel-</strong></span> 
     </span>
     <span class='ocr_line' id='line_1_34' title="bbox 166 3962 1356 4061; baseline -0.003 -20"><span class='ocrx_word' id='word_1_292' title='bbox 166 3975 208 4041; x_wconf 87' lang='lat' dir='ltr'><strong>lit</strong></span> <span class='ocrx_word' id='word_1_293' title='bbox 230 3962 305 4042; x_wconf 80' lang='lat' dir='ltr'><strong>eum</strong></span> <span class='ocrx_word' id='word_1_294' title='bbox 328 3977 451 4061; x_wconf 89' lang='lat' dir='ltr'><strong>opinio,</strong></span> <span class='ocrx_word' id='word_1_295' title='bbox 483 3979 521 4038; x_wconf 90' lang='lat' dir='ltr'><strong>ut</strong></span> <span class='ocrx_word' id='word_1_296' title='bbox 543 3973 607 4039; x_wconf 89' lang='lat' dir='ltr'><strong>alio</strong></span> <span class='ocrx_word' id='word_1_297' title='bbox 629 3973 697 4039; x_wconf 90' lang='lat' dir='ltr'><strong>loco</strong></span> <span class='ocrx_word' id='word_1_298' title='bbox 722 3972 1020 4040; x_wconf 83' lang='lat' dir='ltr'><strong>demonstravimus.</strong></span> <span class='ocrx_word' id='word_1_299' title='bbox 1055 3974 1098 4040; x_wconf 84' lang='lat' dir='ltr'><strong>Et</strong></span> <span class='ocrx_word' id='word_1_300' title='bbox 1117 3973 1201 4059; x_wconf 91' lang='lat' dir='ltr'><strong>quod</strong></span> <span class='ocrx_word' id='word_1_301' title='bbox 1219 3975 1356 4059; x_wconf 88' lang='lat' dir='ltr'><strong>particu-</strong></span> 
     </span>
     <span class='ocr_line' id='line_1_35' title="bbox 166 4078 1357 4164; baseline -0.003 -18"><span class='ocrx_word' id='word_1_302' title='bbox 166 4081 217 4146; x_wconf 88' lang='lat' dir='ltr'><strong>lae</strong></span> <span class='ocrx_word' id='word_1_303' title='bbox 247 4087 342 4145; x_wconf 80' lang='grc' dir='ltr'><strong>ΜΕΝ</strong></span> <span class='ocrx_word' id='word_1_304' title='bbox 374 4079 476 4145; x_wconf 82' lang='lat' dir='ltr'><strong>veluti</strong></span> <span class='ocrx_word' id='word_1_305' title='bbox 498 4078 620 4145; x_wconf 91' lang='lat' dir='ltr'><strong>bellum</strong></span> <span class='ocrx_word' id='word_1_306' title='bbox 643 4078 760 4143; x_wconf 84' lang='lat' dir='ltr'><strong>indixit</strong></span> <span class='ocrx_word' id='word_1_307' title='bbox 784 4079 976 4164; x_wconf 89' lang='lat' dir='ltr'><strong>ubicumque</strong></span> <span class='ocrx_word' id='word_1_308' title='bbox 996 4100 1053 4163; x_wconf 91' lang='lat' dir='ltr'><strong>per</strong></span> <span class='ocrx_word' id='word_1_309' title='bbox 1075 4084 1217 4144; x_wconf 89' lang='lat' dir='ltr'><strong>metrum</strong></span> <span class='ocrx_word' id='word_1_310' title='bbox 1239 4078 1357 4143; x_wconf 87' lang='lat' dir='ltr'><strong>licebat</strong></span> 
     </span>
     <span class='ocr_line' id='line_1_36' title="bbox 167 4174 1356 4270; baseline -0.003 -19"><span class='ocrx_word' id='word_1_311' title='bbox 167 4174 264 4251; x_wconf 72' lang='grc' dir='ltr'><strong>ΜΒΝ</strong></span> <span class='ocrx_word' id='word_1_312' title='bbox 295 4205 447 4270; x_wconf 89' lang='lat' dir='ltr'><strong>reponens</strong></span> <span class='ocrx_word' id='word_1_313' title='bbox 477 4187 512 4249; x_wconf 89' lang='lat' dir='ltr'><strong>in</strong></span> <span class='ocrx_word' id='word_1_314' title='bbox 536 4184 694 4270; x_wconf 88' lang='lat' dir='ltr'><strong>plerisque</strong></span> <span class='ocrx_word' id='word_1_315' title='bbox 715 4183 793 4250; x_wconf 90' lang='lat' dir='ltr'><strong>loeis</strong></span> <span class='ocrx_word' id='word_1_316' title='bbox 815 4188 957 4250; x_wconf 89' lang='lat' dir='ltr'><strong>veterem</strong></span> <span class='ocrx_word' id='word_1_317' title='bbox 979 4183 1130 4268; x_wconf 88' lang='lat' dir='ltr'><strong>loquendi</strong></span> <span class='ocrx_word' id='word_1_318' title='bbox 1151 4204 1248 4249; x_wconf 84' lang='lat' dir='ltr'><strong>naum</strong></span> <span class='ocrx_word' id='word_1_319' title='bbox 1272 4182 1356 4248; x_wconf 87' lang='lat' dir='ltr'><strong>ultro</strong></span> 
     </span>
     <span class='ocr_line' id='line_1_37' title="bbox 166 4289 1020 4368; baseline -0.004 -11"><span class='ocrx_word' id='word_1_320' title='bbox 166 4293 314 4368; x_wconf 83' lang='lat' dir='ltr'><strong>vitiavit,</strong></span> <span class='ocrx_word' id='word_1_321' title='bbox 338 4298 376 4355; x_wconf 92' lang='lat' dir='ltr'><strong>ut</strong></span> <span class='ocrx_word' id='word_1_322' title='bbox 398 4291 443 4356; x_wconf 86' lang='lat' dir='ltr'><strong>de·</strong></span> <span class='ocrx_word' id='word_1_323' title='bbox 459 4290 616 4356; x_wconf 87' lang='lat' dir='ltr'><strong>industria</strong></span> <span class='ocrx_word' id='word_1_324' title='bbox 639 4311 695 4356; x_wconf 90' lang='lat' dir='ltr'><strong>suo</strong></span> <span class='ocrx_word' id='word_1_325' title='bbox 717 4289 786 4356; x_wconf 86' lang='lat' dir='ltr'><strong>loeo</strong></span> <span class='ocrx_word' id='word_1_326' title='bbox 809 4290 1020 4356; x_wconf 88' lang='lat' dir='ltr'><strong>ostendemus.</strong></span> 
     </span>
     <span class='ocr_line' id='line_1_38' title="bbox 209 4394 1356 4481; baseline -0.003 -20"><span class='ocrx_word' id='word_1_327' title='bbox 209 4396 273 4461; x_wconf 75' lang='lat' dir='ltr'><strong>Sed</strong></span> <span class='ocrx_word' id='word_1_328' title='bbox 295 4402 462 4481; x_wconf 83' lang='lat' dir='ltr'><strong>supersunt</strong></span> <span class='ocrx_word' id='word_1_329' title='bbox 487 4396 551 4461; x_wconf 88' lang='lat' dir='ltr'><strong>alia</strong></span> <span class='ocrx_word' id='word_1_330' title='bbox 576 4396 661 4481; x_wconf 89' lang='lat' dir='ltr'><strong>apud</strong></span> <span class='ocrx_word' id='word_1_331' title='bbox 683 4395 863 4461; x_wconf 89' lang='lat' dir='ltr'><strong>Homerum</strong></span> <span class='ocrx_word' id='word_1_332' title='bbox 886 4394 1035 4462; x_wconf 80' lang='lat' dir='ltr'><strong>mendose</strong></span> <span class='ocrx_word' id='word_1_333' title='bbox 1057 4397 1191 4480; x_wconf 86' lang='lat' dir='ltr'><strong>scripta,</strong></span> <span class='ocrx_word' id='word_1_334' title='bbox 1216 4414 1296 4479; x_wconf 86' lang='lat' dir='ltr'><strong>quae</strong></span> <span class='ocrx_word' id='word_1_335' title='bbox 1318 4414 1356 4459; x_wconf 82' lang='lat' dir='ltr'><strong>ex</strong></span> 
     </span>
    </p>
   </div>
   <div class='ocr_carea' id='block_1_4' title="bbox 0 0 1626 5012">
    <p class='ocr_par' dir='ltr' id='par_1_5' title="bbox 0 0 1626 5012">
     <span class='ocr_line' id='line_1_39' title="bbox 0 0 1626 5012; baseline 0 0"><span class='ocrx_word' id='word_1_336' title='bbox 0 0 1626 5012; x_wconf 95' lang='lat' dir='ltr'><strong> </strong></span> 
     </span>
    </p>
   </div>
  </div>
 </body>
</html>
