3242 5014
257 386 321 453 168
760 408 932 456 uousmos.

258 574 330 652 syc.
378 570 443 638 Gur
472 594 547 660 ergo
570 574 621 639 illi
643 583 782 653 veteres,
816 578 924 660 quales
947 578 1034 644 viros
1058 598 1091 642 sc
1113 597 1214 661 neque
1237 578 1355 645 vidisse
1377 600 1448 647 um-

260 698 357 762 quam
383 676 544 762 praedicat
572 700 673 765 neque
703 682 834 767 posthac
863 684 1025 760 visurum,
1057 683 1197 745 hominis
1225 686 1447 750 auctoritatem

259 783 470 867 sequebantur
500 782 585 847 ultro
615 784 744 850 fatentis
775 806 807 850 se
838 784 904 849 illis
935 806 1002 851 esse
1030 783 1234 850 inferiorem?
1267 788 1312 851 At
1333 787 1447 853 Nestor

260 888 349 966 μέγα
376 892 491 968 φρονῶν
514 887 567 951 καί
591 889 869 970 παρρησιαζόμενος
889 896 921 956 et
940 891 1013 956 illos
1030 895 1153 958 veteres
1169 898 1201 956 et
1220 896 1322 956 semet
1339 894 1448 978 ipsum

260 993 496 1079 Agamemnoni
525 997 558 1057 et
579 992 700 1058 Achilli
724 1000 913 1079 anteponens
935 998 981 1059 sic
1003 1016 1055 1061 eos
1078 995 1140 1060 sibi
1162 996 1283 1080 optime
1305 998 1448 1060 monenti

260 1097 476 1181 obtemperare
499 1098 657 1182 postulat:
689 1099 831 1174 τίθεσθε,
864 1099 999 1163 ἐπίθοντο
1022 1100 1085 1179 asp
1108 1122 1160 1177 μοι
1183 1100 1237 1164 καί
1260 1100 1389 1180 οίρείονες
1413 1098 1448 1173 ct

261 1226 318 1281 τερ
343 1201 442 1280 ὑμεῖς.
532 1222 534 1227 ’

305 1305 398 1371 Alius
427 1305 562 1371 Homeri
584 1305 687 1385 locus,
719 1308 777 1372 ubi
799 1308 976 1373 Aristarchi
999 1309 1174 1374 sententiae
1196 1328 1258 1371 non
1279 1307 1450 1373 subscribi·

261 1431 352 1488 mua,
378 1415 425 1475 est
446 1413 480 1475 in
503 1410 594 1476 Iliad.
618 1421 658 1499 A.
680 1410 827 1478 28430.

384 1517 439 1591 την
461 1515 487 1581 θ’
510 1516 572 1594 ἐγὼ
595 1517 628 1581 οθ
652 1515 753 1590 λύσω,
778 1517 848 1597 πρίν
869 1542 923 1591 μιν
944 1518 995 1582 καί
1020 1526 1119 1599 γῆρας
1143 1515 1258 1581 ἕτεισιν

385 1620 519 1702 ἡμετέρῳ
542 1620 582 1686 ἐνί
606 1620 674 1702 οίκιρ
699 1622 730 1685 ἒν
749 1624 868 1701 ’Ἄργεϊ
888 1620 993 1696 τηλθθι
1017 1621 1137 1702 τοίτρης

384 1725 447 1793 aas
470 1724 670 1806 ἐποιχομένην
695 1725 747 1789 καί
771 1724 845 1802 ἐμὸν
868 1725 962 1806 λέχος
987 1725 1165 1792 ιὶντιθασαν.

304 1828 373 1895 Hos
404 1834 468 1894 tres
489 1850 599 1894 versus
629 1828 830 1894 Aristarchus
859 1830 1034 1897 damnavit.
1059 1833 1264 1914 dombesca,
1301 1826 1346 1894 ὅτι
1370 1831 1449 1896 θνα·

260 1934 366 1999 λύουσι
388 1935 444 2009 την
467 1934 609 1999 ἐτίτασιν
632 1938 685 1998 τοῦ
709 1937 758 1998 νοῦ
782 1932 834 1998 καί
859 1937 913 2010 την
936 1936 1079 2009 οὶτοειλνίν.
1106 1934 1248 2011 ἦσμίνισε
1272 1934 1335 2017 γὰρ
1360 1935 1448 2000 καὶὸ

262 2038 381 2119 Χρύσης
413 2037 556 2112 είτοιίσης
591 2037 643 2125 (an
667 2035 844 2118 σονοιίσηςί)
869 2041 965 2114 αὐτῆς
988 2041 1030 2120 τῷ
1053 2041 1193 2120 βασιλεῖ.
1245 2041 1448 2106 'supellec

263 2141 295 2207 dd
317 2142 370 2207 καί
395 2141 429 2207 τθ
452 2142 505 2206 τὸν
527 2142 754 2221 Ἀγαμέμνονα
775 2146 905 2207 τοιαῦτα
928 2143 1043 2222 λέγειν.
1089 2144 1221 2211 Nemini
1242 2144 1335 2209 facile
1359 2145 1453 2209 credo

263 2248 341 2313 haec
364 2247 585 2313 Aristarchum
613 2247 832 2332 probaturum.
880 2247 970 2328 Quod
993 2254 1101 2314 autem
1125 2247 1208 2312 dixit
1230 2250 1315 2333 patri
1332 2256 1452 2330 ρσοθνοι

262 2375 323 2417 σοον
345 2350 446 2417 filiam
469 2372 561 2417 suam
584 2372 650 2417 esse
672 2351 772 2438 Regis
792 2353 1015 2433 concubinam,
1039 2353 1248 2419 Alexandriae
1266 2354 1397 2419 fortasse
1415 2355 1452 2418 in

263 2456 337 2523 aula
360 2456 514 2522 dissoluta
535 2477 649 2524 verum
673 2476 739 2521 esse
757 2460 897 2540 poterat,
922 2459 977 2523 sed
996 2479 1059 2524 non
1077 2456 1160 2543 apud
1178 2457 1322 2522 heroicae
1336 2461 1452 2524 aetatis

261 2563 417 2629 homines.
442 2559 560 2628 Contra
578 2560 662 2646 quod
680 2560 841 2626 contendit
858 2564 993 2641 σθσρετὲς
1008 2563 1059 2628 τὸν
1073 2560 1299 2640 Ἀγαμέμνονα
1318 2566 1450 2627 τοιαῦτα

261 2668 378 2746 λέγειν,
411 2669 437 2732 si
465 2668 499 2731 id
521 2665 724 2731 Ptolemaeus
746 2663 815 2730 Rex
839 2666 971 2732 dixisset
993 2667 1130 2749 α’σρεσὲς
1154 2665 1194 2731 θον
1217 2665 1274 2746 ἦν,
1304 2666 1360 2732 scd
1382 2665 1452 2733 Ho—

262 2774 374 2838 marici
395 2772 505 2837 heroes
528 2773 561 2835 in
584 2770 704 2835 talibus
727 2771 996 2850 εὖθυρρημονοῖισιι.

306 2876 429 2942 ltemm
456 2877 495 2942 sb
529 2876 712 2942 Aristarcho
744 2875 994 2942 dissentiendum
1026 2875 1118 2942 Iliad.
1145 2885 1190 2940 o.
1218 2873 1293 2940 130.
1328 2876 1385 2941 ubi
1408 2875 1449 2942 ad

262 2980 423 3047 Achillem
446 3002 504 3046 sua
525 2986 629 3045 mater
650 2982 698 3044 ita
720 2979 815 3044 dicit:

398 3084 500 3150 τέκνον
523 3082 610 3163 ἐμίν,
638 3083 689 3149 τέο
713 3083 822 3164 μέχρις
847 3083 1022 3165 θθνρθμενος
1045 3084 1097 3150 καί
1121 3083 1247 3166 οίχεθονν

397 3194 452 3266 την
475 3188 556 3255 ἔδεαι
582 3189 703 3270 κραδίην
727 3188 919 3268 μεμνημένος
943 3189 1012 3255 οθτε
1036 3214 1066 3254 τι
1090 3189 1174 3254 σίτου

399 3294 462 3360 οὔτ’
486 3296 591 3369 εθνῆςς
616 3293 733 3372 οθγαθθν
757 3294 788 3359 δὲ
813 3293 938 3370 γυναικί
961 3318 1017 3374 τερ
1042 3296 1072 3358 ίν
1097 3293 1245 3375 Φιλότητι

398 3400 553 3479 μίσγεσθ’.
578 3401 610 3464 οὐ
634 3396 697 3478 γοίρ
720 3421 770 3477 μοι
794 3398 877 3477 δηρὸν
900 3395 978 3478 βίη,
1001 3396 1097 3462 ἄλλοθ’
1113 3422 1159 3463 τοι
1184 3399 1240 3476 ἤδη

400 3506 484 3585 ἄγχι
509 3504 679 3585 ταρέςηκεν
701 3501 829 3574 θοίνατος
854 3503 907 3567 καί
931 3510 1021 3582 μοῖρα
1046 3505 1187 3583 νοραταινί.

398 3612 474 3678 ἀλλ’
498 3612 602 3690 ε’μίθεν
625 3607 712 3685 ξύνες
736 3604 810 3672 ὦκα.

307 3717 394 3782 Audi
415 3737 500 3781 nunc
521 3714 698 3781 Aristarchi
718 3714 891 3778 iudicium:
916 3713 1095 3778 θθετοῦνται
1115 3715 1199 3796 ςίχοι
1219 3723 1299 3795 τρεῖς
1322 3714 1449 3801 (130-

264 3821 344 3905 132)
367 3819 413 3887 θτι
437 3823 641 3886 ἈΠΡΕΠΕΕ
664 3818 784 3898 μητέρα
809 3820 860 3899 vl&
884 3816 1005 3895 λέγειν·

529 3924 646 4002 οὶγαθθν
670 3925 715 3992 ἕςι
740 3924 861 4002 γυναικί
886 3924 1065 4000 μίσγεσθαι.

302 4036 391 4097 '‘fiTl
424 4040 480 4095 ΔΕ
511 4039 583 4095 ΚΑΙ
618 4027 763 4094 detorsi
795 4027 1059 4108 ἀσυμφορώτατον
1090 4030 1134 4097 ἕςι
1157 4029 1210 4094 καί
1235 4029 1360 4114 μαλιςα
1384 4036 1449 4104 τοῖς

261 4140 303 4212 είς
328 4138 463 4215 πόλεμον
486 4134 623 4211 ἐξιοῦσιν.
647 4134 740 4215 χρεία
764 4133 827 4213 sap
850 4133 986 4205 εὐτονίας
1011 4135 1062 4197 καί
1088 4136 1276 4213 πνεύματος.

306 4242 412 4308 Facile
443 4242 601 4307 credimus
629 4260 731 4325 neque
760 4237 1016 4304 Ptolemaeorum
1040 4244 1157 4305 matres
1180 4260 1281 4324 noque
1310 4237 1450 4323 reliquas

260 4352 295 4414 iu
326 4347 400 4414 aula
429 4346 642 4413 Alexandrina
664 4350 825 4408 matronas
848 4343 1022 4428 quidquam
1044 4343 1265 4410 huiuscemodi
1287 4341 1362 4408 filiis
1382 4345 1450 4408 suis

259 4456 437 4539 praecipere
466 4452 593 4527 solitas,
627 4454 664 4513 ut
691 4470 791 4532 neque
821 4471 903 4514 nunc
928 4453 1044 4514 matres
1068 4448 1159 4515 facile
1183 4450 1260 4516 talia
1284 4447 1358 4515 filiis
1382 4450 1450 4513 suia
