3242 5014
275 355 343 423 234
762 370 974 419 senmurum.

504 546 536 610 ci
562 543 700 623 Φορκίδες
723 544 847 608 ναίουσι.

276 650 339 717 Sed
368 650 452 736 quod
481 646 645 736 Gorgones
668 647 805 734 relegm
827 646 929 712 solent
952 649 986 710 in
1008 646 1164 712 ultimum
1188 646 1405 723 occidentem,
1438 645 1475 710 id

277 776 380 822 errore
399 758 524 822 nititur.
571 753 788 840 Pherecydes,
816 773 867 838 ap.
892 750 997 819 Sobel.
1022 752 1127 838 Apoll.
1151 751 1256 818 Rhod.
1278 750 1334 816 IV.
1362 748 1474 827 1515,

277 882 374 947 quem
397 881 507 927 omnes
525 864 718 945 sequuntur,
743 858 933 944 simpliciter
951 879 1004 924 eas
1022 857 1156 924 collocat
1174 857 1261 923 κατὰ
1279 856 1330 922 τὸν
1348 858 1474 922 Ὠκεα-

278 966 346 1046 νον,
379 963 724 1041 etetiamsi'Ksctobn
747 964 902 1029 fueritin
924 962 1060 1030 Thracis
1083 963 1202 1030 alicubi
1224 962 1277 1031 sel
1298 965 1333 1027 in
1359 961 1477 1028 Aeolia
1608 968 1609 999 λ

277 1072 330 1139 rel
353 1072 470 1160 Lycia,
504 1074 539 1137 in
569 1071 730 1137 occidente
760 1075 844 1135 certe
871 1089 934 1134 non
956 1069 1028 1134 fuit.
1075 1069 1211 1157 Legitur
1234 1068 1364 1153 quidem
1386 1067 1476 1152 apud
1608 1104 1609 1137 ν

195 1198 201 1205 ·
277 1178 457 1246 Hesiodum
478 1179 514 1242 in
537 1175 721 1263 Theogonia
744 1196 791 1242 rs.
814 1171 897 1239 270:

662 1280 754 1363 πέρην
777 1285 890 1346 κλυτοῦ
915 1285 1079 1344 Ὠκεανοῖο

438 1389 573 1470 ἐσχατιῇ
598 1389 672 1468 πρὸς
695 1387 821 1464 νυκτός,
846 1384 883 1452 ἵν’
907 1383 1081 1464 Ἑσπερίδες
1105 1384 1275 1464 λιγύφωνοι

439 1492 547 1557 Σθεινῶ
566 1497 596 1558 τ’
618 1491 758 1572 Εὐρυάλη
782 1516 817 1556 τε
840 1490 987 1557 Μέδουσα
1009 1514 1044 1555 τε
1068 1490 1172 1569 λυγροὶ
1195 1485 1345 1554 παθοῦσα

325 1598 388 1665 Sed
412 1598 620 1684 interpolatas
643 1619 754 1664 versus
776 1596 922 1674 ridetur,
946 1599 981 1661 in
1003 1615 1066 1680 quo
1088 1592 1125 1659 fit
1148 1593 1363 1680 Hesperidum
1382 1615 1476 1661 men·
1608 1592 1609 1595 ’

280 1710 345 1785 tio,
371 1706 427 1791 qui
450 1703 574 1770 addidit
596 1702 715 1783 effecit,
740 1709 778 1768 ut
799 1701 1014 1787 Hesperidum
1033 1704 1103 1787 jam
1124 1700 1310 1766 riderentur
1326 1718 1408 1786 quae
1426 1705 1478 1766 te·
1608 1724 1609 1727 ¹

279 1833 354 1878 men
388 1815 464 1875 sunt
492 1807 680 1897 Gorgonum
709 1810 837 1894 propria
866 1809 1005 1873 nomina.
1053 1806 1282 1872 Additamento
1314 1814 1477 1891 expuncto
1608 1884 1609 1887 ρ

279 1917 340 1983 boc
362 1936 464 1981 unum
486 1914 681 1993 remanebit,
706 1910 872 2000 Gorgonas
895 1911 1014 1978 alicubi
1036 1911 1077 1978 nd
1099 1909 1260 1978 Oceanum
1279 1911 1434 1978 habitare.
1608 1940 1609 1999 3

325 2020 477 2087 Nondum
510 2022 680 2105 qnisquam
714 2017 910 2103 expedivisse
944 2016 1089 2093 videtur,
1124 2036 1180 2081 our
1209 2014 1382 2084 Phorcidas
1405 2019 1477 2084 sire
1608 2008 1609 2089 ν

281 2123 403 2194 Graeas
424 2144 526 2210 neque
549 2121 650 2190 solem
672 2142 773 2209 neque
794 2121 906 2188 lunam
930 2120 1122 2208 adspiciunt:
1608 2120 1609 2127 ’

624 2224 664 2303 ἃς
687 2225 755 2294 οὔθ’
778 2224 860 2304 ι’ἱλιος
885 2226 1100 2309 προσδέρκεται

551 2335 673 2401 οὶκπῖσιυ
697 2331 765 2400 οὔθ’
791 2333 809 2408 οἱ
833 2332 971 2413 νύκτερος
995 2333 1077 2412 μήνη
1101 2331 1188 2396 ποτέ.

325 2440 427 2509 Maris
451 2442 537 2507 enim
558 2440 635 2506 deae
657 2444 733 2505 sunt
755 2443 787 2504 et
809 2438 919 2505 subter
940 2458 1029 2503 mare
1050 2437 1207 2504 habitant.
1257 2436 1352 2503 Pater
1373 2435 1477 2505 Phor·

281 2556 337 2636 cys
360 2553 424 2626 est,
457 2546 542 2632 apud
572 2543 752 2612 Homerum
780 2539 865 2617 ἅλιος
889 2542 983 2624 γέρον
1007 2550 1040 2610 et
1061 2542 1137 2617 ἁλὸς
1160 2543 1340 2624 ἀτρυγέτοιο
1363 2543 1475 2621 μέδων.

280 2652 365 2719 bilia
382 2655 451 2719 eius
467 2652 591 2720 Pboosa
610 2673 628 2718 o
647 2651 796 2738 Neptuno
816 2649 1054 2736 Polyphemum
1070 2651 1209 2735 suscepit
1226 2649 1279 2715 τον
1292 2649 1474 2725 Κύκλωπα,

281 2760 337 2845 qni
365 2779 468 2824 unum
494 2758 592 2824 habet
621 2757 750 2824 oculum
781 2758 878 2823 sicuti
908 2753 1030 2822 Graece
1061 2761 1093 2821 et
1122 2757 1209 2841 ipsae
1239 2761 1272 2821 et
1298 2756 1474 2841 Arimaspi.

280 2862 387 2931 Mater
410 2860 587 2930 Graearum
611 2862 699 2938 Κητώ
719 2869 784 2928 est:
809 2865 917 2948 aperta
937 2867 985 2927 est
1003 2859 1202 2949 etymologia
1218 2860 1315 2929 vocis.
1350 2860 1474 2927 Eodem

281 2968 403 3035 ducunt
433 2967 576 3053 epitheta
602 2966 802 3051 κυκνόμορφοι
830 2974 862 3033 et
884 2966 992 3034 πολιαὶ
1017 2968 1187 3053 ipsumque
1208 2965 1285 3032 adeo
1307 2967 1493 3052 proprium·

280 3094 397 3141 nomen
428 3081 558 3156 Γραῑαι,
593 3073 676 3159 qnod
707 3072 850 3160 aliquam
883 3074 980 3139 habet
1013 3075 1083 3138 soni
1118 3070 1366 3138 similitudinem
1397 3091 1474 3137 cnm

281 3183 379 3260 γραῦς
403 3185 436 3245 et
458 3178 594 3258 γεραιέ.
642 3178 780 3256 Nereus,
805 3177 953 3256 Proteus,
986 3177 1128 3265 Phorcys
1151 3196 1260 3244 omnes
1282 3199 1364 3245 σονιοο
1386 3182 1472 3242 snnt.
1608 3226 1609 3239 ,

281 3282 491 3352 confirmabit
521 3284 608 3351 idem
637 3283 837 3372 Hesychius,
868 3287 897 3351 si
919 3284 1051 3370 quidem
1073 3286 1143 3350 eius
1165 3285 1388 3350 testimonium
1411 3280 1473 3349 fide

282 3390 419 3479 dignum
441 3393 506 3468 est,
532 3410 607 3455 cum
626 3390 755 3456 scribit:
781 3390 908 3471 φορκον·
934 3391 1059 3468 λευκὸν,
1083 3386 1205 3466 πολιόν,
1230 3387 1326 3468 ρυσόν.
1362 3387 1472 3473 Neque

281 3495 364 3562 illud
394 3493 491 3561 nihili
520 3494 702 3561 faciendum
729 3500 794 3574 est,
826 3496 975 3584 Phorcyn
1002 3495 1214 3561 Thaumantis
1237 3493 1369 3559 fratrem
1389 3493 1470 3568 dici,

281 3601 378 3669 Nerei
399 3598 522 3679 tilium,
549 3599 646 3666 Ponti
663 3606 829 3687 nepotem,
854 3601 894 3667 cf.
917 3600 1049 3668 Hesiod.
1073 3599 1236 3688 Theogon.
1260 3596 1327 3664 333
1349 3617 1416 3683 sqq.
1439 3605 1472 3663 et

282 3706 362 3774 adde
384 3705 564 3772 Prellsrnm
586 3709 620 3772 in
640 3705 723 3773 libro
747 3706 786 3772 de
808 3704 1003 3773 Graecorum
1025 3705 1229 3794 mythologie
1240 3703 1281 3769 11.
1305 3702 1358 3769 63.

328 3809 518 3899 conspirant
540 3832 577 3879 ea
600 3832 680 3899 quae
702 3812 741 3878 de
764 3809 969 3900 Gorgonibns
990 3792 1160 3878 tmdmtui
1178 3831 1198 3876 a
1217 3808 1322 3877 Schol.
1343 3806 1471 3874 Pindnr.

282 3917 381 4007 Pyth.
403 3928 440 3983 X.
466 3914 528 3984 72:
562 3919 596 3983 ai
620 3918 652 3982 δὲ
676 3916 822 3999 Γοργόνες
847 3917 931 3983 κατὰ
955 3918 1014 3996 μέν
1036 3940 1121 3990 τινας
1145 3917 1176 3982 ἕν
1197 3922 1260 3989 τοῖς
1285 3911 1471 3995 Ἐρυθραίοις

283 4025 388 4108 μέρεσι
412 4024 465 4090 καὶ
488 4032 552 4097 τοῖς
575 4020 788 4101 Αἰθιοπικοῖς,
821 4020 911 4092 atie
935 4022 1028 4104 πρὸς
1063 4022 1272 4097 ανατολίςν
1308 4020 1375 4086 καὶ
1407 4043 1472 4098 ροε·

282 4154 328 4208 cn
336 4130 440 4211 μβρί
448 4154 512 4207 αν,
544 4128 628 4196 κατὰ
652 4127 684 4195 δέ
706 4152 791 4203 τινας
817 4130 867 4194 ἐπὶ
891 4130 950 4195 τῶν
975 4126 1114 4208 περάτων
1136 4135 1193 4203 τῆς
1217 4126 1360 4206 Λιβύης,
1384 4123 1472 4195 ctist

283 4237 357 4319 πρὸς
388 4235 481 4302 δύσιν.
529 4232 688 4304 Convenit
717 4234 826 4302 iabula
848 4236 887 4301 de
909 4235 1041 4314 Perseo,
1073 4236 1130 4321 qui
1150 4233 1287 4302 Medusa
1308 4231 1474 4298 interfecta

282 4343 318 4407 in
337 4340 542 4426 Aethiopiam
560 4341 740 4424 pervenisse
758 4340 876 4406 dicitur
895 4340 935 4407 ad
952 4340 1189 4407 Andromedam
1208 4341 1337 4426 ejusque
1348 4342 1473 4424 patrem

284 4442 466 4527 Cepheum,
498 4443 569 4508 Beli
591 4442 705 4508 filium.
753 4444 868 4510 Belum
891 4450 992 4511 istum
1015 4444 1130 4512 Graeci
1153 4449 1187 4511 in
1210 4447 1359 4534 Aegypto
1381 4463 1473 4529 quae·
