3242 5014
687 362 858 411 noanmca.
1301 339 1367 406 183
1461 337 1465 343 ’

181 530 223 608 τίς
246 535 302 609 την
322 533 477 613 θνγοιτέροι
504 533 612 608 θοίτει.
635 534 785 609 πυνθάνει
801 536 951 596 succisas:
963 528 1131 613 paciscitur
1147 531 1237 615 pater
1256 526 1372 611 quibus

181 638 271 705 donis
300 637 498 724 sponsalibus
528 639 666 723 acceptis
687 635 819 701 daturus
841 636 885 699 sit
905 632 1026 698 filiam:
1059 632 1301 698 siccaveniunt
1322 630 1366 696 τά

179 740 250 808 ilas
279 745 411 827 nuptiae
441 739 532 806 fiunt
579 740 679 808 Plane
710 741 787 805 haec
813 735 1039 803 confirmantur
1059 735 1129 801 loco
1150 737 1185 798 in
1207 734 1299 800 iliad.
1322 743 1364 800 N.

179 846 245 912 ἐπεὶ
277 845 357 914 οὔτοι
394 846 533 911 εέδνωτοιί
572 848 661 911 ιιοιιιοί
695 846 789 923 εἰμεν.
845 842 960 907 Daturi
988 861 1101 907 sumus
1130 839 1207 914 tibi,
1242 842 1366 924 inquit,

177 970 310 1017 uxorem
334 949 435 1017 filiam
468 952 718 1038 Agamemnonis
725 969 733 1026 ;
767 951 845 1034 quin
866 949 970 1034 igitur
991 946 1130 1031 sequeris
1153 942 1193 1009 ad
1215 963 1311 1008 naves
1332 950 1367 1007 st

172 1056 377 1139 paciscamur:
409 1052 491 1135 ίΦροο
522 1057 679 1132 συνιθροεθιι
703 1054 769 1133 περὶ
794 1058 851 1117 τῶν
875 1049 973 1116 ἕδνων.
1021 1050 1118 1116 Pater
1137 1056 1171 1113 et
1193 1048 1305 1113 fratres
1327 1048 1366 1127 (cl

179 1158 337 1246 ἐεδνωτοιί)
361 1161 417 1244 qni
438 1157 579 1244 plurima
601 1160 742 1225 dedisset
765 1157 815 1223 illi
838 1159 1023 1234 ἐεδνοῦντοιι,
1048 1163 1081 1220 et
1106 1158 1161 1241 qui
1180 1155 1280 1221 liliam
1295 1180 1366 1239 ριο·

179 1263 232 1327 cib
254 1262 392 1328 dedisset
419 1261 504 1350 (ἄνευ
527 1263 627 1348 ἕδνων)
650 1264 779 1349 perinde
803 1261 956 1343 άπριάτην
979 1259 1114 1326 άνίεδνον
1137 1261 1259 1328 dedisse
1281 1263 1369 1330 vide-

179 1373 250 1443 tur,
284 1371 323 1431 ut
353 1368 575 1454 Agamemnon
601 1364 811 1453 Chryseidem
833 1366 987 1448 άπριάτην
1009 1364 1171 1432 ἀνάποινον
1192 1368 1277 1453 patri
1299 1367 1367 1432 red-

178 1470 295 1537 didisse
316 1477 471 1536 narratur.

222 1573 331 1640 Multo
351 1574 468 1640 melius
487 1577 687 1660 antiquitatis
708 1596 831 1641 morem
850 1577 1017 1662 cognitum
1033 1574 1147 1641 habuit
1164 1574 1365 1659 Asclepiades

178 1679 209 1742 θν
240 1680 331 1761 τρίτῳ
365 1678 631 1759 Τροιγῳθονροθνων
666 1680 751 1764 apud
779 1678 977 1745 Scholiestcn
1008 1678 1139 1745 Pindari
1168 1678 1297 1766 Olymp.
1321 1678 1363 1744 Π.

179 1781 233 1847 39.
256 1784 304 1849 ita
326 1784 479 1849 scribens:
513 1783 608 1861 Ἰξίων
632 1783 733 1863 ἔγημε
757 1784 838 1847 Δίοιν
860 1783 915 1857 τίρν
938 1783 1086 1856 Δηίονίωο
1110 1785 1276 1864 θυγατέρα.
1302 1783 1365 1855 ἔθος

178 1885 210 1951 δὲ
232 1895 296 1959 τοῖς
319 1894 467 1959 παλαιοῖς
478 1893 549 1979 [τῶν
572 1894 699 1971 νυμφῶν
722 1896 824 1953 sole
847 1894 1033 1954 llATPACl
1057 1887 1135 1969 δῶρά
1155 1912 1225 1954 τινοι
1247 1888 1360 1970 προτά·

178 2014 263 2071 γειν,
286 1992 326 2065 ὥς
349 1991 402 2056 καί
424 1993 580 2072 Ὅμηρος·

313 2096 402 2174 πρῶθ’
426 2095 536 2160 θνατὸν
558 2097 636 2175 βοῦς
660 2095 762 2173 δῶκεν,
787 2093 895 2161 ἔπειτοι
919 2095 951 2160 δὲ
973 2095 1055 2175 χίλι’
1080 2096 1198 2174 dales,

312 2195 410 2278 ιοίγοιο
433 2201 509 2279 θμοῡ
532 2200 584 2266 acl
608 2200 669 2274 θἰὀ.
1017 2192 1019 2197 ’

145 2366 149 2371 ,
176 2306 192 2370 θ
221 2308 296 2382 γοῦν
332 2298 476 2380 Δηίονέὺς
510 2307 597 2371 κοντοὶ
627 2306 662 2371 τὸ
693 2303 817 2381 σύνηθες
846 2307 902 2380 την
932 2311 991 2370 τῶν
1017 2303 1112 2386 δώρων
1140 2306 1362 2387 εἰσεπράττετο

175 2407 270 2487 δθοιν,
300 2409 335 2475 id
364 2414 413 2475 est
435 2410 477 2475 τά
495 2408 628 2476 ἘΔΝΛ
650 2410 782 2491 άπητει,
812 2414 938 2475 etcum
966 2408 1006 2474 cb
1029 2428 1158 2475 causam
1179 2416 1231 2491 (ut
1251 2414 1362 2478 scribit

174 2513 388 2599 Asclepiades)
420 2514 460 2579 ab
491 2534 586 2581 avaro
616 2533 732 2600 genero
763 2534 820 2598 per
847 2512 979 2578 insidias
1000 2513 1189 2579 interemtus
1210 2520 1268 2581 est.
1314 2516 1363 2583 De

175 2619 286 2684 eadem
307 2639 343 2685 re
364 2618 475 2683 scribit
497 2617 654 2683 Diodorus
678 2615 806 2681 Siculus
827 2633 871 2682 Ν.
897 2615 960 2681 69:
985 2612 1081 2690 Ἰξίων
1093 2619 1360 2699 -θτοτχθρεενορ

173 2722 307 2788 ἘΔΝΛ
339 2722 447 2787 πολλοὶ
477 2721 580 2789 δείσειε
611 2722 743 2785 Ἡσιονεῖ
772 2718 848 2808 (leg.
873 2718 1011 2807 Δηϊονεῖ)
1041 2720 1142 2800 ἔγημε
1170 2723 1226 2798 την
1252 2723 1360 2790 τούτου

176 2825 341 2907 θνγοιτέροι.
373 2863 415 2876 -
449 2822 542 2890 ἔπειθ’
564 2825 579 2888 θ
602 2825 659 2903 μὲν
689 2822 786 2900 Ἰξίων
816 2825 869 2888 οὑκ
898 2823 1037 2888 saltam
1067 2823 1110 2890 τά
1137 2826 1272 2892 'edna
1305 2828 1358 2916 [τῦ

175 2930 339 3018 γυναικί],
370 2929 440 2996 ὁδί
470 2931 613 3003 Δηίονεὺι
644 2920 704 3000 τὰς
734 2926 846 3000 ίππονς
875 2928 944 2993 claci
972 2926 1084 2993 τούτων
1107 2928 1303 3012 ἧνεχιίριτεν,
1327 2938 1361 2999 et

175 3032 355 3120 celiqua'ut
377 3034 461 3120 apud
483 3033 720 3118 Asclepiadem,
746 3034 837 3098 cuius
860 3031 1110 3113 Τροινῳδοιίριενοο
1132 3033 1263 3102 fortasse
1284 3036 1359 3104 Dic-

175 3140 270 3204 dorus
300 3142 334 3205 in
358 3139 418 3204 hac
438 3144 529 3225 parte
551 3141 653 3223 operis
675 3138 873 3223 sequebatur.
920 3135 1006 3204 Luce
1028 3137 1145 3204 clarius
1166 3143 1215 3204 ast
1235 3149 1275 3222 aa
1297 3163 1358 3219 ριν-

176 3245 259 3308 νιιιιιί
288 3243 515 3330 interpolatum
545 3265 612 3309 esse
642 3243 682 3308 ab
711 3241 835 3327 aliquo,
867 3245 923 3327 qui
954 3243 997 3307 τά
1021 3238 1091 3308 ἕδνον
1113 3252 1153 3325 τῇ
1174 3243 1360 3328 reuocatas

175 3346 308 3413 δίδοτθιιι
337 3349 488 3433 putabat,
518 3369 575 3414 nec
602 3350 680 3413 satis
709 3346 977 3413 animadverterat
1002 3367 1059 3413 cur
1080 3346 1171 3413 Ixion
1192 3369 1288 3417 suum
1310 3369 1358 3419 sc·

173 3471 282 3517 cerum
315 3472 440 3517 necasse
472 3459 661 3517 narn-metus.
706 3449 924 3536 Asclepiades,
956 3456 995 3516 ut
1026 3450 1230 3529 Aristoteles,
1261 3453 1359 3538 probs

174 3556 311 3632 sciebat,
343 3552 388 3619 ὅτι
413 3557 438 3621 οί
461 3555 565 3621 πάλαι
590 3554 742 3631 Ἕλληνες
764 3555 824 3627 τάς
850 3562 1003 3632 γννοιῖκοις
1025 3553 1112 3635 ποιροὶ
1134 3556 1195 3620 τῶν
1218 3556 1355 3639 πιιτίρων

174 3664 238 3730 τοῖς
259 3655 436 3724 ‘eamme
459 3659 608 3725 ἐωνοῦντο.

219 3760 256 3827 si
277 3761 356 3828 haec
379 3783 453 3829 vera
474 3769 507 3829 et
527 3769 613 3830 certa
633 3768 708 3829 sunt
731 3760 771 3828 de
792 3761 917 3827 verbis:

356 3868 382 3930 οί
406 3866 438 3931 δὲ
460 3866 565 3945 γάμον
587 3866 724 3942 τεύξουσι
748 3865 801 3931 ενοι)
824 3864 1015 3947 άρτννθονσιν
1038 3864 1142 3942 isica,

173 3968 264 4036 nulla
290 3990 356 4036 essa
384 3976 489 4056 potest
519 3971 677 4037 dubitatio
703 3973 781 4055 quin
802 3971 881 4035 haec
904 3970 971 4049 περὶ
994 3977 1053 4036 τῶν
1075 3971 1231 4052 μνηςνίρινν
1253 3971 1358 4039 dican·

173 4078 244 4139 tur:
277 4077 407 4160 quinam
438 4077 525 4140 enim
554 4081 677 4161 praeter
706 4094 816 4160 procos
846 4074 910 4139 dici
939 4080 1071 4160 possunt
1093 4070 1165 4141 uua
1187 4074 1359 4159 ἑτοιμάζειν

173 4181 242 4245 sive
263 4176 470 4260 εῦτρεπίζεινί
514 4179 625 4265 Itaque
647 4179 730 4265 quod
753 4179 921 4263 utrobique
944 4179 1089 4245 additur:

309 4285 415 4349 πολλοὶ
438 4281 519 4362 μάλ’
542 4280 621 4349 ὅσσοι
645 4281 721 4347 ἔοικε
743 4284 839 4364 φίλης
864 4284 914 4347 ἐπὶ
939 4284 1047 4356 ποοιδὸο
1071 4282 1215 4360 ἕπετθοιι,

174 4393 250 4473 quia
271 4389 440 4457 manifeste
462 4410 537 4457 cum
558 4388 757 4473 praecedenti
780 4406 874 4453 versu
896 4395 1020 4475 pugnat
1042 4395 1075 4455 ct
1097 4390 1269 4456 absurdum
1293 4396 1357 4469 sat,
