3200 5066
517 306 560 355 no
585 309 728 387 sronsm
742 309 967 360 monueorou.
1274 300 1339 366 445

137 475 279 564 quidem
310 478 399 544 nulle
422 476 474 543 lex
497 480 663 563 prohibere
685 484 807 565 potest,
838 500 899 566 quo
923 484 1031 548 minus
1054 487 1179 551 iuvenis
1199 486 1248 550 det
1272 509 1339 551 οοα·

136 586 250 649 silium
274 583 382 662 alteri,
408 585 435 648 ei
460 586 531 668 quis
553 587 603 649 uti
625 585 715 651 velit.
755 584 866 670 Neque
888 586 966 669 hoo,
991 589 1117 672 opinor,
1144 588 1268 655 Solonis
1286 591 1339 657 lex

137 689 278 756 vetabat
301 688 356 754 sed
379 711 416 753 κο
435 689 558 752 Senator
582 696 656 753 οειοί
677 690 758 766 μητε
782 685 889 771 άρχειν
914 727 957 738 -
981 695 1061 768 μήτε
1083 694 1250 759 Βουλεθειν.
1275 699 1338 781 Ap

137 784 250 880 posite
274 793 314 860 ed
335 794 416 859 hanc
437 806 506 858 rem
528 793 704 879 Xenophon
727 794 889 857 Memorat.
913 790 940 859 Ι.
966 794 997 860 2.
1022 797 1049 881 §.
1072 795 1125 862 35.
1150 799 1207 865 ubi
1227 798 1337 866 Socra-

137 904 195 965 tes
219 901 360 985 quaerit:
386 898 506 980 θρίσατὲ
530 922 581 977 μοι
604 898 700 979 μέχρι
723 897 823 962 πόσον
847 897 922 963 ἐτῶν
945 900 994 966 δεῖ
1010 901 1140 983 νομίζειν
1161 902 1241 979 νέους
1261 901 1337 971 εἶναι

16 1028 18 1039 ²
137 1004 218 1077 τοὺς
256 1004 434 1085 ἀνθρώπους.
479 1006 532 1068 cui
573 1000 750 1069 Charicles:
791 999 917 1084 ίσουπερ
956 1005 1064 1087 χρόνου
1093 1008 1253 1086 βουλεύειν
1283 1010 1338 1076 οὐκ

140 1106 248 1185 ἔξεςι·
273 1148 315 1158 -
339 1110 418 1188 μηδὲ
441 1109 479 1175 σὺ
502 1109 650 1188 διαλέγου
673 1107 823 1190 νεωτέροις
846 1107 1011 1190 τριάκοντα
1035 1112 1119 1178 ε’τῶν.

190 1214 232 1279 In
256 1214 366 1281 eodem
390 1216 570 1303 fragmento
591 1235 666 1303 pag.
691 1211 748 1291 74,
775 1213 806 1279 2.
838 1215 1023 1281 Meinekius
1041 1217 1160 1284 edidit:
1183 1215 1283 1301 ιθσπερ
1302 1220 1347 1301 δὲ,

141 1318 176 1384 ἔν
208 1342 267 1385 τινι
297 1320 402 1401 ἀγαθῇ
433 1328 477 1401 γῇ
507 1319 605 1401 φυτδν
635 1320 878 1397 άειθανιοῡν,
916 1321 971 1385 sed
1001 1322 1149 1398 άειθοιλιίς
1174 1322 1335 1392 Graecum

139 1430 211 1503 est,
243 1425 401 1491 άειθακεΐν
424 1445 486 1490 non
509 1429 567 1489 est.
613 1423 704 1489 Libri
724 1423 842 1489 hebent
864 1424 912 1489 άεί
937 1425 1035 1506 Φυτδν
1058 1428 1178 1508 θαρροῦν
1205 1434 1238 1495 et
1260 1430 1336 1495 Iun-

140 1550 221 1594 cum
251 1529 487 1617 perelegantem
517 1531 704 1615 scriptorem
739 1531 880 1613 suspicor
913 1531 1052 1601 άττικιεί
1085 1532 1202 1601 dixisse
1235 1536 1335 1619 φοτδν

140 1635 389 1716 άείφρουρον
411 1634 446 1700 id
469 1639 517 1700 est
540 1626 708 1705 άειθαλίς.’

188 1845 229 1910 ln
251 1844 360 1912 Floril.
387 1845 469 1923 115,
494 1842 550 1911 27.
573 1844 731 1931 Archytae
753 1844 869 1911 dixisse
891 1850 1039 1931 putetur:
1064 1856 1146 1914 ποιεῖ
1161 1847 1183 1913 ά
1199 1849 1256 1926 μὲν
1272 1848 1332 1915 νεθ·

141 1974 202 2023 τας
228 1950 474 2030 ἐπιχειρητικῶς,
496 1948 531 2015 τθ
556 1948 589 2014 δὲ
611 1956 709 2029 γῆρας
723 1956 943 2031 ’προνοατικῶς
989 1952 1061 2019 Non
1084 1951 1231 2040 intelligo
1254 1955 1332 2039 quid

140 2058 186 2119 sit
211 2056 441 2138 ίπιχειρητιιιῶς
465 2078 495 2118 τι
519 2063 625 2121 ποιεῖν.
671 2052 792 2119 Verum
814 2076 878 2120 nou
899 2055 959 2121 hoc
979 2056 1058 2121 dicit
1076 2057 1251 2143 Archytas,
1276 2059 1331 2124 sed

17 2211 23 2220 .
140 2162 159 2237 ἦ
185 2160 288 2235 νεάτης
320 2160 599 2241 ἐπιχειρητικΟΤΟ
629 2167 717 2224 ποιεῖ.
765 2160 878 2246 Itaque
900 2165 1038 2226 correcto
1061 2162 1193 2228 occentu
1215 2165 1330 2230 scribe·

139 2286 215 2332 mus
238 2266 469 2349 ἐπιχειρητικιίς
492 2270 524 2331 et
547 2265 757 2346 προνοατικοίς.

187 2473 334 2540 Isocratis
357 2476 481 2540 dietum
505 2476 589 2560 epud
612 2475 801 2541 Musonium
825 2471 906 2552 117,
933 2471 964 2538 8.
987 2494 1060 2562 pag.
1085 2472 1144 2552 89,
1169 2474 1223 2541 32.
1243 2475 1325 2557 φασί

142 2578 206 2659 γάρ
236 2579 345 2644 ἐκεῖνον
372 2580 435 2663 (τὸν
461 2577 648 2665 Ἰσοκράτην)
670 2577 875 2658 ἐρωτήσαντός
898 2601 974 2649 τινος
998 2575 1078 2651 άπιος
1103 2577 1205 2658 διάγει
1230 2581 1326 2647 εἰπεῖν

142 2679 188 2749 θ’τι
221 2680 314 2757 οὕτως
346 2681 445 2763 ιθσπερ
478 2685 679 2748 ἘΚΕΙΝΟΝ
710 2681 762 2746 τδν
789 2682 964 2761 ἐνενήκοντα
988 2683 1046 2760 μὲν
1070 2683 1225 2761 γεγονθτα
1250 2684 1325 2764 ἔτη,

141 2795 243 2855 κακῶν
267 2788 298 2853 δὲ
324 2785 459 2868 ἔσχατον
484 2786 645 2868 νομίζοντα
670 2782 747 2852 εἶναι
772 2785 824 2851 τθν
848 2786 987 2853 θάνατον.
1022 2787 1086 2853 Pro
1104 2789 1214 2854 ἐκεῖνον
1234 2790 1326 2857 facile

141 2899 271 2980 apparet
307 2893 541 2958 emendandum
578 2913 644 2958 esse
672 2888 771 2971 ὥσπερ
803 2901 926 2957 elKOC
956 2890 1008 2956 τθν
1037 2893 1102 2958 κτὲ.
1145 2893 1203 2959 Fet
1232 2895 1324 2974 hoec,

141 3003 190 3064 uti
217 3018 320 3085 spere,
353 2996 522 3069 άδέσποτθς
551 3020 598 3068 τις
630 2996 682 3061 καί
708 2996 915 3074 πεπλασμένον
941 2995 1125 3077 παράδοσις,
1150 2999 1325 3083 namquid

140 3101 273 3169 Isocrate
302 3104 465 3180 miserius,
498 3102 576 3188 quid
607 3103 799 3168 contemtius
828 3100 940 3167 fuisset
967 3104 996 3166 si
1025 3102 1103 3167 haec
1132 3122 1207 3168 vere
1230 3102 1325 3168 sunt?

141 3206 253 3273 Simile
283 3207 360 3272 huic
386 3208 540 3274 mendum
570 3206 649 3274 olim
680 3208 858 3271 exemimus
881 3226 920 3271 ex
942 3206 1102 3291 praeclaro
1124 3206 1193 3273 loco
1216 3207 1325 3295 Hype-

141 3312 217 3377 ridis
250 3310 329 3388 124,
363 3310 420 3377 36.
453 3314 479 3378 εί
513 3313 539 3378 δ’
571 3311 633 3383 ἕςιν
661 3311 800 3388 αίοθηοις
832 3312 862 3375 ἕν
891 3310 1124 3376 'natae-ets
1156 3314 1226 3387 τοὺς
1253 3323 1324 3389 ταῖς

140 3426 245 3496 τιμαῖς
277 3423 336 3482 τῶν
368 3418 438 3481 θεῶν
470 3417 718 3496 καταλυομέναις
745 3417 960 3495 βοηθήσαντας
988 3416 1119 3489 πλείη-ης
1144 3417 1323 3494 κηδεμονίας

141 3523 194 3587 ὑπὸ
215 3525 269 3587 τοῦ
288 3522 443 3598 δαιμονίου
464 3521 655 3601 τυγχάνειν,
676 3524 838 3587 imovero
859 3529 983 3585 elssoc
1003 3520 1073 3592 τους
1094 3523 1159 3586 κτὲ.
1195 3522 1325 3590 Eximio

141 3634 185 3693 est
205 3630 240 3692 in
262 3627 314 3692 hie
336 3625 522 3691 Ruhnkenii
547 3625 726 3691 emendatio
751 3623 974 3703 ΚΗΔΕμονίας
991 3645 1048 3710 pro
1070 3629 1322 3707 ΕΤΔΛΙμονίας.

140 3731 241 3798 Facile
275 3737 405 3817 apparet
435 3737 578 3797 veterem
606 3730 755 3795 lacunam
783 3728 862 3794 olim
888 3750 1033 3815 perverse
1062 3731 1223 3818 expletam
1256 3754 1323 3801 esse

141 3842 171 3902 et
196 3835 427 3901 Ruhnkenium
457 3856 496 3901 ex
520 3837 677 3900 sententie
698 3834 761 3899 loci
784 3854 894 3900 verum
915 3834 1085 3901 lectionem
1110 3835 1254 3904 sollerter
1275 3842 1323 3903 in.

141 3940 276 4027 degisse.
325 3939 431 4005 Simul
468 3941 636 4006 observent
668 3940 808 4004 iuniores
841 3938 1022 4017 κηδεμονίας
1061 3940 1234 4024 τυγχάνειν
1264 3964 1322 4030 pro

142 4046 233 4110 vcrho
259 4045 380 4128 ραεεθοο
413 4047 505 4130 poni:
537 4045 572 4109 τὸ
602 4042 754 4123 δαιμθνιον
786 4050 844 4109 τῶν
875 4044 1032 4125 άνθριίποον
1057 4048 1183 4123 κήδεται
1198 4032 1323 4131 'passive

144 4150 254 4215 dicitur
286 4150 311 4214 οί
345 4146 490 4228 άνθρωποι
525 4153 622 4216 ’ΤΠΟ
654 4154 708 4214 τοῦ
740 4148 892 4225 δαιμονίου
917 4149 1095 4228 κηδεμονίας
1115 4150 1320 4234 τυγχάνουσι.

144 4253 191 4319 Sic
221 4258 448 4333 συγγιγνώσκυ
478 4257 629 4339 passivum
655 4255 751 4321 hebet
781 4255 968 4332 συγγνώμης
1000 4255 1173 4336 τυγχάνειν
1204 4262 1235 4322 et
1258 4257 1322 4325 alia

144 4359 296 4445 permulta
319 4380 399 4445 quae
423 4363 556 4446 quisque
581 4358 672 4425 facile
695 4362 777 4426 inter
799 4359 971 4445 legendum
995 4361 1234 4427 animadvertet.
