3254 5034
236 223 280 285 to
729 236 930 285 numeramur

235 426 297 473 non
320 413 369 473 est
385 405 439 471 isti
456 404 552 472 verim
569 404 679 484 locus,
701 425 804 494 neque
820 406 895 473 olim
915 406 994 485 init,
1019 404 1074 471 sed
1095 411 1193 483 Nili,
1218 415 1261 489 νῇ
1281 407 1428 485 νήματα,

236 522 269 578 et
290 511 330 577 ab
357 510 491 577 Hesiodo
516 510 692 597 proiectum
717 521 750 578 et
774 512 813 579 ab
838 513 1017 579 Herodiano
1041 515 1200 597 scriptum
1226 519 1293 588 est,
1321 511 1429 578 etsie

237 616 366 683 demum
401 617 576 683 testimonii
611 617 752 704 perdocti
777 620 983 704 grammatici
1008 621 1091 685 ratio
1114 625 1256 683 constat:
1282 626 1428 695 estatio,

236 722 361 809 iuquit,
395 731 498 801 νῆμα,
533 732 566 807 νη
591 731 623 788 et
647 723 871 811 imperfectum
894 725 955 803 ἔνη.
1007 723 1094 791 Unde
1117 723 1219 808 igitur
1243 732 1427 790 orinatum

236 837 285 895 est
305 837 337 895 et
357 829 389 894 in
415 828 543 895 Hesiodi
563 828 652 895 libris
672 840 703 895 et
717 831 801 916 apud
816 830 1063 919 thrnoiogumi
1089 829 1137 895 lix
1149 829 1338 916 pervulgato
1349 850 1426 897 eru·

237 934 378 1002 ditorum
404 941 533 1013 errore,
558 955 653 1021 quem
676 935 761 1023 apud
787 936 982 1023 Hesychium
1006 946 1039 1002 et
1065 935 1213 1001 Plotium
1236 937 1356 1022 poteris
1375 937 1428 1000 ἐτ’

236 1041 403 1126 αὐτοφώρῳ
425 1039 675 1128 deprebendere.
725 1042 817 1129 dpud
843 1041 1040 1131 Hesychium
1065 1041 1313 1109 circumfertur:

602 1149 831 1230 Νημερτής.

603 1259 715 1319 Naio:
741 1256 844 1329 νήθειν.

603 1362 764 1441 Νηνεμή
772 1385 805 1426 α.

239 1471 271 1530 et
296 1462 380 1551 apud
407 1460 575 1530 Plotium:

601 1573 831 1654 Νημερτής.

600 1684 716 1743 Νεῖνν
743 1678 839 1753 νήθειν
861 1674 978 1759 κρόκην.

599 1783 759 1861 Neripi
766 1807 797 1848 α.
833 1770 836 1776 ¹

286 1890 447 1957 Tenemus
471 1890 683 1973 impostoresz
712 1888 794 1973 quod
816 1888 900 1954 ratio
919 1885 1051 1963 suadet,
1076 1884 1106 1951 id
1128 1886 1228 1953 series
1248 1886 1431 1972 glossarum

239 1995 451 2062 demonstrat.
500 1994 588 2060 lnior
611 1994 775 2076 Νημερτής
800 2002 831 2059 et
852 1995 998 2071 Νηνεμια
1017 1990 1106 2058 locus
1126 1999 1175 2059 est
1195 2012 1289 2059 verae
1308 1991 1433 2060 lormae

238 2110 339 2178 Νῆν,
374 2119 435 2165 non
468 2109 517 2166 est
545 2096 665 2165 iormae
697 2102 830 2166 vitiosae
864 2107 973 2165 Νεῑν.
1022 2096 1082 2164 Sed
1115 2100 1190 2185 quia
1215 2098 1344 2165 sedebat
1368 2099 1433 2164 hoc

239 2210 311 2273 istis
342 2206 507 2289 magistris
533 2226 607 2271 nere
629 2215 689 2272 νεῖν
714 2203 867 2291 appellari
891 2203 976 2291 apud
1002 2213 1126 2271 veteres
1151 2225 1207 2291 pro
1232 2225 1290 2271 suo
1315 2206 1432 2283 νήθειν,

239 2313 389 2399 antiquas
408 2312 587 2399 scripturas
609 2321 728 2379 temere
748 2321 779 2377 et
802 2312 1017 2396 incogitanter
1039 2310 1286 2397 interpolabant.
1320 2310 1433 2396 Neque

241 2428 348 2486 tamen
362 2419 467 2483 omnis
480 2419 635 2484 memoria
650 2417 744 2483 verba
757 2425 808 2492 τήν
820 2416 905 2504 apud
921 2416 1093 2484 Hesiodum
1107 2416 1223 2482 abolita
1237 2425 1296 2483 est.
1312 2416 1432 2482 Attulit

241 2525 422 2610 lennepius
443 2524 656 2590 nesciocuius
669 2522 967 2589 annotatiuncuiam
982 2523 1077 2589 uarro:
1098 2524 1175 2596 τινὲς
1194 2524 1226 2589 δὲ
1241 2524 1276 2589 το
1297 2531 1354 2588 νεῖ
1371 2522 1429 2597 νή·

238 2655 265 2710 μ
275 2654 356 2697 οντα
376 2630 426 2695 διαὶ
442 2634 495 2696 τοῦ
514 2638 541 2695 Η
555 2627 701 2712 ἔγραψαν
712 2631 751 2701 ὡς
763 2630 918 2694 danmatio
931 2629 965 2693 ἐκ
977 2633 1031 2694 τοῦ
1052 2630 1171 2703 νήθει.
1200 2626 1322 2693 Delirat
1335 2626 1431 2692 homo

238 2756 314 2802 oum
335 2755 393 2801 sua
414 2755 563 2822 apocope.
588 2734 673 2802 Nihil
693 2743 741 2801 cst
764 2745 829 2799 tam
848 2735 1024 2799 absurdum
1040 2733 1123 2821 quod
1139 2754 1200 2799 non
1214 2733 1432 2818 sitabaliquo

240 2841 454 2928 grammatico
485 2839 624 2915 dictum,
656 2851 688 2906 et
721 2841 830 2906 venire
853 2839 931 2905 solet
957 2839 1036 2905 milri
1062 2840 1101 2906 ad
1128 2840 1204 2905 iraec
1230 2841 1261 2904 in
1288 2849 1430 2905 urentem

240 2947 325 3035 quod
355 2944 537 3013 Athenaeus
563 2945 681 3011 alicubi
714 2947 856 3012 iocatur:
888 2946 969 3012 οὐδὲν
997 2945 1035 3012 ἂν
1059 2940 1092 3020 ήν
1118 2952 1175 3011 τῶν
1197 2951 1429 3028 γραμματικῶν

239 3052 404 3134 μωρότερον
434 3053 460 3119 ei
491 3053 535 3131 μή
570 3050 664 3132 ἰατροὶ
699 3048 785 3128 ήοαι.
834 3049 982 3118 Servavit
1013 3060 1118 3116 tamen
1145 3052 1236 3117 nobis
1259 3051 1427 3118 lectionem

241 3169 276 3242 vti
297 3158 391 3224 unice
413 3178 532 3224 veranr.
569 3155 637 3238 Qua
658 3165 766 3221 autem
787 3156 946 3223 evidentia
968 3156 1128 3244 Hesychio
1146 3167 1178 3222 ct
1200 3156 1426 3222 Photiosuum

241 3271 322 3341 Νήν
348 3262 564 3340 reddidimus,
589 3261 661 3327 vide
683 3281 724 3326 an
749 3281 810 3327 uon
831 3264 941 3328 eadem
966 3262 1084 3329 Polluci
1107 3283 1199 3350 opem
1221 3260 1305 3328 ierre
1326 3263 1430 3347 possis

242 3369 310 3435 Vll.
344 3374 397 3435 5⁶2.
431 3370 482 3450 ἐφ’
512 3365 546 3434 οὗ
576 3368 607 3434 δὲ
638 3369 770 3445 νήθουσιν
793 3368 810 3443 ή
836 3374 950 3434 νῶοιν
972 3369 1021 3456 (τὸ
1042 3369 1105 3451 γὰρ
1126 3371 1221 3445 νήθειν
1238 3370 1264 3433 οἱ
1288 3368 1425 3434 Ἀττικοὶ

240 3483 323 3541 νεῖν
344 3475 499 3561 λέγουσιν)
524 3475 737 3555 ἕτήνητρον
761 3483 907 3540 καλεῖται
932 3476 984 3541 καὶ
1008 3474 1086 3552 ὄνος,
1110 3484 1142 3541 et
1164 3478 1281 3541 iterum
1303 3485 1339 3542 Χ.
1366 3478 1427 3539 125

240 3581 294 3648 καὶ
318 3580 399 3659 ὄνον,
431 3582 484 3662 ἐφ’
507 3577 541 3646 οὗ
565 3586 674 3656 νῶοι,
699 3582 751 3644 καὶ
778 3580 943 3662 ἐτὶνητρον.
993 3580 1076 3662 Quid
1101 3581 1226 3647 diceres
1250 3580 1353 3646 sicubi
1382 3580 1428 3645 ita

241 3686 416 3772 legeretur:
426 3688 573 3766 βιοῦτινή
591 3685 707 3767 ζῶσιν
728 3687 775 3773 (τὸ
788 3685 851 3765 γὰρ
862 3686 949 3764 βιοῦν
962 3687 987 3752 οἱ
1000 3687 1136 3753 Ἀττικοὶ
1155 3686 1193 3768 ζε
1203 3696 1240 3753 iv
1257 3685 1427 3772 λέγουσιν).

241 3793 365 3860 Vitium
380 3792 504 3860 diceres
516 3812 586 3858 esse
600 3790 807 3857 manifestum
819 3841 827 3868 ,
839 3811 979 3877 narnque
993 3792 1186 3878 praecedens
1199 3794 1287 3874 ζῶσιν
1300 3801 1427 3857 tantum

244 3919 305 3964 non
337 3898 476 3965 clamare
508 3898 561 3981 ζῆν
591 3917 700 3963 rerum
722 3915 803 3963 esse.
853 3897 950 3964 Estne
975 3907 1084 3964 autem
1110 3896 1235 3964 diversa
1262 3899 1343 3964 ratio
1368 3897 1428 3961 loci

243 4002 328 4092 apud
359 4003 540 4085 Pollucem?
573 4004 640 4070 Non
672 4012 733 4068 est.
783 4002 866 4084 Quin
893 4011 926 4067 tu
952 4012 1101 4087 ergomir
1124 4003 1295 4070 emendas?
1344 4001 1427 4084 Quid

243 4109 345 4196 igitur
368 4109 536 4195 superest?
569 4108 764 4197 Hesychius:
791 4111 898 4174 Ἔνει
922 4111 1072 4182 Ἀττικῶς
1093 4107 1202 4185 innisa.
1252 4109 1426 4194 Egregium

244 4234 318 4280 vcro
351 4223 463 4281 testem
497 4214 679 4302 producunt
712 4223 887 4280 scatentem
917 4216 1004 4281 cittis
1029 4218 1209 4281 innumeris
1232 4226 1265 4283 et
1288 4215 1425 4281 aliorum

241 4329 273 4386 et
305 4320 383 4387 suis.
431 4323 469 4387 lt
504 4319 647 4406 procedit
680 4321 712 4385 in
747 4320 888 4387 medium
920 4323 935 4386 i
966 4323 1214 4397 Ἀντιαττιιιιςήο
1246 4341 1264 4387 e
1292 4320 1425 4387 Belleri
