3388 5010
618 360 773 410 summane
800 364 835 409 en
860 365 1014 413 nucinum.
1345 351 1411 415 aaa

213 529 300 599 desis
341 530 429 598 iloni
473 535 513 598 Π.
556 551 588 619 p.
629 536 683 599 96.
727 532 849 600 Littera
871 533 1005 601 canina
1047 534 1169 603 excidit
1203 546 1276 624 post
1309 558 1410 613 cenea.

149 698 163 706 „
213 638 249 705 ln
287 658 398 706 conesr
431 659 526 725 quom
560 639 587 706 si
619 637 761 718 librarii,
794 639 901 707 locum
934 660 996 707 non
1029 641 1272 729 intellegentes,
1295 644 1320 710 a
1347 663 1410 711 non

214 745 417 821 omisissent,
460 744 565 832 magis
600 744 785 813 mirandum
821 746 923 824 leret,
959 767 1057 834 quam
1094 751 1121 814 si
1156 749 1407 818 oblitterassont.

215 852 296 918 Tum
333 852 487 917 »inritata
518 871 615 918 canes
646 852 673 919 li
707 852 842 940 quonam
872 851 969 920 homo
999 875 1030 942 p.
1068 855 1124 922 d.”
1156 857 1279 924 conieci
1314 858 1408 925 Ocni.

213 960 238 1026 1.
271 962 303 1024 o.
361 956 500 1034 monde
539 968 740 1046 usurparunt
772 980 836 1026 non
865 967 994 1027 tantum
1025 961 1153 1029 Ennius
1183 973 1216 1031 et
1248 963 1407 1045 Naevius,

214 1064 269 1133 sed
293 1062 393 1131 etiam
419 1071 490 1150 post
512 1062 672 1131 Lucilium
696 1065 868 1133 Lucretius
890 1070 913 1133 Ι.
939 1071 1023 1135 oto:
1048 1069 1209 1157 »quamde
1231 1072 1341 1158 gravis
1361 1071 1408 1137 in·

213 1179 265 1238 ter
284 1169 432 1238 Graios’'.
1000 1238 1011 1255 ,

258 1280 298 1343 11.
332 1280 394 1356 tt,
427 1278 480 1342 20.
526 1276 783 1364 lionogrammos
811 1298 886 1345 cum
920 1281 1035 1363 sitis,
1059 1283 1114 1370 qui
1140 1303 1202 1350 non
1228 1282 1323 1351 habet
1347 1284 1411 1351 nisi

213 1385 364 1455 umbram
388 1383 528 1452 hominis
550 1395 583 1452 et
608 1387 701 1474 quasi
725 1396 910 1475 spectrum,
938 1390 1074 1456 nimium
1099 1399 1149 1458 est
1170 1392 1199 1457 si
1218 1391 1411 1459 macilentus

214 1492 311 1559 homo
347 1512 591 1580 monogrammo
624 1495 681 1560 oia
717 1494 834 1562 similis
868 1514 939 1562 esse
974 1495 1120 1574 dicatur:
1154 1516 1217 1564 non
1251 1506 1302 1566 eet
1333 1497 1410 1564 huic

216 1600 351 1678 similis,
376 1599 431 1665 sed
456 1600 524 1687 ipse
548 1620 818 1688 monogrammos.
867 1605 980 1688 Itaque
1004 1623 1062 1690 pro

399 1732 587 1766 ,oo-,uv-
614 1708 667 1772 vix
691 1708 765 1773 niro
787 1705 910 1773 homini
932 1728 971 1775 ao
995 1728 1239 1796 monogrammo

216 1810 441 1882 scribendum:
467 1832 740 1901 monogrammae.
777 1813 932 1902 Sequitur
956 1814 1041 1904 apud
1063 1814 1202 1884 Nouium
1227 1815 1283 1884 ΕΤ
1301 1835 1332 1905 p.
1354 1822 1409 1885 37.

218 1926 270 1988 15.
307 1919 473 1987 Sententia
500 1918 591 2007 plena
615 1920 690 1987 talis
712 1918 791 1987 luit:

356 2051 463 2079 -νν-
489 2025 610 2092 nmilee
633 2027 687 2092 nix
713 2027 785 2092 niro
808 2024 932 2093 homini
955 2047 993 2094 ac
1016 2046 1289 2116 monogrammos.

261 2132 380 2202 Locum
408 2138 469 2209 14,
496 2135 538 2198 22
563 2132 609 2197 sio
634 2132 804 2198 constitnit
827 2132 889 2200 ll:

382 2263 487 2293 -νν-
514 2256 634 2325 quaeso
657 2258 745 2305 nuno
768 2237 942 2306 Aemilium
966 2249 1064 2329 atque
1086 2242 1248 2330 precando

373 2346 467 2432 exigo
490 2353 523 2411 et
547 2351 683 2412 encauto
709 2371 981 2400 υυυυυυυυυυ

215 2451 282 2520 Hoc
314 2451 399 2531 loco,
429 2460 465 2520 ut
488 2450 634 2538 saepius,
660 2453 959 2540 interpretationem
983 2451 1215 2522 desideramus.
1264 2454 1409 2537 »Quaeso

215 2557 411 2625 Aemilium'’
451 2566 557 2626 estne:
598 2559 751 2625 omissum
788 2580 921 2646 quaero,
951 2578 992 2625 an
1028 2581 1103 2646 rogo
1131 2559 1198 2627 Ar
1243 2561 1410 2629 Posterius

215 2662 275 2730 hoc
307 2662 388 2730 aelle
418 2663 565 2742 ridetur,
597 2684 672 2731 cnm
705 2664 802 2730 aliam
827 2674 982 2752 proponat
1006 2665 1244 2735 coniecturam:
1269 2690 1410 2756 quaeque

214 2791 300 2857 rogo.
350 2768 391 2837 lt
410 2770 476 2837 laoo
498 2771 597 2836 nimis
622 2768 744 2836 recedit
767 2789 785 2836 a
811 2769 930 2837 tradita
953 2771 1089 2838 lectione
1111 2792 1191 2859 quoe
1211 2795 1278 2861 epo.
1309 2775 1408 2841 Porro

215 2883 342 2943 mutato
369 2876 423 2943 illo
446 2898 544 2964 poene,
570 2877 710 2963 privavit
734 2876 832 2945 verba
855 2877 950 2965 oripo
973 2884 1006 2943 et
1028 2887 1159 2945 caconto
1181 2878 1317 2948 obiecto.
1364 2884 1400 2946 In

214 2980 307 3049 libris
330 2991 379 3050 est
403 2982 497 3073 (Non.
525 2988 599 3051 102.
627 2983 679 3073 7):
1101 2990 1105 2999 ⁴

443 3109 526 3177 quae
549 3109 609 3176 ego
632 3107 719 3156 nunc
744 3087 881 3157 Aemilio
903 3097 1077 3178 praecauto
1106 3098 1205 3179 etque

443 3194 537 3281 exigo
558 3205 592 3263 et
615 3206 761 3264 encauto.

216 3300 400 3369 Excantare
429 3309 479 3368 est
508 3299 669 3368 cautando
696 3310 907 3389 extorquere,
939 3301 1094 3372 obtinere.
1143 3305 1308 3373 Sententia
1340 3304 1408 3372 nul·

216 3405 280 3473 lam
313 3407 463 3495 poscebat
491 3409 716 3476 mutationem.
765 3407 861 3476 Vitles
891 3408 1070 3477 hexametri
1100 3411 1292 3479 restituendi
1316 3431 1409 3480 cona·

215 3533 290 3580 uren
321 3533 419 3601 quam
450 3513 621 3585 molestum
657 3514 767 3583 luerit.
814 3514 883 3603 Ego
906 3535 970 3582 nou
994 3514 1122 3596 dubito,
1145 3521 1173 3584 si
1198 3518 1273 3585 iibri
1296 3537 1408 3586 numo

216 3638 273 3687 rus
297 3621 499 3708 praepositus
524 3639 586 3686 non
610 3620 746 3701 luisset,
771 3621 850 3708 quin
876 3641 988 3688 omnes
1012 3623 1044 3689 in
1069 3621 1141 3691 his:

486 3725 574 3807 Quae
600 3729 660 3814 ego
684 3747 771 3794 uuuc
795 3727 933 3794 Aemilio
958 3729 1131 3815 praecinto

215 3834 345 3901 initium
370 3834 544 3922 septenarii
569 3833 670 3901 troch.
692 3834 908 3920 agnovissent.
930 3833 1021 3901 Nunc
1041 3842 1172 3921 propter
1192 3832 1279 3901 illam
1299 3844 1406 3904 notam

216 3939 272 4029 (ΙΙ)
305 3949 445 4027 quatuor
472 3947 643 4007 mutantur
666 3938 829 4006 vocabula.
877 3938 912 4007 st
937 3938 1100 4006 trochaico
1122 3949 1227 4007 metro
1250 3941 1331 4009 haec
1354 3964 1407 4032 ap·

215 4055 345 4124 tantur,
378 4053 505 4112 tantum
534 4044 613 4112 onlo
640 4053 877 4134 postremorum
907 4044 1134 4112 vocabulorum
1160 4055 1210 4114 est
1233 4048 1408 4121 immutan-

91 4224 95 4235 ,
215 4151 276 4219 dus
309 4152 426 4239 »itque
456 4161 591 4218 encauto
618 4161 650 4219 et
673 4153 803 4239 exigo’,
828 4151 911 4238 quod
936 4152 1034 4218 etiam
1059 4151 1099 4217 ad
1123 4154 1316 4221 senientiam
1342 4175 1407 4223 me·
1447 4152 1451 4157 ’

216 4257 279 4325 lius
298 4265 369 4338 est,
393 4276 467 4322 nam
489 4256 616 4325 laoilius
635 4259 726 4345 exigo
746 4256 833 4324 illam
854 4256 1128 4325 constructionem
1150 4259 1261 4348 (alicui
1270 4262 1406 4351 aliquid)

216 4362 365 4433 admittet
388 4382 579 4450 praegresso
602 4362 748 4441 excocto,
774 4384 849 4431 cum
871 4382 936 4452 quo
959 4365 992 4430 in
1015 4383 1112 4431 unam
1133 4365 1285 4434 coalescit
1306 4371 1408 4436 notio-

216 4489 307 4549 nem,
342 4488 440 4558 quam
475 4471 504 4538 si
540 4470 703 4540 scribatur
737 4472 831 4560 exigo
866 4480 895 4539 ct
927 4479 1069 4540 encauto.
1117 4471 1288 4560 Exigimus
1319 4475 1407 4545 enim
