3340 5014
302 328 364 393 128
750 354 754 360 ·
792 345 992 393 κιεοιιιιιιιιι

296 515 329 580 in
353 513 761 602 vilahrislidlseap.10:
786 516 816 581 ἐν
840 515 871 582 δὲ
891 516 942 598 τῷ
965 514 1209 598 ψηφίσματι
1231 517 1299 580 τοῦ
1321 513 1486 596 ’Aracel-

295 622 360 687 δον
385 623 576 705 πρεσβευτής
601 624 655 688 οὐκ
678 622 773 695 αὖτίς
798 622 888 689 ἀλλὰ
911 621 1015 701 Κίμων
1039 621 1092 687 καί
1113 620 1285 695 Ξοίνίιππος
1306 621 1359 687 καὶ
1379 630 1485 704 Μυρω·

295 728 375 803 νίδις
400 727 557 810 φέρονται.

340 833 425 901 Nihil
450 833 502 900 his
526 833 640 901 addam
666 842 796 920 practer
818 832 959 921 lepidum
985 832 1098 900 Gallici
1123 842 1234 922 poetae
1266 831 1481 899 versiculum:

434 938 478 1007 Et
501 941 575 1008 οόιι
594 947 742 1026 ρουοισιιι
765 940 848 1006 or'noi
870 960 930 1027 quo
953 938 1018 1005 l’oo
1040 939 1118 1005 ecrit
1141 938 1304 1006 l’ltirtoirc.

775 1154 1003 1169 μ

742 1327 805 1397 GA
822 1327 921 1397 PUT
957 1327 1028 1395 ΙΙΙ.

622 1508 667 1573 Ao
693 1505 862 1572 Pruraucnr
887 1524 979 1571 urim
1006 1506 1156 1575 Proreus.

338 1683 415 1771 Gap.
440 1684 464 1751 1.
488 1681 589 1764 ξένους
611 1683 698 1757 τινας
723 1684 753 1748 ἐν
776 1682 876 1766 Ῥώμη
898 1689 992 1748 κυνῶν
1014 1680 1110 1748 πίκνα
1129 1683 1182 1750 καί
1208 1685 1341 1764 πιίήκυν
1364 1686 1396 1751 ἐν
1418 1695 1481 1762 τοῖς

290 1789 413 1865 κίλποις
437 1790 655 1873 περιφέροντας
687 1788 739 1853 καί
763 1789 958 1867 ἀγαπῶντος
989 1790 1056 1855 ίδῶν
1084 1790 1098 1854 ὃ
1126 1799 1247 1873 Καῖσαρ
1279 1793 1428 1874 ήροίτησεν
1454 1795 1481 1860 εί

290 1898 402 1965 παιδία
425 1899 498 1977 παρ’
522 1898 627 1968 αὐτοῖς
650 1897 683 1961 οὔ
706 1896 859 1961 τίκτουσιν
882 1897 916 1960 al
938 1904 1106 1973 γυναῖκες,
1132 1899 1382 1977 ἡγεμονικῶς
1402 1897 1480 1981 σφί-

290 2004 345 2086 δρα
370 2005 551 2079 νουθετήσας
581 2001 651 2074 τοὺς
684 2000 719 2065 τὸ
741 2000 837 2081 φύσει
867 2001 1031 2084 φιλητικὸν
1063 2003 1094 2068 ἐν
1117 2005 1191 2080 ήμῑν
1211 2002 1263 2068 καί
1294 2002 1480 2085 φιλίςοργον

290 2111 332 2184 είς
356 2109 442 2191 ίηρία
464 2106 755 2180 καταναλίσκοντας
779 2108 941 2188 οίνίρῶποις
960 2107 1169 2189 δφειλίμενον.
1219 2106 1303 2190 Quid
1327 2107 1389 2173 sibi
1409 2106 1479 2175 rull

289 2217 322 2281 in
349 2214 405 2280 tali
429 2234 465 2280 ro
496 2215 684 2294 ἡγεμονικῶς
715 2211 855 2294 oculor
893 2214 971 2295 Quis
995 2220 1163 2291 nostrum,
1195 2214 1251 2301 qui
1279 2233 1341 2279 non
1365 2232 1479 2280 sumus

290 2320 459 2401 ήγεμίνες,
486 2339 547 2385 non
569 2317 653 2384 idem
674 2319 705 2384 in
728 2338 761 2384 re
782 2318 880 2385 simili
899 2318 1006 2386 dicere
1025 2318 1202 2406 potuisset?
1229 2318 1476 2386 Emendandum

289 2427 520 2506 unhrainein
543 2425 675 2508 σφόδρα.
723 2424 790 2492 Nou
816 2424 943 2491 duriter·
966 2435 998 2492 et
1021 2445 1134 2512 aspere
1152 2446 1206 2492 eos
1231 2425 1351 2494 Caesar
1373 2427 1479 2493 incre·

289 2534 376 2622 pnit,
410 2531 464 2599 scd
501 2530 670 2598 admonuit
705 2530 837 2619 ὺονιίριισ
869 2530 1038 2597 admodum
1069 2541 1103 2598 et
1134 2531 1262 2599 leniter.
1309 2532 1409 2620 Saepe
1440 2552 1477 2599 eo

285 2660 382 2707 sensu
406 2638 606 2718 κηδεμονικῶς
631 2638 774 2725 ponitur.
823 2636 858 2702 ln
884 2635 1022 2702 Scholiis
1047 2637 1178 2705 Venetis
1202 2636 1242 2704 ad
1266 2637 1355 2704 iliad.
1381 2637 1405 2704 1.
1432 2641 1475 2704 29

284 2755 333 2814 εει
358 2749 375 2823 ή
398 2742 634 2826 Ἀγαμέμνονος
664 2743 801 2826 ῥητορεία
832 2737 866 2808 εὖ
895 2742 1014 2823 ἔχουσα
1044 2745 1097 2809 καί
1128 2744 1411 2824 κηδεμονικῶς.
1443 2751 1477 2810 el

285 2851 326 2919 ad
348 2863 389 2919 Π.
414 2857 468 2918 85.
500 2847 546 2917 ὅτι
580 2851 612 2917 δὲ
642 2850 914 2929 κηδεμονικῶς
946 2854 1051 2916 ταῦτα
1082 2851 1124 2931 τῷ
1157 2850 1241 2934 φίλῳ
1267 2848 1475 2931 συμβουλεύει

284 2961 488 3039 ἐπιμαρτυρεῖ
506 2956 558 3023 καί
583 2958 597 3022 ί
619 2956 764 3033 ποιητής,
789 2965 822 3021 et
846 2955 892 3021 sio
915 2953 956 3021 ad
981 2966 1020 3022 n.
1046 2959 1102 3022 98.
1126 2957 1159 3021 οὗ
1183 2957 1268 3023 κατὰ
1293 2958 1475 3035 κηδεμονίαν

283 3070 343 3131 τῶν
365 3064 536 3139 Ἑλλήνων.
568 3070 612 3151 ιιι,
631 3061 671 3129 ad
705 3072 739 3131 Ξ.
776 3065 849 3128 110.
881 3057 986 3136 ἄλλως
1011 3086 1046 3127 τι
1071 3063 1106 3128 τὸ
1130 3062 1286 3138 πλήττειν
1311 3061 1385 3152 (leg.
1410 3062 1476 3128 ἐπι·

284 3169 447 3259 πλήττειν)
471 3168 560 3249 ίαμοδ
583 3169 758 3250 οίπίχίειαν
777 3170 811 3234 οὐ
831 3168 1011 3247 κηδεμονίαν
1035 3168 1200 3251 ἐμφαίνει.

332 3381 409 3466 Cap.
434 3384 465 3446 h.
489 3381 584 3455 οὐδείς
608 3382 726 3464 εὐφυής
750 3380 813 3454 νίος
832 3418 876 3430 -
895 3379 1070 3460 ἐπεθύμησε
1093 3378 1234 3459 γενέσθαι
1248 3379 1477 3463 -Ἂνακρὲυν

285 3490 303 3566 ή
328 3485 510 3566 Φιλήμων
534 3486 552 3562 ή
577 3487 765 3569 Ἀρχίλοχος
790 3485 888 3563 ήσίείς
914 3489 1014 3552 αὐτῶν
1033 3493 1098 3559 τοῖς
1117 3486 1296 3565 ποιήμασιν.
1345 3485 1476 3552 hiando-

284 3614 356 3661 sum
388 3612 458 3659 esse
488 3594 634 3672 Φιλήμων
664 3612 776 3658 omnes
807 3591 1025 3659 consentiunt.
1074 3592 1186 3679 ltaque
1216 3592 1249 3657 in
1275 3593 1346 3657 eius
1370 3591 1475 3658 locum

284 3698 483 3766 substitutus
506 3706 556 3764 est
580 3702 731 3773 Φιλητᾶς.
769 3696 831 3764 Sed
851 3718 912 3762 non
932 3705 982 3763 est
999 3696 1045 3762 illi
1070 3695 1160 3763 locus
1184 3698 1268 3765 inter
1293 3700 1477 3764 Anacreon·

285 3816 349 3872 tem
383 3815 416 3872 et
446 3802 675 3871 Archilochum
707 3801 833 3869 medius
864 3822 968 3890 neque
999 3803 1101 3869 honus
1135 3802 1275 3869 Philetas
1301 3805 1332 3869 in
1362 3823 1475 3870 eorum

284 3931 420 3979 numero
444 3920 511 3990 est,
538 3909 578 3977 de
601 3909 718 3998 quihus
745 3908 937 3976 Plutarchus
951 3909 1057 3997 paullo
1077 3918 1152 3977 ante
1168 3908 1294 3977 dixerat
1314 3910 1476 3993 χαίροντες

284 4021 326 4101 τῷ
349 4017 428 4117 Ιἔργῳ
451 4022 505 4084 τοῦ
526 4017 707 4098 δημιουργοῦ
727 4021 991 4100 καταφρονοῦμεν.
1025 4015 1216 4103 Requirilur
1229 4035 1342 4083 nomeu
1365 4023 1477 4103 poetae

286 4123 412 4209 antiqui
437 4131 473 4188 ut
497 4143 572 4190 cnm
598 4125 797 4190 Anacreonte
816 4131 848 4189 et
873 4121 1063 4190 Archilocho
1087 4124 1235 4211 componi
1262 4122 1425 4210 potuerit,
1443 4131 1478 4190 et

285 4227 397 4294 eadem
421 4227 461 4294 do
485 4247 579 4295 causa
612 4228 832 4307 celeberrimi,
851 4238 882 4295 et
906 4228 1013 4316 aliqua
1033 4229 1103 4296 labe
1128 4229 1295 4316 insigniti,
1321 4235 1357 4295 ut
1381 4248 1478 4314 gone·

288 4352 381 4399 rosus
405 4333 531 4400 iuvenis
555 4335 608 4402 ille
631 4356 701 4403 csse
720 4334 874 4402 fastidiat.
912 4334 959 4402 Ex
983 4346 1194 4403 ΦΙΛΗΜΩΝ
1213 4334 1292 4402 nihil
1316 4335 1476 4422 expiscari

288 4440 408 4526 poteris
431 4438 517 4528 quod
540 4440 580 4509 ad
605 4462 673 4509 rem
699 4441 807 4509 iaciat.
843 4440 1009 4508 Plutarchi
1029 4444 1134 4510 oratio
1149 4441 1260 4509 multis
1271 4439 1351 4508 locis
1364 4440 1477 4509 vitiata
