3388 5010
272 342 337 407 242
677 356 831 403 unururann
857 356 892 402 rr
918 356 1071 404 curruum.

271 527 379 594 versui
404 525 549 614 adaptari
575 546 637 594 non
663 534 789 614 posset,
816 528 846 592 iu
872 534 1019 614 poemate
1042 523 1181 593 Narmrri
1197 523 1366 593 lerendurn
1388 544 1459 591 esse

272 641 385 722 putat:

684 738 833 805 servandi
864 739 1005 828 [numeri
1029 749 1060 805 et
1087 758 1200 806 versus
1225 737 1363 806 laciendi

353 846 417 913 Nos
440 845 547 934 Curet]
574 846 712 924 Nouem,
738 865 910 912 numerum
938 852 973 911 ut
997 847 1160 912 servemu’
1185 845 1389 931 modumque.

275 954 339 1021 ino.
364 952 405 1020 lr.
429 958 493 1033 56,
514 954 589 1017 oliuu
610 951 694 1017 libro
715 951 769 1017 lX.
791 956 825 1018 6.
860 953 896 1019 ln
918 951 1037 1039 quibus
1059 950 1155 1017 verba
1170 951 1299 1018 inducta
1316 952 1466 1017 nituntur

274 1058 385 1126 codice
409 1060 533 1125 llousae
558 1059 674 1145 patris,
699 1059 753 1144 qui
780 1078 838 1123 nco
862 1056 988 1124 lraudis
1012 1078 1071 1124 nee
1095 1059 1217 1124 erroris
1244 1058 1391 1123 convinci
1417 1077 1468 1143 po·

275 1174 360 1246 test3
389 1186 462 1231 nam
488 1168 515 1231 si
543 1166 616 1251 quis
640 1163 727 1230 dicat
751 1164 843 1229 Crem
869 1163 1014 1230 additum
1046 1163 1181 1251 prodere
1206 1163 1467 1250 interpolatorem

275 1271 427 1358 quoniam
452 1270 556 1337 Curru
583 1279 688 1356 posset
709 1279 796 1337 certe
822 1279 924 1335 metro
944 1270 1105 1358 adaptari,
1130 1271 1269 1338 latentur
1290 1281 1398 1336 lamen
1416 1288 1468 1335 ue·

276 1396 366 1446 resse
397 1384 465 1453 est,
498 1376 660 1464 pinnisque
692 1375 771 1443 loeis
798 1362 1042 1442 Carul'lacilius
1067 1397 1194 1455 uersum
1222 1375 1347 1462 ingredi
1368 1393 1465 1462 quum

279 1482 482 1573 trisyllabam
519 1481 665 1548 lornram.
714 1481 866 1550 Ceterum
903 1480 944 1547 ol.
981 1483 1121 1548 Couieot.
1157 1481 1184 1548 l.
1222 1501 1253 1568 p.
1281 1486 1334 1546 lb.
1382 1479 1471 1545 ldem

278 1591 422 1658 Lucilius
447 1590 479 1655 in
506 1590 650 1655 vocativo
675 1588 821 1676 probavit
845 1610 874 1654 nr
893 1588 948 1654 lX.
975 1593 1032 1653 19:
1057 1608 1184 1653 uruntur
1209 1607 1354 1664 corloon
1372 1585 1471 1653 addes

282 1719 300 1762 n
327 1716 400 1762 cunr
437 1694 534 1761 »nanr'
566 1697 676 1761 ronu1”
708 1696 877 1761 iusseris’'.
926 1693 992 1761 laur
1019 1696 1144 1759 verosi
1171 1703 1262 1781 poeta
1287 1712 1378 1759 suam
1405 1694 1471 1780 ipsc

278 1802 457 1869 doctrinam
484 1810 616 1866 secutus
636 1810 706 1878 est,
733 1802 765 1865 in
787 1801 935 1885 genetivo
959 1799 1042 1886 sing.
1064 1801 1208 1866 omnium
1231 1799 1470 1886 interscripsit

279 1930 307 1985 1,
340 1908 371 1973 iu
405 1907 525 1972 nomin.
559 1905 641 1992 plur.
670 1908 838 1972 nominum
865 1908 897 1972 in
923 1928 960 1971 ur
982 1914 1014 1972 et
1040 1907 1183 1971 vocativo
1207 1907 1411 1993 propriorum
1436 1906 1468 1970 in

276 2014 329 2079 iur
356 2033 405 2089 rr,
431 2013 541 2098 ltaque
564 2012 672 2089 delei,
696 2011 809 2089 Lucci,
834 2012 977 2078 Ambiori
1000 2012 1130 2101 (rorat.)
1154 2020 1187 2079 et
1210 2012 1397 2090 sceleroso,
1421 2033 1471 2077 re·

279 2118 369 2196 terei,
393 2118 500 2194 terrei,
525 2118 666 2194 miseret,
685 2117 843 2206 ralipiorei
862 2118 960 2206 (nom.
980 2118 1079 2207 plur.)
1106 2118 1177 2184 utta
1199 2117 1351 2204 ambigua
1366 2116 1472 2183 ortlro·

282 2222 437 2311 graphiae
467 2242 526 2311 ope
558 2222 712 2290 distincta
744 2223 861 2298 voluit,
895 2232 929 2289 ut
947 2225 1015 2311 pilo
1037 2233 1070 2291 et
1089 2225 1214 2312 pollura
1239 2223 1335 2313 (plur.
1358 2224 1470 2312 pello).

281 2329 406 2416 Ubique
429 2339 559 2408 autem,
584 2330 726 2414 exceptis
749 2329 828 2407 illis,
854 2329 893 2395 de
914 2330 1032 2418 quibus
1048 2330 1154 2397 adhuc
1173 2332 1372 2418 expositum,
1396 2350 1470 2396 eum

282 2445 339 2503 aut
369 2457 400 2501 nr
431 2444 488 2501 aut
522 2455 534 2501 1
565 2434 724 2525 (longum)
757 2436 926 2522 scripsisse
956 2437 1111 2502 constitui
1142 2456 1205 2502 nou
1229 2444 1343 2524 potest.
1392 2436 1471 2504 Nam

283 2541 459 2608 »librorum
488 2541 681 2627 corruptelis
705 2541 790 2606 duod
812 2563 887 2606 cone
906 2542 1017 2628 poncio
1039 2560 1196 2629 apparere
1221 2561 1293 2608 eum
1320 2540 1473 2629 diphton-

283 2666 359 2735 gum
393 2647 567 2714 maluisse”
603 2647 647 2736 (p.
681 2649 758 2734 lib)
793 2667 854 2712 non
884 2647 1033 2714 dixerim.
1082 2648 1207 2714 Etenim
1236 2649 1275 2713 iis
1297 2647 1392 2724 lucis,
1419 2648 1472 2714 ubi

284 2774 372 2822 nunc
405 2755 445 2820 ll.
471 2755 500 2819 ci
524 2754 687 2829 restituit,
714 2773 812 2839 paene
836 2754 986 2821 omuibus
1010 2774 1071 2818 non
1097 2753 1224 2821 litterae
1249 2755 1475 2833 inueniuntur,

283 2880 464 2948 quaecum
490 2861 519 2925 oi
543 2859 664 2925 iorrnae
689 2859 852 2946 quandam
877 2859 1123 2926 similitudinem
1145 2858 1278 2934 halreut,
1302 2860 1358 2926 sed
1380 2861 1474 2928 modo

285 2989 338 3043 oe,
369 2965 462 3032 modo
485 2986 518 3043 o,
549 2965 643 3031 modu
666 2986 700 3043 e,
734 2965 827 3031 modo
850 2968 882 3045 i,
918 2965 1011 3031 ruodo
1035 2988 1087 3045 er,
1123 2965 1297 3046 modurn,
1324 2966 1422 3034 ueluti
1447 2967 1473 3035 l.

286 3078 329 3139 bt
369 3090 569 3159 quaeeunque
603 3071 658 3137 ubi
695 3072 738 3138 ll.
763 3070 935 3137 admodum
972 3071 1070 3137 dubia
1108 3071 1323 3139 correctione:
1361 3093 1477 3161 »porro

286 3179 502 3266 queioumque
522 3186 554 3243 ct
575 3177 614 3269 (l)
629 3178 833 3264 cuicunque.
850 3229 857 3242 .
872 3176 1074 3243 .olrstiterit”
1088 3196 1144 3265 pro
1155 3198 1355 3266 qaroeouoquc
1367 3190 1396 3245 ct
1407 3180 1478 3267 qni-

285 3306 427 3372 cunque‚·
454 3283 511 3350 Vll
538 3285 645 3372 »queis
668 3282 753 3350 oculi
780 3304 840 3350 uon
865 3285 963 3349 sunt’'
987 3302 1023 3349 ex
1045 3304 1136 3369 quon
1160 3284 1216 3350 lX.
1243 3289 1285 3351 bd
1312 3284 1469 3367 »leruerm

285 3392 338 3459 nei
367 3390 516 3476 longum,
548 3410 658 3456 verum
693 3389 752 3456 hoo
785 3390 959 3456 lectoribus
981 3389 1129 3456 tradam”
1155 3389 1251 3455 dubia
1274 3394 1474 3459 correctione

286 3516 346 3586 pro
375 3518 437 3575 ne‚·
470 3497 694 3584 praetulerim:
728 3496 871 3563 »terrere
902 3516 942 3563 ne
973 3495 1103 3581 longum
1136 3498 1192 3584 (se.
1226 3498 1360 3587 iacias),
1385 3499 1476 3564 uerbo

287 3604 348 3671 hoc
378 3603 398 3669 Ι.
431 3604 494 3678 t.”;
521 3603 588 3668 XV.
620 3608 661 3668 27
687 3612 757 3669 »ter
781 3623 852 3680 sex,
883 3612 986 3669 aetate
1010 3604 1121 3689 quasi,
1148 3608 1274 3672 ornatr’
1299 3626 1337 3672 cx
1362 3627 1474 3683 annos·

287 3711 371 3778 xvl.
404 3715 424 3777 6
457 3711 580 3796 »olquri
610 3708 688 3795 quid
714 3709 896 3775 mundnnr”
921 3730 958 3776 ex
981 3721 1091 3797 atqua,
1120 3710 1205 3798 quod
1232 3710 1355 3777 librarii
1380 3711 1474 3777 solita

285 3816 430 3884 socordia
455 3835 530 3883 oum
553 3818 640 3904 atqui
662 3815 895 3890 contuderunt;
919 3814 1060 3882 XXVlll.
1082 3823 1123 3883 tu
1139 3818 1308 3903 prootrcito
1328 3837 1365 3882 ex
1386 3838 1475 3903 pror·

284 3927 359 3991 trito
391 3922 460 4013 (sed
491 3922 580 3988 lorus
603 3923 678 3989 dub.
702 3922 744 3990 ol.
770 3922 890 4014 inira);
925 3923 1024 3990 XXX.
1050 3928 1093 3989 95
1119 3924 1243 3990 libentei
1266 3944 1305 3989 ex
1329 3923 1473 4005 libentem

286 4029 329 4096 ib.
358 4033 420 4096 129
446 4030 510 4094 »rei
534 4030 757 4096 nutricatum'’
782 4050 821 4095 ex
845 4051 909 4095 ren.
958 4029 1014 4095 His
1040 4030 1140 4117 igitur
1164 4030 1241 4097 locis
1266 4029 1353 4095 nulla
1375 4029 1496 4116 palae·-

286 4134 459 4221 ographica
483 4155 579 4201 causa
601 4145 650 4202 est
670 4156 731 4202 eur
751 4136 789 4204 dc
810 4157 839 4201 er
859 4135 1043 4202 oblitterato
1063 4137 1168 4222 potius
1186 4137 1366 4222 cogitemus
1379 4156 1474 4223 quarn

287 4240 326 4307 de
355 4239 416 4304 alia
445 4240 584 4326 quadam
607 4242 802 4328 corruptela.
851 4242 915 4307 Ner
940 4241 1031 4308 video
1054 4262 1114 4306 our
1132 4244 1247 4330 potirei
1273 4242 1325 4308 Vl.
1351 4247 1370 4308 6
1395 4243 1476 4308 scri·

283 4344 416 4423 luamus,
441 4346 526 4433 quod
551 4350 582 4413 in
610 4369 673 4414 uuo
699 4348 786 4414 liarl.
810 4349 930 4436 potire,
952 4350 985 4413 in
1007 4347 1139 4435 reliquis
1156 4350 1253 4437 potiri
1271 4358 1396 4427 exstat,
1418 4369 1476 4416 nec

282 4474 342 4522 cur
362 4453 514 4543 publicari
538 4453 668 4521 XXVll.
699 4459 756 4528 lb,
783 4453 867 4541 quod
892 4453 966 4520 libri
986 4452 1105 4531 habeut
1122 4456 1264 4542 potirer,
1286 4463 1344 4523 aut
1364 4456 1475 4525 rinno·
