3330 5012
682 370 710 414 ιιι
736 368 934 415 ιιιιιουοουιι.
1144 326 1148 331 ’
1327 358 1392 420 347

199 536 391 603 ⁴inuenietur
413 552 461 601 νε.
482 541 537 602 37.
586 536 712 602 Hortus
733 532 934 612 Calestride,
959 533 1131 622 ΤθιευςιιιοιΔ
1151 547 1184 605 ct
1209 536 1397 608 Obariolme

202 642 237 707 iu
261 640 384 729 templu
415 639 533 727 degere
563 658 625 706 nou
649 638 766 706 licebat
789 646 821 705 et
844 640 1047 719 καταγώγιον
1068 643 1175 717 abruto
1198 645 1395 726 sdrperrrti*

200 770 254 813 ναι
275 754 445 815 κλεῖσον
465 746 518 812 καὶ
537 742 592 822 ἕξιν
615 768 675 811 σου
693 744 760 825 τερ)
781 744 834 811 τὸν
848 745 918 809 νεὼν
941 747 955 808 ο’
975 744 1099 824 Θύαμιι
1119 745 1270 816 trisemo.
1294 747 1394 819 Nemo

200 849 403 937 deestquid
432 852 475 917 sit
505 849 705 928 καταγώγιον
736 856 904 918 recisos
932 857 965 914 ct
1000 850 1033 915 in
1064 851 1210 918 versione
1233 856 1395 940 interpres

200 955 346 1042 prudens
363 955 474 1021 omisit
493 954 579 1040 quod
598 975 658 1021 non
680 953 889 1039 intelligebat.
924 953 1009 1034 Quid
1031 958 1162 1042 scripsit
1183 956 1393 1026 Heliodorust

204 1059 327 1147 idumpe
354 1059 433 1126 illud
465 1060 572 1146 ipsum
597 1059 682 1146 quod
705 1060 813 1146 quivis
837 1069 1024 1145 reponeret,
1048 1061 1075 1126 si
1099 1058 1183 1129 torte
1205 1082 1245 1129 eo
1266 1062 1336 1130 luco
1358 1064 1394 1131 iu

196 1163 324 1232 coum
352 1164 468 1231 lacuna
497 1162 592 1233 toret.
642 1163 736 1230 beris
765 1182 858 1230 error
887 1172 952 1230 est:
984 1185 1045 1230 non
1076 1168 1204 1235 σλεθτον
1226 1166 1290 1233 tuit
1313 1166 1394 1235 illud

200 1268 424 1336 deuersorium
453 1268 509 1337 sed
532 1268 660 1345 σλησθ
668 1292 714 1334 ον.
760 1267 1009 1335 Gontuuduntur
1038 1269 1202 1337 interdum
1226 1281 1255 1337 it
1277 1279 1312 1339 et
1336 1282 1393 1358 &13

197 1374 251 1441 sic
278 1373 366 1461 aput
394 1373 547 1441 Nostrum
579 1394 610 1460 p.
632 1377 709 1440 286.
737 1377 782 1439 30
811 1371 886 1438 otim
919 1373 955 1448 δή
984 1372 1169 1461 tegebatur,
1192 1394 1280 1442 nunc
1304 1385 1394 1444 recte

200 1478 410 1545 emendatum
429 1487 479 1545 est
502 1480 566 1558 θεῖς
592 1499 625 1564 p.
650 1482 728 1544 tlt.
754 1481 798 1545 59
823 1475 899 1543 olim
923 1479 1118 1558 καθημένην,
1142 1499 1229 1547 nunc
1249 1481 1393 1560 καθειμέ-

201 1606 270 1661 νηνη
292 1602 326 1669 p.
352 1587 429 1650 rue.
454 1588 474 1649 2
498 1582 575 1649 elim
594 1584 824 1662 ὑποκαθήμενοι
845 1601 932 1648 nuuc
956 1583 1210 1663 θαοκαθειμθνοσι
1234 1606 1265 1672 p.
1279 1589 1391 1652 etet

203 1687 279 1753 olim
304 1689 357 1754 οὐκ
380 1684 504 1763 docebor,
538 1705 624 1754 nunc
649 1691 771 1763 οὐκοῦν,
794 1681 813 1761 ή
835 1687 863 1754 θ’
886 1683 937 1762 io,
961 1707 1044 1773 quse
1076 1688 1295 1756 memorabilis
1316 1710 1392 1757 cur·

200 1791 414 1878 ruptetuest.
461 1790 554 1878 Apud
580 1790 788 1859 Charitouem
815 1811 845 1876 p.
864 1793 941 1859 102.
970 1798 1011 1857 lt
1034 1791 1211 1860 Callirrhoe
1233 1792 1390 1860 describi·

204 1905 261 1963 tur
291 1896 502 1979 φνλθττουσα
537 1899 573 1962 rt
609 1903 726 1977 σχῆμα
757 1898 901 1976 γυναικὸς
934 1896 1132 1979 ιιίτυχοθσηο,
1167 1898 1391 1978 μελαινεθμυν,

199 2000 396 2079 θκθσμιιτοτ,
428 2000 645 2080 καθημένη.
704 2001 825 2067 Verum
857 2000 985 2068 ridetur
1017 2001 1246 2081 euterpius.
1298 2002 1392 2084 Quot

202 2107 320 2172 sitium
346 2106 378 2171 iu
404 2104 573 2171 Heliodoro
600 2105 726 2191 jumdiu
751 2114 933 2172 correctum
954 2125 1024 2173 esse
1042 2105 1206 2187 diximus,
1231 2105 1315 2174 idem
1336 2127 1392 2176 su·

204 2219 311 2297 perest
346 2209 483 2280 tortuose
517 2210 549 2275 in
584 2208 725 2276 Platonis
759 2209 930 2297 Symposio
964 2231 996 2297 p.
1028 2214 1125 2278 leuc:
1160 2219 1225 2286 reio
1259 2214 1391 2292 ἀγαθοῖο

198 2315 317 2386 ιθκθαον
347 2319 402 2381 τοῦ
433 2315 576 2393 σώματος
608 2314 703 2380 καλὸν
726 2314 908 2397 χαρίζεσθαι
930 2315 983 2381 καὶ
1008 2317 1070 2382 δεῖ
1090 2315 1144 2382 καὶ
1168 2315 1260 2383 τοῦτθ
1283 2313 1390 2401 decepi

202 2421 299 2501 θνομα
320 2422 356 2488 το
380 2419 525 2501 θασριινθν.
573 2418 655 2485 ltalu
678 2427 766 2486 certe
789 2420 841 2486 ccl
871 2420 917 2497 δή
941 2420 1006 2486 καθ.
1052 2420 1095 2487 Et
1117 2422 1247 2508 saepius
1269 2423 1317 2489 sic
1340 2440 1390 2491 σοι

202 2536 324 2593 retur.¹

196 2684 201 2693 .
249 2631 425 2697 Herbarum
455 2637 506 2696 est
536 2626 621 2716 quud
651 2627 761 2695 editur
782 2650 813 2715 p.
834 2635 910 2696 345.
940 2634 979 2696 16
1002 2630 1157 2710 ’Λρσθκησ
1181 2630 1225 2697 τὰ
1248 2629 1388 2701 καλλιςα

200 2736 454 2811 θιαννρθσηρ,
480 2752 553 2799 nam
579 2753 706 2821 semper
729 2734 854 2799 dictum
876 2732 939 2799 luit
961 2732 1002 2799 ub
1026 2733 1175 2800 omnibus
1192 2734 1387 2803 διανοεῖσθαι.

196 2839 287 2922 Quid
304 2841 406 2926 igitur
428 2838 618 2906 Heliodorus
637 2837 791 2924 scripsitt
822 2837 943 2925 Nempe
966 2839 1234 2916 διαμενούσης.
1260 2840 1295 2905 Ρ.
1309 2843 1386 2907 stu.

201 2952 245 3012 ct
269 2948 323 3013 οὐκ
346 2943 502 3027 ιθτθφαινε
533 2944 569 3010 τὸ
592 2944 805 3023 βούλευμα
828 2952 884 3018 riis
907 2942 1081 3024 Ἀρσάκης,
1105 2942 1283 3031 praestabit
1305 2945 1388 3011 suri·

180 3049 277 3117 ,bere
296 3048 506 3129 βούλημα,
527 3049 625 3115 sicuti
645 3057 734 3115 recte
749 3047 906 3114 scribitur
924 3067 956 3133 p.
978 3053 1053 3115 ete.
1072 3054 1124 3117 17.
1159 3047 1248 3115 tdem
1270 3048 1387 3117 ritiuru

199 3156 343 3221 recurrit
362 3173 392 3239 p.
408 3158 485 3221 etc.
498 3157 540 3220 27
560 3154 596 3219 rb
617 3153 829 3233 βούλευμα
847 3161 906 3220 τῶν
924 3151 1122 3233 τοξευμάτων
1141 3161 1203 3229 τοῖς
1224 3154 1389 3235 σχήμασιν

198 3257 345 3343 ἔφραζον*
371 3268 538 3346 postquam
564 3260 607 3325 τὰ
629 3259 810 3338 τοξεύματα
834 3259 1016 3345 inceperint
1035 3259 1255 3338 βουλεύεσθαι,
1279 3257 1388 3326 lectio·

199 3383 272 3430 uem
304 3362 414 3430 licebit
444 3383 556 3430 senam
589 3363 705 3431 habere
734 3372 765 3429 et
800 3364 895 3430 tueri.
942 3362 1005 3435 Sed
1037 3364 1168 3450 scripsit
1197 3361 1388 3430 Heliodorus

196 3468 366 3547 βούλημα,
396 3467 506 3534 eudem
540 3468 723 3555 modoque
754 3489 784 3556 p.
806 3473 882 3535 398.
908 3471 952 3534 58
984 3467 1149 3536 iuvenitur
1179 3469 1214 3534 rt
1236 3467 1389 3547 βούλημα

196 3579 252 3640 τοῦ
274 3571 416 3655 ταρσθχου
447 3573 621 3656 ἐμφαίνειν.
670 3574 704 3639 P.
729 3578 807 3641 342.
837 3578 876 3640 lb
903 3571 1105 3658 Hirscbigius
1134 3581 1222 3640 reete
1246 3573 1387 3640 correxit

198 3677 321 3744 σθντινν
335 3677 419 3766 (τῶν)
432 3680 624 3761 ιθτορρήτων·
641 3679 735 3745 cuius
747 3677 929 3745 emendatio
941 3677 1111 3744 immemor
1123 3677 1185 3742 luit
1198 3697 1228 3765 p.
1243 3680 1385 3752 bimi,

196 3782 255 3849 ubi
279 3803 342 3849 non
375 3784 483 3849 minus
516 3785 733 3851 necessarium
766 3792 816 3850 est
839 3781 947 3849 ταντα
970 3783 1072 3851 τιὶτθ
1079 3805 1094 3863 ρ
1103 3806 1200 3863 ρητα
1225 3778 1385 3858 scribere,

197 3907 261 3955 uurr
292 3887 399 3955 τθντιι
430 3888 651 3970 θσθρρητιι.
697 3886 815 3954 Itidem
848 3887 1009 3965 minutum
1040 3895 1090 3953 est
1114 3906 1145 3973 p.
1168 3890 1244 3952 etr.
1272 3892 1283 3952 t
1313 3905 1387 3952 cor·

196 3995 306 4078 ripere
329 3996 347 4070 ή
371 3992 515 4062 δέσποινα
539 3993 583 4059 τὸ
605 3993 687 4070 ξένον
711 3993 763 4059 καὶ
783 3990 905 4073 ἄπειρον
926 3991 1097 4073 ὑπερεῖδεν,
1122 4010 1196 4058 uum
1218 4008 1385 4077 perperam

197 4096 307 4165 editur
328 4098 395 4169 τήν
426 4106 458 4165 et
490 4119 519 4185 p.
539 4103 615 4167 sut.
647 4103 690 4165 it
721 4097 839 4171 ταύτην
863 4082 938 4163 τοτὲ
959 4097 1124 4176 Αἰγύπτιοι
1145 4096 1385 4175 καταλαβθντεθ

197 4203 251 4270 καὶ
276 4203 580 4283 θιοιιιθοαντεσ,
602 4202 656 4269 ubi
677 4211 867 4289 perpetuum
889 4202 1006 4269 vitium
1027 4210 1077 4268 est
1098 4202 1384 4278 ἐνοικήσαντες.

198 4354 202 4361 ·
243 4308 311 4377 Non
334 4307 404 4375 iere
435 4328 466 4395 p.
488 4312 566 4376 beu.
590 4312 610 4374 8
635 4308 680 4377 ἕο)
705 4308 738 4373 τὸ
765 4314 903 4389 χρήμα
926 4312 979 4373 τοῦ
1003 4310 1119 4375 νεανθου
1142 4315 1198 4383 ric
1217 4306 1386 4386 βασιλείας

198 4416 298 4491 odeis
330 4414 383 4481 καὶ
413 4413 566 4496 τρατθζνε
597 4412 739 4493 θτθξνον·
774 4414 846 4479 nuri
875 4431 952 4480 sene
983 4415 1018 4481 rt
1050 4420 1161 4497 χρῆμα
1191 4416 1251 4481 τῶν
1273 4417 1386 4482 νυκτῶν
