3244 5012
272 332 339 400 328
603 350 645 397 m
668 352 897 432 manoncour
918 353 1115 402 rmsrrnan.

275 524 365 605 quasi
393 540 469 589 vero
498 524 611 597 ίτσῆες
643 519 807 588 Homerici
838 526 1010 608 quicquam
1033 544 1202 590 commune
1225 524 1363 592 habeant
1385 549 1465 595 eum

320 731 430 819 Epigr.
455 731 532 797 663.
557 731 590 797 8.

480 836 603 911 Γίσσννο
624 837 691 903 οὐδὲ
712 837 853 916 χέσενν
877 837 994 903 εὔτονον
1017 835 1098 918 ἦσονρ
1122 835 1211 918 ἔχων.

275 941 418 1010 Pessime
440 943 577 1010 Bothius
593 941 688 1020 χίσονν
708 944 752 1020 γ’,
777 941 861 1027 quod
881 946 981 1008 miror
1001 944 1127 1028 probari
1149 964 1168 1008 a
1185 942 1363 1011 Docbnerc.
1387 944 1465 1011 Pro

277 1047 330 1114 cul
352 1047 449 1113 dubio
471 1046 667 1131 reponendus
690 1046 878 1113 AcristusII
900 1055 1058 1127 χεσεῖν.
1084 1044 1131 1114 of.
1153 1049 1252 1113 Arist.
1270 1047 1464 1136 Thesmoph.

277 1151 344 1221 570
366 1154 474 1237 ibique
497 1150 683 1217 Fritsohius.

321 1254 590 1345 irrigasset.

275 1348 280 1352 ’
412 1362 465 1428 τὶν
489 1359 521 1426 δέ
542 1359 618 1440 μέγ’
641 1358 786 1441 ὀχθήσας
810 1361 949 1445 προσέφη
971 1363 1024 1427 κονὶ
1046 1358 1169 1435 Γίσσνος
1193 1361 1330 1435 εὐθύς.

323 1466 533 1534 Scribendum
560 1485 627 1531 esee
658 1462 798 1543 αὖθις,
829 1465 882 1532 vel
910 1469 1018 1552 potius
1048 1461 1155 1544 οὗτος,
1184 1465 1275 1531 docet
1296 1468 1470 1534 manifesta

277 1574 418 1640 imitatio
439 1570 589 1648 Homeri,
613 1572 670 1654 qui
691 1571 818 1657 ignorat
840 1571 1030 1638 adverbium
1052 1567 1158 1643 εὐθύς.

323 1677 434 1764 Epigr.
460 1673 536 1741 700.

410 1785 485 1851 Ἴσον
509 1779 615 1853 νυκτὸς
638 1783 757 1860 ἐμῆς,
781 1780 799 1857 ἥ
821 1785 857 1860 μ’
880 1781 1027 1864 ἔκονφεν,
1053 1780 1133 1847 οἰκίον
1156 1784 1295 1844 τοῦτον

460 1885 572 1965 λοίννον,
597 1890 740 1951 Κωκυτοῦ
763 1891 793 1951 τ’
817 1885 1018 1970 οὶμφνγίητον
1043 1883 1117 1966 ὕδωρ
1141 1887 1204 1950 κτὲ.

324 1990 475 2081 corrigo:

411 2097 485 2165 ”Iro
510 2097 615 2171 ννκτὶο
639 2096 781 2176 iresca,
807 2096 826 2176 ἦ
848 2100 884 2174 μ’
908 2095 1058 2181 ἔκονφεν,
1083 2098 1164 2163 οίκίον
1187 2097 1217 2161 τ’
1242 2096 1351 2162 αὐτοὶ

416 2200 509 2267 λοίννον
536 2204 600 2269 κτὲ.

286 2310 386 2377 Testes
414 2309 456 2373 mi
485 2310 579 2372 coctio
607 2309 798 2395 tenebraeque
828 2309 979 2393 fascemque
1007 2309 1182 2393 sepulerum.
1212 2307 1335 2378 Νυκτὸς
1359 2305 1475 2387 ἑρεμνοὶ

281 2414 382 2493 dixit,
414 2418 452 2479 ut
481 2412 651 2498 Euripides
680 2412 798 2479 Phoen.
826 2412 914 2479 1500
942 2413 1028 2492 etio&
1061 2412 1205 2493 παρηίδος
1237 2416 1271 2476 et
1300 2408 1475 2496 Sophoclea
1610 2460 1611 2467 1

280 2521 392 2606 Antig.
418 2517 505 2584 1209
535 2516 646 2593 ἄσημοι
676 2518 764 2596 βοῆς.
806 2517 883 2584 Tres
913 2517 1045 2596 mulier,
1077 2538 1174 2603 quam
1201 2515 1289 2581 fama
1310 2514 1475 2582 ferebata

279 2628 397 2690 marito
419 2643 476 2690 suo
498 2627 643 2688 necatam
667 2643 749 2701 esse,
775 2625 902 2689 invocat
924 2623 987 2688 eibi
1005 2627 1102 2689 testes
1108 2669 1117 2702 ,
1141 2622 1260 2688 falsum
1280 2644 1348 2690 ease
1367 2625 1472 2689 istum

279 2749 458 2807 rumorem,
482 2735 625 2806 noctem,
651 2748 714 2813 qua
736 2729 834 2805 obiit,
857 2726 1039 2814 sepulerum
1061 2734 1094 2794 et
1115 2727 1240 2794 inferos.

325 2833 436 2922 Epigr.
461 2831 537 2899 723.
562 2830 594 2897 3.

566 2937 658 3002 οἰωνοὶ
681 2937 712 3001 δὲ
737 2937 822 3003 κοντοὶ
843 2934 997 3017 χθονὶν
1021 2938 1101 3003 οἰκίον
1124 2935 1242 3010 θέντες.

165 3013 174 3028 Ι
266 3061 269 3065 ’
323 3043 397 3110 Non
417 3042 470 3107 cub
493 3046 577 3107 terra
598 3041 653 3107 sed
675 3042 709 3105 ν’νν
729 3046 812 3108 terra
833 3063 907 3109 aves
925 3042 1016 3108 nidos
1036 3062 1109 3109 suos
1127 3041 1302 3109 aedificant.
1325 3042 1471 3109 Incertus

278 3149 375 3216 buius
397 3149 642 3235 epigrammatis
660 3152 769 3213 auctor
792 3147 832 3213 ad
848 3153 994 3214 veterum
1011 3149 1173 3234 epicorum
1191 3147 1376 3233 exemplum
1393 3169 1469 3214 cum

278 3254 388 3331 hiatu,
421 3257 460 3317 ut
489 3253 623 3338 posteris
651 3251 815 3317 Aeolicam
845 3253 974 3318 literam
1003 3253 1224 3340 ignorantibus
1257 3256 1368 3319 visum
1401 3258 1469 3331 cst,

280 3361 465 3445 scripserat:

603 3462 693 3529 οίωνοὶ
714 3463 746 3529 ti
771 3463 857 3529 κοντοὶ
879 3462 961 3545 xie
969 3488 1013 3530 νον
1038 3463 1119 3529 οίκίον
1143 3462 1262 3539 θέντες.

280 3566 330 3637 Of.
362 3567 400 3632 V.
424 3565 484 3646 45,
518 3566 535 3632 1
565 3567 610 3633 τοὶ
633 3561 655 3633 οὶ
676 3568 837 3650 κέρμοντον,
864 3568 906 3634 96
931 3569 984 3634 κονὶ
1007 3569 1055 3647 ον’,
1082 3568 1205 3636 115οο
1228 3571 1276 3648 σί,
1303 3568 1370 3635 118
1390 3569 1470 3647 δεξο-

280 3674 349 3757 ees„
373 3674 419 3752 οί,
445 3670 528 3748 219,
555 3670 575 3738 3
597 3672 630 3739 δέ
654 3676 697 3751 οί,
721 3674 775 3740 VI.
800 3673 844 3740 80
868 3671 918 3740 ίνον
941 3673 977 3739 ei.
1010 3673 1084 3739 Alia
1103 3674 1212 3740 hiatus
1232 3673 1378 3759 exempla
1393 3680 1469 3739 sunt

279 3779 334 3846 VI.
367 3777 427 3858 57,
460 3777 480 3844 0
512 3776 534 3863 ᾇ
566 3776 634 3857 ἔσο,
666 3777 727 3858 84,
760 3775 916 3862 lobias,
942 3777 1026 3857 332,
1052 3774 1469 3862 6b3r0‚V11,218ct
1608 3850 1609 3857 ¹

281 3884 365 3963 279,
390 3883 411 3949 3
442 3880 461 3965 ᾖ
483 3883 552 3962 ἔτι,
586 3883 639 3949 VI.
666 3884 708 3950 36
735 3885 790 3967 tae
813 3881 864 3950 ἔτι
888 3891 939 3966 (ut
962 3883 1147 3972 Homerus).
1171 3885 1268 3951 Initio
1290 3886 1469 3951 hexametri

279 3990 333 4057 VI.
358 3989 425 4056 243
448 3990 474 4055 εί
497 3985 589 4065 ὅσιον,
612 3988 682 4055 VII.
708 3989 784 4056 519.
809 3998 851 4074 τᾷ
876 3990 965 4073 ἑτέρον
985 3995 1057 4056 cett.

324 4095 445 4161 Eodem
466 4097 541 4161 vitii
563 4116 678 4183 genere
699 4095 800 4161 libera
823 4096 864 4160 X.
890 4093 952 4172 84,
978 4093 1013 4173 4,
1038 4096 1095 4161 ubi
1117 4117 1173 4180 pro
1194 4095 1278 4160 κοντοὶ
1302 4104 1376 4173 γῆς
1399 4114 1467 4159 aen·

275 4203 378 4267 tentia
402 4199 650 4285 postulatam
675 4210 749 4278 γῆν
773 4206 805 4267 et
828 4199 893 4278 XI,
921 4199 1003 4279 133,
1031 4199 1047 4265 1
1075 4201 1132 4265 ubi
1155 4221 1212 4286 pro
1232 4201 1316 4266 κοντοὶ
1338 4198 1466 4277 νονίονς

275 4309 401 4390 requiro
417 4306 508 4371 ,κοντοὶ
532 4314 670 4382 γονῖονν.
