3254 5034
597 342 790 393 rainonoorcn
813 344 850 391 nr
872 344 1001 392 corrrcn.
1354 328 1395 392 to

195 509 290 586 ἰῶτα,
322 506 399 577 ἄνευ
430 516 483 577 τοῦ
508 511 596 578 ἰᾶτο.
644 512 681 579 In
706 511 766 578 hoc
791 514 859 600 ipso
882 521 1050 580 ‘samoe
1075 511 1141 579 iam
1164 519 1291 580 veteres
1317 530 1394 578 non·

198 612 277 679 nniii
302 615 522 702 ambigebant.
571 616 617 682 nd
644 617 678 683 ΙΙ.
704 628 742 684 Ε.
769 623 829 684 461

332 721 443 805 Τρῴως
466 723 498 789 δὲ
521 723 619 805 τάχους
640 718 726 798 οὖλος
746 727 843 806 ”Apte
867 724 974 805 ὤτρυνε
997 724 1163 801 μετελθών.

197 823 366 909 perierunt
399 826 525 893 Scholia
557 830 711 915 antiqua,
745 828 801 895 sed
832 850 870 895 ex
903 828 1071 896 Codicibus
1103 827 1156 893 LV
1185 826 1337 895 affertur:
1360 829 1391 894 ἐν

196 939 237 1012 τῇ
269 941 424 1016 Σονωποκῇ
456 933 509 999 cai
541 935 663 1018 Κυπρίρο
695 935 747 1000 nai
771 933 967 1019 Ἀντιμάχου
990 934 1149 1014 Τρωΐοος
1175 931 1245 1016 εἶχε
1268 936 1322 1002 σὺν
1345 937 1389 1017 τῷ

197 1037 294 1114 term·
315 1041 354 1112 ὥς
378 1038 528 1112 ἵππους
551 1040 590 1107 δὲ
610 1039 808 1122 Τρωΐονς·
834 1043 851 1117 οἱ
871 1041 975 1120 μέντοι
995 1043 1075 1117 meni
1095 1046 1233 1122 Τρῶοος
1254 1043 1292 1114 ὠς
1314 1043 1389 1106 Κά-

196 1165 273 1222 ροος,
298 1142 353 1208 ubi
377 1144 483 1212 scribe
505 1146 616 1227 Τρῳάς
640 1154 672 1210 et
696 1147 826 1227 Τρρούς.
876 1146 960 1231 Ergo
981 1146 1212 1211 vetustissimis
1233 1144 1390 1212 Editioni-

196 1245 259 1312 hus
291 1246 442 1336 Sinopica
474 1259 506 1316 et
539 1251 657 1339 Cypria
686 1260 718 1317 et
743 1251 927 1317 Arutimachi
952 1258 1126 1338 crotopus
1151 1258 1186 1318 ut
1211 1250 1389 1317 constitue·

197 1360 291 1419 retur
318 1363 430 1421 utrum
464 1355 573 1439 Τρῳάς
597 1375 638 1421 an
661 1363 771 1438 Τρῶάς
795 1366 879 1424 esset
903 1355 1131 1436 scribendum,
1157 1365 1188 1423 et
1209 1355 1389 1445 praevaluit

195 1458 230 1523 in
269 1459 398 1545 vulgata
430 1461 544 1528 vitiosa
576 1463 739 1548 scriptura
770 1469 890 1544 Τρῶας.
948 1462 1078 1528 Poterat
1109 1471 1216 1528 tamen
1249 1462 1289 1527 iis
1318 1463 1388 1529 sine

193 1570 287 1629 tanto
311 1565 474 1633 molimine
498 1588 536 1634 cx
560 1577 649 1635 certa
675 1566 821 1654 analogia
844 1568 1011 1653 componi,
1044 1576 1080 1633 ut
1112 1587 1184 1634 mox
1208 1565 1386 1632 ostendam.

194 1668 350 1756 Superest
378 1672 475 1738 etiam
509 1675 541 1738 in
575 1673 745 1740 (lodicibus
774 1673 852 1739 BLV
880 1671 1050 1739 Nicanoris
1072 1678 1126 1739 τοῦ
1149 1672 1322 1753 τορμοοτδον
1346 1671 1386 1738 ad

194 1774 226 1841 h.
259 1775 280 1843 Ι.
309 1781 474 1844 annotatio
499 1778 592 1846 haec:
619 1777 774 1861 Τρῳάςτ
806 1778 875 1845 ἀντὶ
899 1784 954 1845 τοῦ
976 1779 1140 1860 Τρωϊκάς,
1166 1778 1218 1843 xci
1242 1778 1291 1844 δεῖ
1312 1778 1386 1843 ὑπο-

192 1882 288 1963 ςίζεον
317 1886 359 1957 εἷς
391 1885 426 1951 ri
457 1885 602 1964 ςδχοος.
633 1886 659 1950 εἰ
685 1882 898 1967 timenem
921 1892 1062 1967 Τρῶάς
1086 1886 1103 1964 ἢ
1128 1886 1171 1960 εἰς
1194 1884 1230 1950 τὸ
1253 1885 1384 1965 τάχους

192 1988 371 2059 ὑποςυοτὲον
398 1987 435 2054 ἵν’
466 1986 483 2071 ᾖ
518 1996 661 2070 Τρῶάς
694 1990 764 2055 άντδ
797 1995 850 2056 τοῦ
882 1994 1020 2072 Τρώων
1052 1995 1091 2065 ὥς
1125 1990 1252 2075 νὲρονεδν
1282 1987 1384 2069 τάμνε

192 2092 274 2167 νέους
305 2095 464 2176 άρπνρκοος”
497 2094 603 2183 (Iliad.
638 2104 674 2161 Φ.
708 2095 782 2182 58),
814 2095 831 2172 ἢ
860 2098 904 2168 οἷς
927 2096 963 2162 τδ
986 2096 1026 2162 δέ
1050 2096 1226 2166 ὑποςοκπέον
1248 2092 1284 2161 ἵν’
1308 2092 1326 2179 ᾖ
1350 2096 1386 2162 τδ

192 2197 281 2277 ἑξῆς·
313 2208 423 2281 Τρῶάς
453 2201 562 2284 ὤτρυνε
585 2203 644 2276 τάς
668 2201 765 2283 rixae
789 2201 954 2279 μετελθών.
1003 2200 1055 2267 En
1080 2225 1133 2270 cor
1157 2201 1324 2279 Zenodoti,
1349 2223 1387 2266 en

190 2306 279 2371 iecor
311 2306 451 2373 Cratetis.
500 2307 566 2374 Hoc
599 2308 730 2374 demum
763 2316 812 2373 est
846 2309 1067 2394 interpretari!
1112 2307 1175 2375 Sed
1207 2327 1294 2374 nunc
1327 2306 1386 2373 hoc

195 2422 321 2478 tantum
359 2434 419 2498 ago
455 2423 491 2477 ut
530 2413 748 2479 demonstrem
781 2422 905 2479 veteres
936 2433 1063 2499 quoque
1095 2417 1269 2500 magistros
1302 2413 1387 2479 inter

192 2517 300 2601 Τρῳάς
325 2526 358 2583 et
381 2525 489 2600 Τρῶάς
514 2518 627 2585 dubios
652 2518 801 2585 haesisse.
849 2517 894 2584 De
919 2517 1021 2585 iorma
1043 2519 1154 2603 Τρωάς
1178 2539 1272 2585 nemo
1296 2519 1385 2604 cogi·

194 2632 258 2699 tat,
287 2644 369 2708 qnae
401 2623 487 2690 nulia
519 2634 589 2691 erat
610 2626 750 2690 nomino.
799 2623 891 2689 Nulla
915 2632 965 2690 est
992 2623 1076 2711 apud
1103 2625 1235 2691 Veteres
1260 2635 1385 2690 contro·

193 2730 297 2794 versia
323 2730 403 2815 quin
425 2740 592 2797 TPssloc
615 2731 669 2795 ubi
694 2731 736 2795 sit
760 2729 954 2819 disyllabum
979 2728 1081 2812 Τρῳάς
1105 2729 1204 2796 scribi
1227 2737 1383 2816 oporteat.

193 2833 280 2900 Dabo
305 2845 412 2902 testes.
450 2836 650 2903 Herodianus
684 2834 724 2901 ad
760 2845 800 2902 Ψ.
835 2841 911 2903 291.
940 2837 1099 2918 Τριρούς
1132 2839 1170 2910 ὠς
1202 2835 1383 2908 πολλούς

191 2941 381 3020 άνεγνώοάορ.
406 2943 590 3023 προείπομεν
612 2943 644 3008 δὲ
666 2942 732 3024 περὶ
757 2951 812 3019 τῆς
832 2942 1010 3024 προσωδίοος.
1059 2940 1179 3028 Nempe
1199 2939 1240 3006 ad
1260 2949 1297 3006 E.
1317 2942 1380 3004 461

195 3046 249 3111 ubi
272 3046 399 3113 Schoiia
419 3049 553 3134 antiqua
574 3051 606 3114 in
630 3048 745 3114 iaouna
768 3048 894 3115 Codicis
917 3047 1071 3114 Marciani
1092 3056 1121 3113 A
1144 3067 1200 3112 nos
1218 3044 1383 3112 deficiunt.

193 3152 432 3220 Grammaticos
452 3154 595 3220 Crameri
616 3153 766 3221 laudatus
783 3175 801 3219 a
822 3153 984 3221 Dindoriio
997 3155 1028 3219 in
1042 3151 1137 3218 Thes.
1151 3152 1185 3217 τὸ
1199 3153 1229 3218 δὲ
1249 3150 1381 3233 Τρῳάς

192 3260 381 3342 παραλόγως
405 3259 535 3338 ὠξάνάν.
561 3260 683 3341 γίνεται
706 3254 754 3327 οὗν
778 3261 814 3326 ἐκ
836 3265 890 3328 τοῦ
913 3260 998 3342 Τρώς
1021 3257 1124 3343 Τρωός
1147 3258 1303 3340 apator
1328 3256 1380 3322 κονδ

191 3366 340 3448 Τρῳάς.
367 3364 496 3439 »ἵππους
520 3367 550 3432 δὲ
572 3367 756 3449 Τρῳούς”
779 3367 828 3454 (ΙΙ.
855 3378 896 3433 Ψ.
923 3366 1014 3455 291).

237 3472 283 3538 Ex
317 3471 368 3538 his
399 3472 495 3540 credo
519 3473 584 3538 iam
609 3470 703 3538 facile
727 3482 775 3539 est
800 3472 956 3539 rationein
982 3466 1174 3537 concludere
1196 3475 1228 3534 et
1252 3466 1382 3552 linguae

193 3578 381 3645 Homericae
404 3578 584 3663 analogiam
609 3577 747 3644 iirmiter
765 3581 976 3645 constituere.
1009 3572 1287 3657 Quemadmodum
1309 3591 1383 3638 con·

192 3692 317 3751 stanter
347 3695 404 3751 atrt
435 3684 590 3766 Τρωϊάδος
622 3693 679 3751 aut
709 3685 851 3769 Τρῳάδες
884 3684 1004 3751 dicitur
1035 3680 1111 3771 (non
1134 3680 1304 3767 Τρωάδες),
1335 3679 1383 3745 sio

191 3799 247 3857 ant
277 3793 390 3873 Τρώϊος
422 3800 478 3857 aut
509 3790 609 3875 Τρῳάς
640 3811 767 3858 summa
799 3791 981 3859 constantia
1008 3788 1226 3857 scribendum.
1275 3783 1383 3866 Τρωοοί

191 3916 296 3983 neque
329 3907 426 3965 testes
446 3890 553 3963 ‘nabet
584 3906 616 3963 et
647 3917 721 3963 cum
754 3896 901 3982 analogia
934 3906 1065 3983 pugnat.
1113 3896 1158 3961 De
1188 3898 1324 3959 accentu
1349 3888 1382 3954 in

190 4002 291 4085 Τρῳάς
328 4004 415 4070 nnita
449 4012 498 4070 est
530 4003 760 4069 controversia.
816 4002 922 4085 Quum
954 4011 1062 4068 autem
1096 4000 1225 4066 dicatur
1258 3994 1382 4078 άροενες

189 4105 275 4175 ἵππον
307 4118 463 4177 ΤΡΩΙΟΙ
496 4118 528 4175 et
562 4117 707 4188 γυναῖκες
737 4118 892 4176 Temni
916 4118 946 4174 et
972 4108 1057 4182 κύνες
1081 4113 1235 4174 Tamen
1260 4111 1292 4170 et
1316 4101 1384 4168 δού·

189 4238 272 4296 ρωποι
295 4224 453 4295 ΤΡΩΙΑ,
479 4215 592 4302 ecquis
611 4224 660 4283 est
679 4215 736 4300 qui
756 4217 841 4281 serio
860 4213 985 4283 dubitet
1005 4216 1083 4301 quin
1106 4216 1136 4281 in
1160 4214 1210 4279 iris
1231 4209 1381 4276 omnibus

189 4329 347 4387 TPsstol
378 4331 410 4388 et
434 4330 587 4389 ΤΡΩΙΑΙ
612 4331 644 4389 οι
668 4329 806 4388 ΤΡΩΙΑ
830 4321 872 4387 sit
897 4319 1086 4387 vocabutnm
1112 4339 1213 4388 unum
1238 4322 1271 4383 et
1295 4315 1379 4383 idem

190 4445 309 4513 genere
338 4426 503 4496 diuersum
531 4438 629 4515 atque
652 4424 731 4495 adeo
755 4446 819 4495 uno
842 4427 1019 4516 eodemque
1042 4428 1136 4498 modo
1158 4426 1279 4514 ubique
1302 4425 1382 4497 scri·
