3340 5014
702 367 731 411 ιιι
759 363 955 412 ιιιιιοιιιιιιιιιι.
1364 349 1425 410 tos

234 553 317 620 quae
342 532 439 601 rerba
462 532 639 601 secundum
672 534 881 622 interpretem
907 531 1092 618 significant
1122 530 1260 599 scilicet:
1284 553 1318 596 os
1341 529 1424 597 illud

234 639 394 725 impurum
418 650 448 707 et
466 640 667 721 sceleratum,
692 642 743 706 cni
759 646 865 730 [ormo
881 640 973 728 lonpo
990 649 1126 725 tempore
1142 638 1226 704 domi
1248 647 1422 715 asservata,

234 746 413 832 quotidiana
444 758 547 814 tamen
578 757 607 813 et
637 751 761 836 fucato,
792 749 914 814 animos
937 746 1072 812 attollit:
1096 743 1180 833 quod
1209 743 1421 810 bellissimum

233 861 301 928 est,
335 854 382 919 uti
413 854 512 920 rides.
560 854 705 920 Primum
740 852 788 919 rel
822 873 901 941 puer
936 852 1043 920 videat
1075 850 1246 938 legendum
1270 869 1340 918 esse
1365 851 1421 916 ἐπ’

232 959 464 1038 οἰκήματος.
514 959 693 1027 Prostibula
718 969 794 1026 scrut
824 963 858 1027 al
882 961 932 1026 ἐπ’
955 959 1132 1039 οἰκήματος.
1180 957 1267 1024 Tum
1287 965 1422 1045 apparet

232 1064 292 1130 sub
311 1071 370 1133 τῶν
394 1072 550 1133 πολλῶν
573 1066 748 1133 articulum
780 1065 880 1132 latere
904 1067 946 1148 τῷ
971 1074 1003 1132 et
1026 1064 1240 1151 adjectivum,
1271 1063 1356 1150 qood
1381 1062 1421 1130 ad

232 1168 310 1237 illud
345 1170 459 1239 κύλλιι
496 1173 646 1260 pertinet.
715 1172 819 1240 Verba
861 1171 1028 1261 Sophoclis
1065 1172 1096 1237 in
1141 1168 1300 1259 Oedipode
1334 1170 1419 1258 Rege

231 1295 278 1343 rs.
305 1263 391 1345 1396
414 1278 585 1366 expedient
607 1278 685 1366 quid
711 1278 901 1347 Heliodorus
924 1279 1107 1365 scripserit:

851 1381 909 1452 olor
931 1380 994 1469 ὑρύ
1016 1374 1074 1464 ραιΙ

525 1490 645 1565 κύλλος
666 1496 769 1558 κακῶν
791 1488 921 1558 ύπουλοιι
941 1490 1135 1574 ἐξεθρέψατο.

232 1594 299 1662 Hoc
321 1596 450 1683 egregie
473 1598 641 1664 convenit:
667 1600 717 1680 τῷ
742 1597 897 1681 ὑπούλῳ
921 1597 975 1665 καὶ
1006 1594 1271 1678 ε’πιτετιρὺευμύιιρ
1294 1594 1417 1662 κύλλει.

231 1700 314 1784 Quid
348 1722 404 1789 pro
437 1705 545 1787 μακρῷ
577 1704 688 1790 reponi
719 1701 851 1783 debeat,
884 1724 946 1770 non
972 1702 1072 1770 babeo
1095 1723 1154 1790 pro
1176 1710 1265 1769 certo
1289 1699 1416 1768 dicere:

229 1805 352 1893 aliquid
375 1806 559 1876 audendum
585 1808 714 1876 videtur
737 1829 796 1877 nee
820 1830 947 1897 semper
970 1808 1034 1875 leui
1056 1808 1216 1876 medicina
1240 1805 1419 1894 prodicitur.

230 1911 379 1980 Fortasse
411 1914 541 2001 probari
572 1916 706 2002 poterit:
738 1916 789 1983 ἐπὶ
824 1918 982 1999 κομμῷ,
1019 1936 1094 1982 nam
1125 1913 1288 1998 παιδέρωτι
1318 1913 1420 1979 nimis

230 2017 359 2086 doctum
385 2020 575 2087 vocabulum
600 2021 738 2089 ridetur.

276 2125 495 2212 'lbeageuem
525 2136 699 2215 autequam
733 2130 871 2196 Arsacae
893 2129 1041 2218 poculum
1067 2128 1227 2216 porrigat,
1251 2124 1419 2214 pocillator

228 2238 331 2297 artem
357 2251 449 2298 suam
473 2232 588 2308 docere
612 2233 697 2301 vult:
724 2243 819 2322 negat
842 2255 1018 2322 generosus
1038 2234 1168 2320 juvenis
1187 2231 1249 2298 sibi
1270 2250 1418 2319 praecep·

229 2346 298 2404 tore
321 2336 361 2404 ad
386 2338 471 2405 istud
505 2360 624 2407 munos
654 2361 735 2427 opus
765 2361 853 2417 esse,
886 2362 919 2429 p.
941 2347 1018 2408 353.
1046 2346 1105 2407 ot:
1130 2340 1164 2406 οὲ
1188 2341 1245 2420 μὲν
1269 2340 1287 2415 sl
1311 2338 1354 2404 τύ
1362 2361 1415 2419 χιι

228 2441 337 2511 εἰδέναι
359 2446 403 2513 rol
424 2450 557 2514 τοιαῦτα
580 2446 837 2530 καταναγκάζει,
861 2447 916 2527 ἐμὲ
935 2447 967 2513 δὲ
991 2446 1120 2529 ὑφύοις
1138 2448 1180 2525 τοὶ
1204 2444 1347 2526 πρακτέα
1363 2444 1415 2510 καὶ

228 2548 243 2614 ὑ
266 2550 367 2633 aaran
392 2552 652 2636 ὑπαγορεύει.
690 2553 771 2621 Leve
789 2562 838 2621 est
858 2555 999 2621 scribere
1024 2553 1315 2636 ὑπαγορεύσει.
1354 2548 1416 2616 Sed

228 2658 370 2743 primum
396 2659 414 2735 ὑ
436 2659 520 2740 τύχη
545 2668 721 2746 utrumque
746 2658 962 2747 pocillatorem
987 2659 1108 2726 lecerat
1132 2667 1162 2723 et
1182 2656 1416 2724 Achaemenem

227 2772 259 2831 et
284 2763 498 2851 Tbeageuem.
546 2765 627 2832 Tum
655 2786 715 2831 uon
736 2764 852 2832 servile
877 2765 1093 2832 ministerium
1118 2772 1207 2842 erat,
1228 2761 1284 2829 sed
1304 2760 1417 2826 admo-

227 2868 304 2937 dum
330 2870 542 2938 honorificum
574 2891 678 2959 neque
700 2880 772 2939 erat
802 2891 863 2937 eur
886 2870 1121 2938 Achaemenem
1154 2868 1250 2935 sortis
1273 2871 1417 2957 poenite-

227 2986 287 3045 ret.
324 2976 461 3057 Deinde,
476 2979 604 3044 etiamsi
624 2977 797 3044 concedam
819 2979 1030 3045 contemsisse
1057 2978 1259 3064 Tbeagenem
1293 2976 1416 3045 Achae·

229 3103 353 3151 meuem
379 3084 419 3150 ob
448 3084 511 3151 vile
536 3104 654 3151 munus
682 3104 822 3172 eumque
852 3084 951 3152 luisse
985 3084 1159 3151 allocutum
1185 3085 1277 3172 quasi
1302 3103 1413 3151 reuera

226 3210 339 3259 servus
367 3190 463 3270 toret,
497 3200 602 3258 tamen
633 3192 718 3273 τύχοι
750 3200 782 3258 et
805 3193 900 3276 φύσις
925 3190 1010 3257 baud
1035 3199 1121 3258 reete
1145 3192 1230 3257 iuter
1260 3210 1295 3258 se
1318 3211 1413 3278 oppo-

226 3305 362 3366 nuntur.
410 3297 553 3385 Denique
584 3296 660 3364 alibi
690 3298 877 3387 saepissime
909 3297 994 3387 apud
1024 3299 1162 3364 Graecos
1196 3296 1242 3363 uti
1266 3307 1299 3364 et
1327 3296 1413 3385 apud

227 3421 285 3468 uos
308 3403 461 3490 conjungi
492 3403 593 3471 solent
624 3403 721 3487 τέχνη
755 3414 786 3472 et
818 3404 932 3490 φύσις,
963 3426 993 3470 v.
1014 3426 1043 3471 c.
1069 3402 1153 3490 apud
1189 3402 1351 3469 Platonem
1376 3402 1416 3471 de

228 3508 307 3598 llep.
341 3510 381 3579 Il.
415 3514 562 3597 p.581c.
609 3510 751 3578 Habebat
790 3511 1009 3578 Achaemenes
1039 3510 1154 3592 τέχνην
1190 3516 1222 3574 et
1258 3508 1416 3576 didicerat

225 3615 278 3682 ἐπὶ
302 3615 397 3701 τέχορ
421 3625 453 3682 et
476 3618 637 3694 ἐπεποίητο
660 3618 786 3702 τέχνιον.
837 3617 1013 3705 Usurpasse
1034 3617 1185 3683 existimo
1207 3613 1410 3680 Heliodorum

226 3720 416 3788 vocabulum
440 3721 554 3805 τέχνιον
572 3722 682 3791 eodem
709 3725 801 3793 modo
825 3745 889 3813 quo
908 3724 996 3790 Plato
1021 3722 1052 3788 iu
1079 3722 1251 3806 Protagora
1270 3740 1300 3807 p.
1317 3721 1414 3797 md,

227 3826 281 3894 ubi
306 3827 447 3895 Socratis
471 3829 567 3897 verba
591 3829 629 3896 ad
657 3831 880 3919 Hippocratem
906 3839 996 3896 suut:
1028 3828 1141 3895 τούτων
1164 3827 1202 3893 οὑ
1225 3825 1338 3903 escen
1361 3831 1414 3894 οὑκ

226 3934 276 4001 ἐπὶ
299 3933 396 4020 τέχνῃ
424 3936 559 4017 lectra,
583 3938 658 4003 citt*
682 3938 732 4004 nt
757 3939 893 4023 παιδεία.
941 3935 1110 4024 Sopbistoe
1129 3927 1232 4001 artem
1254 3953 1346 3999 suam
1368 3933 1417 3999 di·'

225 4041 375 4109 dicerunt
398 4042 449 4110 ἐπὶ
478 4043 591 4127 etzep-
616 4044 671 4131 qui
695 4064 749 4111 eos
772 4044 909 4111 audiunt
928 4052 964 4110 ut
982 4042 1173 4109 erudiantur
1190 4050 1220 4108 et
1241 4041 1418 4110 liberaliter

227 4149 441 4216 instituantur
464 4150 666 4230 μαιύύοοοοιι
689 4150 740 4217 ἐπὶ
764 4150 901 4237 παιδεία.
937 4149 1024 4216 ldem
1043 4147 1109 4216 lere
1125 4148 1285 4235 signiticat
1311 4149 1415 4217 l'bea·

225 4276 344 4343 genes:
379 4258 414 4324 οὲ
443 4258 520 4338 μὶν,
546 4257 670 4345 inquit,
694 4259 712 4334 si
736 4256 866 4338 τέχνη
889 4256 998 4324 εἰδέναι
1022 4255 1066 4322 τοὶ
1089 4261 1222 4322 τοιαῦτα
1245 4280 1412 4338 astrasap-

225 4361 330 4448 κύζιι·
355 4370 394 4431 tu
416 4371 520 4432 artem
545 4364 707 4453 proliteris
730 4362 900 4454 pocillandi
925 4372 957 4430 et
981 4363 1086 4450 ipsum
1102 4382 1221 4430 munus
1245 4373 1337 4431 tuum
1360 4365 1411 4456 po)

226 4469 324 4538 stolal
358 4477 390 4537 te
428 4469 502 4538 talio
535 4473 636 4548 seire,
669 4471 726 4550 tet
750 4469 781 4538 ὑὲ
806 4470 823 4544 ὑ
847 4469 943 4554 Φὺοις
965 4469 1009 4536 rai
1033 4469 1175 4550 πρακτέα
1198 4469 1249 4536 καὶ
1274 4473 1288 4536 ὑ
1312 4474 1412 4554 cente
