3276 5006
540 351 584 400 An
608 351 742 401 saonam
765 351 990 401 snomonelnrl.

175 521 350 609 splendent.

312 630 433 691 πολλῶν
458 622 554 691 πόνων
578 626 625 690 δεῖ
645 626 687 707 τῷ
710 624 806 692 κοολόν
828 649 858 690 το
881 624 1032 708 μωμένῳ·

312 735 437 812 σμικροῦ
460 727 488 796 δ’
509 733 628 808 άμῶνος
649 733 683 796 ού
704 730 782 809 μέγ’
805 730 933 813 imeras
953 731 1052 804 κλόος.

175 838 263 905 idem
296 841 344 903 ast
377 836 461 921 quod
490 837 714 902 venustissime
744 835 827 904 dixit
856 834 1002 903 Gallicus
1030 840 1125 922 po'eta
1153 837 1301 923 quodque
1331 840 1365 903 in

175 942 381 1030 proverbium
404 942 501 1007 abiit:
945 934 948 942 ‘

310 1046 331 1111 ὀ
351 1048 473 1111 solorra
492 1068 564 1111 οονιο
578 1043 665 1130 peril
685 1068 723 1111 oo
746 1046 889 1131 ὀνόονκρόο
910 1069 981 1111 eona
999 1047 1107 1128 ρόοόνο.

222 1152 286 1233 Qui
319 1150 388 1217 fieri
419 1153 526 1237 potuit
555 1156 593 1214 ut
624 1150 720 1216 πόνων
748 1153 783 1216 in
812 1157 915 1217 κοιλῶν
947 1151 1049 1217 abiret
1074 1152 1279 1237 pessumdata
1301 1152 1365 1218 loci

177 1254 353 1324 sententiat
398 1255 538 1322 Planum
568 1261 631 1321 est:
665 1261 826 1341 supererat
851 1263 973 1322 πολλῶν
995 1256 1078 1297 Μ
1091 1264 1158 1321 ΩΝ
1183 1255 1231 1322 iri
1251 1257 1365 1323 deinde

177 1363 275 1430 stulte
298 1361 461 1448 expletum
485 1367 542 1427 est.
589 1360 729 1449 Fugerat
750 1361 810 1426 hoo
831 1360 1032 1440 Nauolrium‚
1056 1363 1164 1448 itaqua
1186 1367 1247 1427 τῶν
1269 1360 1366 1429 πόνων

177 1489 240 1534 non
270 1473 318 1534 est
344 1487 439 1533 ausus
468 1468 607 1552 recipere
635 1486 830 1551 quamquam
860 1472 983 1531 eertum
1014 1472 1061 1532 est
1091 1473 1124 1534 at
1146 1466 1364 1534 manifestum.

114 1638 117 1647 ,
178 1572 355 1639 Subiiolam
377 1592 499 1638 novum
520 1571 706 1637 huiusmodi
728 1571 980 1655 interpolationis
1001 1571 1196 1659 exemplum.
1242 1571 1366 1641 Eximi·

100 1659 107 1677 ⁸
177 1700 236 1744 um
257 1685 306 1744 eo
326 1676 492 1763 sophoclis
513 1677 731 1764 fragmentum
753 1674 787 1741 u
809 1675 919 1743 suu.
944 1675 1005 1756 aa,
1031 1676 1062 1742 e.

335 1780 357 1848 ὦ
381 1783 511 1856 ποῶόες,
537 1779 623 1857 ἤτοι
646 1781 760 1861 Κύπρος
785 1781 817 1846 ού
842 1780 958 1861 Κύπρος
980 1781 1085 1859 μύκον,

336 1890 412 1953 ἀλλ’
435 1886 480 1955 ἐπὶ
504 1894 661 1953 πΑΝΤων
684 1884 839 1963 ὀνομάτων
862 1886 1026 1965 ὀπῶννμος.

337 1992 400 2062 iro
422 1991 479 2069 μὲν
500 1990 629 2068 Ἅιδης,
651 1988 696 2060 io
720 1989 748 2056 δ’
770 1987 900 2072 άφόοτος
924 1989 1011 2069 βίος,

337 2095 399 2165 ὀςον
422 2097 453 2163 δὲ
477 2095 582 2162 λύτοον
604 2095 738 2176 μωνοάς,
761 2092 807 2164 ἔτι
831 2095 857 2162 δ’
880 2092 980 2178 ἵμερος

338 2201 506 2283 άκροοντος,
529 2200 576 2271 ἔτ’
601 2197 768 2279 οόμωμμός.

179 2308 354 2374 absurdum
376 2328 442 2373 esse
464 2306 623 2372 πάντων
646 2304 800 2383 ὀνομάτων
825 2304 981 2383 ὀπάννμος
1004 2307 1076 2391 quis
1098 2308 1154 2391 qui
1177 2310 1367 2395 cogitaverit

179 2411 331 2502 negabit?
376 2412 449 2499 lpsa
477 2415 523 2478 rei
552 2416 667 2478 natura
696 2409 786 2477 duait
806 2410 847 2477 ad
877 2417 1036 2478 πολλῶν
1064 2412 1240 2491 ὀνομάτων,
1271 2414 1366 2477 utin

179 2520 418 2585 Prometheum.
443 2517 519 2583 210.

338 2623 391 2690 κού
414 2631 498 2699 νοοῖτο
519 2628 678 2690 πολλῶν
700 2620 855 2699 ὀνομάτων
877 2623 981 2703 μορφὴ
1004 2621 1083 2700 μύω,

179 2731 300 2797 idest:

339 2834 391 2901 κοοό
414 2842 497 2911 raia
520 2839 643 2899 πολλῶν
665 2830 821 2910 ὀνομάτων
844 2831 1011 2910 ὀπύννμος.

180 2941 293 3009 deinde
322 2940 514 3006 Plutarchus
542 2941 577 3003 in
607 2939 759 3004 Amatoria
781 2957 856 3025 pag.
880 2934 956 3003 757.
980 2955 1012 3001 s.
1036 2939 1083 3002 ita
1104 2936 1233 3003 scribit:
1258 2935 1297 3001 ῶν
1317 2928 1369 3001 νύν

180 3047 232 3112 τόν
251 3046 376 3127 Ἔρωτος
407 3052 465 3112 τῶν
496 3045 713 3123 νενομισμένων
734 3048 831 3123 τομῶν
852 3041 1061 3122 ἐκβάλλωμεν
1083 3041 1151 3108 οὐδὲ
1175 3041 1281 3130 (scrib.
1305 3041 1368 3107 οὐδ’

182 3153 230 3238 ού)
260 3160 317 3227 τῆς
348 3149 533 3232 Ἀφροδίτης
564 3149 649 3215 κοιτόο
678 3149 783 3232 χῶρον
812 3153 963 3227 μενοῦσιν.
988 3186 1029 3198 -
1054 3147 1118 3214 άπὸ
1148 3151 1225 3227 μοῶς
1257 3153 1369 3223 σκηνῆς

181 3257 351 3334 ἀκούομεν·

332 3365 430 3443 Ἔρως
455 3361 517 3444 γάρ
541 3363 637 3444 άργόν
658 3361 737 3427 κάπὶ
760 3360 903 3435 τοιούτοις
927 3359 999 3444 ἔφυ.

182 3469 234 3535 aa}
257 3469 375 3534 πάλον·

339 3570 361 3639 ὦ
385 3573 515 3650 πωῖόες,
542 3572 624 3647 ἤτω
649 3572 764 3654 Κύπρος
789 3575 822 3637 ού
846 3570 959 3652 Κύπρος
983 3572 1092 3649 μόνον,

340 3680 416 3744 άλλ’
438 3678 483 3748 ici
507 3687 700 3745 ΠΟΛΛΩΝ
724 3676 879 3756 ὀνομάτων
902 3677 1067 3755 ἐπώνυμος.

341 3783 403 3853 ύςον
426 3784 484 3862 μόν
503 3784 631 3863 Ἀοόνς,
655 3783 701 3853 let
725 3784 752 3849 δ’
774 3781 904 3866 άφόοτος
926 3782 1011 3862 βόΑ,

343 3888 406 3960 ἔςον
427 3890 460 3954 δὲ
481 3890 587 3957 λύντο
609 3888 737 3968 μοννοάς.

229 3994 295 4062 Gur
315 3996 419 4083 igitur
440 3994 605 4060 Nauokius
620 3993 795 4059 absurdum
814 3998 1007 4058 ΠΑΝΤΩΝ
1026 3990 1179 4058 retinuit?
1214 3992 1372 4074 Quoniam

182 4099 267 4167 unde
296 4106 365 4166 orta
393 4105 476 4165 assat
505 4118 542 4164 ea
571 4100 728 4183 seriptura
748 4118 811 4163 non
833 4104 1043 4184 perspexerat.
1091 4094 1246 4167 Orodabat
1268 4120 1302 4164 se
1324 4100 1372 4162 in-

183 4209 323 4292 corrupti
346 4206 437 4271 testis
467 4205 688 4269 testimonium
716 4203 842 4281 audire,
872 4204 907 4269 τό
931 4203 956 4268 δ’
981 4198 1015 4276 ἦν
1038 4200 1099 4283 άρο
1122 4203 1215 4269 stulti
1236 4206 1373 4289 interpo-

183 4312 293 4379 latoris
315 4312 535 4388 mandacium,
560 4310 644 4395 quod
666 4309 815 4396 plurimis
835 4313 1032 4397 argumentis
1053 4317 1085 4375 et
1103 4309 1230 4397 indiciis
1248 4312 1372 4403 άνοντν-

184 4416 301 4492 λέκτοος
326 4422 357 4483 ot
380 4419 445 4483 iam
468 4417 588 4502 passim
612 4415 866 4494 confutavimus,
892 4420 924 4483 et
947 4415 1019 4484 aliis
1039 4421 1133 4502 atque
1153 4415 1225 4482 aliis
1243 4416 1373 4501 posthae
