3276 5006
293 362 359 429 138
686 379 729 427 ιι)
752 377 908 428 rusroms
932 376 1085 428 scuuuu.

336 550 416 638 Peg.
442 547 518 615 493.
543 568 571 615 u.
596 551 768 617 τούναντίον
792 550 827 626 δη
851 546 937 624 οὗτος
961 552 1024 627 σοί,
1057 547 1078 614 cl
1104 552 1309 626 Καλλίκλεις,
1333 547 1481 612 ένδείιινο·

292 679 346 722 ται
378 658 416 727 ύς
445 661 504 721 τῶν
527 655 558 720 έν
580 657 692 722 ’Ἀιδοιι
715 694 759 706 -
783 653 863 721 ούτοι
887 657 1072 721 οίύλιύτοιτοι
1095 653 1161 747 [ἂν]
1182 650 1243 720 είεν
1267 655 1307 737 [ol
1330 651 1479 741 ύρούητοι]

292 761 345 827 καί
369 767 487 844 Φοροΐεν
509 763 553 834 είς
576 761 627 827 τοι
651 762 832 842 τετρημένον
856 762 940 827 τίύον
966 758 1040 842 ύδωρ
1064 762 1153 843 έτέρῳ
1174 759 1302 841 τοιούτῳ
1325 757 1483 846 [τετρηριέ

293 868 345 953 νῳ]
370 867 517 949 κοσκίνῳ·
540 866 576 932 τί
599 868 630 933 δέ
654 868 788 933 κόσκινον
811 866 872 947 ἄρα
897 868 1005 945 λέγει,
1029 870 1069 941 ύς
1094 866 1268 950 έφηίτρὸς
1291 866 1346 943 eu
1370 866 1483 942 λέγων,

292 975 347 1050 τίρν
368 972 477 1056 ψυχὴν
496 967 591 1037 είνοιι·
613 975 669 1048 την
688 972 719 1039 δέ
738 975 846 1054 ψοχην
865 971 990 1051 κοσκίνῳ
1010 974 1165 1039 οίτείκοιτε
1187 970 1486 1059 [τηντύνύρονιίτιον

292 1082 331 1152 ύς
354 1076 551 1166 τετρημένην]
579 1077 631 1173 ίίτ·
655 1082 687 1145 ού
711 1079 879 1157 δυναμένην
904 1082 1008 1156 τέγειν
1032 1080 1071 1144 δι’
1096 1081 1228 1147 ἀσιτίαν
1250 1077 1359 1144 τεκαὶ
1380 1077 1484 1150 λιίίην.

293 1185 393 1251 Recte
425 1186 526 1250 oratio
560 1190 608 1250 est
629 1182 709 1249 οὗτοι
734 1184 921 1249 οίύλιύτοιτοί
946 1194 1026 1250 elci
1052 1185 1104 1249 καί
1130 1190 1272 1265 φοροῦσιν
1293 1185 1337 1254 είς
1361 1183 1413 1248 τὸν
1435 1206 1484 1247 τε·

293 1291 437 1373 τρημένον
463 1290 556 1356 τίύον.
594 1290 706 1376 ltaque
730 1293 765 1355 iu
788 1289 916 1375 oblique
940 1290 1110 1356 dicendum
1135 1292 1173 1363 ύς
1197 1286 1277 1355 οὗτοι
1300 1289 1485 1354 ἀθλιώτατοι

293 1394 372 1471 είεν,
396 1416 459 1461 non
482 1393 520 1461 ίιν
543 1391 612 1460 είεν.
659 1394 781 1461 Deinde
803 1392 882 1460 ούτοι
906 1393 943 1485 [ci
968 1394 1114 1485 οίμύητοι]
1142 1399 1189 1463 itu
1207 1397 1326 1462 (licitur
1346 1394 1435 1479 quusi
1454 1398 1487 1459 et

293 1502 351 1569 elii
381 1508 485 1568 essent
514 1502 666 1576 ἀμύητοι,
698 1484 759 1587 'qui
790 1502 830 1567 sb
860 1502 912 1566 his
942 1502 1224 1591 distinguerentur.
1251 1500 1339 1582 ἑτέρῳ
1362 1499 1486 1578 τοιούτῳ

295 1606 492 1699 [τετρημένην]
517 1607 732 1694 perinsulsum
756 1606 1011 1672 additamentum
1035 1614 1084 1673 est
1107 1627 1234 1673 summo
1256 1609 1326 1671 iure
1350 1606 1389 1671 ab
1412 1603 1486 1669 lldi·
1525 1646 1531 1659 ·

294 1712 362 1779 tor'e
384 1718 541 1779 notatum.
587 1713 637 1779 Ne
658 1713 745 1778 idem
768 1712 903 1779 verbum
925 1715 1052 1801 ingrute
1074 1718 1270 1800 repeteretur
1291 1715 1382 1777 τοῦτο
1401 1710 1485 1791 δρᾶν,

295 1825 384 1885 τοῦτο
416 1828 530 1895 ποιεῖν,
565 1822 597 1885 et
618 1822 707 1884 τοῦτο
738 1817 876 1897 τοίσχειν
906 1819 1160 1894 substituebant,
1196 1817 1408 1902 similiterque
1429 1834 1486 1902 pro

296 1924 453 1991 adiectiro
476 1923 529 1991 vel
551 1924 719 2010 participio
742 1920 841 2002 ἕτερος
864 1928 1007 1996 τοιοῦτος.
1045 1922 1130 2004 Quid
1150 1921 1269 1989 diceres
1288 1925 1316 1987 si
1335 1942 1393 2008 pro
1413 1923 1486 1997 τῑίι,

297 2026 318 2093 cl
342 2032 456 2107 γύναι,
482 2029 603 2108 σφόδρα
627 2031 692 2108 γὰρ
714 2034 818 2109 Φιλεῖς
840 2032 929 2092 τοῦτο
951 2028 1071 2108 δρῶσα,
1094 2027 1256 2115 legeretur
1277 2032 1366 2092 τοῦτο
1390 2027 1486 2106 δρῶσα

297 2132 447 2200 τίνουσαί
493 2133 605 2200 Nihilo
635 2133 753 2198 melius
775 2139 832 2197 est
855 2134 939 2219 quod
962 2134 1047 2220 spud
1070 2131 1239 2199 Plutonem
1261 2152 1346 2198 nuuc
1367 2130 1488 2219 legitur

298 2240 386 2323 έτέρῳ
410 2239 532 2321 τοιούτῳ
555 2239 727 2320 τετρημένῳ
750 2241 887 2317 κοσκίνῳ.

342 2346 380 2411 ln
401 2345 528 2412 ultimis
557 2347 635 2412 haec
663 2349 790 2410 tuntum
813 2347 953 2431 genuine
976 2352 1068 2411 sunt:
1100 2348 1154 2421 την
1178 2343 1210 2410 δέ
1233 2344 1340 2424 ψυχὴν
1363 2343 1487 2422 κοσκίνῳ

298 2454 471 2519 οίτείκασεν
494 2447 547 2517 ἅτ’
569 2452 603 2516 ού
628 2447 796 2526 δινιαςοένην
820 2449 924 2526 τέγειν
944 2452 1007 2515 κτὲ.
1044 2450 1181 2536 Reliqua
1199 2469 1395 2534 supervacue
1414 2453 1488 2514 cunt

297 2564 330 2625 et
351 2557 414 2625 loci
437 2559 628 2624 sententiam
651 2559 782 2622 onerent
804 2560 838 2620 et
859 2555 1051 2640 impediunt.

342 2770 422 2859 Peg.
437 2767 513 2834 493.
526 2786 554 2834 0.
579 2772 685 2833 ταῦτα
707 2768 845 2839 έτιεικῶς
868 2766 925 2844 μέν
950 2767 1012 2835 ἕσιν
1035 2766 1094 2832 tec
1116 2790 1146 2832 τι
1171 2765 1298 2845 ύτοτα,
1323 2766 1413 2842 δηλοῖ
1428 2768 1488 2843 μην

298 2874 313 2943 t
339 2877 399 2955 ἐγὼ
423 2874 590 2954 βούλομαι.
639 2872 676 2938 In
699 2874 751 2939 his
774 2873 911 2944 έτιειιιῶς
934 2872 1129 2958 adscriptum
1153 2878 1201 2938 est
1221 2873 1261 2938 ub
1285 2870 1408 2956 aliquo,
1434 2873 1488 2957 qui

289 2981 375 3068 quid
399 2986 481 3046 esset
504 2978 563 3045 ὑπό
586 3002 616 3045 τι
641 2979 804 3045 ostendere
826 2979 964 3045 volebat.
1005 2977 1153 3044 Medium
1176 2984 1224 3043 est
1247 2977 1383 3047 triscuria
1407 2979 1490 3042 inter

297 3081 331 3152 εύ
354 3092 387 3151 et
410 3092 529 3162 κακῶς,
560 3090 598 3149 ut
619 3086 703 3150 inter
725 3085 795 3155 τούς
820 3081 853 3149 εύ
876 3085 1048 3161 γεγονότας
1073 3088 1107 3149 et
1128 3082 1199 3155 τοὺς
1220 3089 1321 3155 κακῶς
1343 3081 1488 3147 medium

238 3197 243 3215 ¹
296 3192 404 3258 locum
435 3194 589 3274 occupent
620 3190 645 3254 οί
675 3190 812 3262 ἐπιεικῶς
845 3188 1027 3268 γεγονότες,
1059 3189 1093 3254 id
1116 3194 1165 3254 est
1185 3189 1304 3253 ίοκοιίο
1327 3187 1390 3251 leco
1410 3189 1487 3252 neti.
1609 3270 1610 3283 χ

297 3296 419 3364 eodem
449 3296 544 3362 modo
575 3295 689 3362 Iistiue
720 3299 804 3362 inter
833 3297 904 3361 bene
926 3316 963 3362 ec
985 3296 1062 3360 νκοίσ
1082 3295 1228 3360 medium
1251 3298 1300 3360 eet
1321 3293 1407 3357 cate.
1453 3291 1489 3356 ld
1609 3312 1610 3323 ³

296 3420 373 3471 vero
405 3402 543 3470 οίττιιιιτί
568 3401 686 3468 (licitur
710 3400 770 3467 ύτί
791 3424 842 3476 τι,
876 3398 936 3467 ύτί
958 3425 987 3471 τι
1014 3401 1134 3480 ἀσεβῆ,
1166 3400 1278 3467 ύτίτι
1303 3398 1490 3473 lucetlucet

296 3512 369 3576 eim.
400 3508 511 3595 Itaque
530 3508 698 3575 Plutonem
717 3502 878 3595 scripsisse
896 3508 1033 3574 arbitror
1054 3510 1089 3573 in
1107 3507 1192 3572 hunc
1207 3505 1359 3571 modum:
1384 3508 1488 3571 ταῦτα

299 3618 337 3681 Δ’
361 3615 406 3685 eei
426 3615 483 3693 ρςέν
508 3615 567 3681 ύτί
589 3640 618 3681 τι
642 3614 766 3689 ι’ίτοτοι,
790 3616 878 3690 δηλοῖ
899 3622 951 3679 ΓΕ
975 3616 1035 3689 μην
1059 3605 1073 3677 ί
1097 3613 1158 3690 ec
1181 3612 1349 3691 βούλομαι.
1376 3609 1435 3679 ύτί
1458 3631 1487 3673 τι

297 3721 408 3788 eodem
431 3742 525 3787 sensu
545 3719 667 3809 legitur
688 3724 724 3786 iu
745 3721 883 3785 Phaedro
904 3740 978 3806 pag.
1003 3717 1080 3783 242.
1104 3736 1135 3785 u.
1161 3717 1255 3782 δεινὸν
1274 3717 1368 3793 λόγον
1389 3715 1487 3792 letw-

297 3850 413 3900 σοις-
429 3818 595 3903 εύύύη’καί
620 3825 679 3892 ύτί
701 3851 731 3892 τι
755 3826 870 3904 οίσεβῆ.
904 3823 1091 3890 Xenarchue
1115 3821 1266 3890 Comicus
1289 3821 1374 3909 apud
1393 3820 1489 3886 Athe·
1609 3906 1610 3929 ἦ

297 3952 414 3999 nucum
438 3953 513 4021 pag.
537 3930 615 3997 693.
640 3951 670 3999 u.

419 4066 429 4077 ·
525 4039 564 4112 ύς
589 4037 647 4103 ύτί
669 4061 699 4103 τι
722 4035 862 4117 νντοίζειν
885 4060 924 4114 γε
949 4036 1062 4109 καύτίς
1083 4033 1238 4118 ἄρχομαι.

342 4145 380 4210 ln
404 4142 520 4211 Codice
542 4145 636 4210 unico
660 4150 724 4210 est:
748 4139 1048 4221 ύσεύτοτιννταζειι.
1095 4142 1264 4209 Nesciebat
1286 4141 1390 4207 scribe
1413 4139 1488 4227 quid

265 4270 273 4279 ·
297 4257 381 4317 essct
404 4257 621 4327 nCTssoTI,
646 4251 729 4335 quod
752 4255 800 4315 est
823 4270 842 4314 e
864 4247 1003 4314 Porscuc
1026 4254 1197 4334 repertum.

344 4462 421 4547 Peg.
449 4460 524 4523 493.
550 4479 580 4524 n.
606 4460 728 4540 τύτερον
752 4459 844 4525 reite
868 4464 900 4523 τί
922 4482 958 4522 σε
981 4459 1033 4523 καί
1054 4458 1258 4532 μετατίθεσαι
1279 4456 1488 4536 εύδιιιμονετέ·
