3254 5034
684 342 785 390 veura.
1288 325 1333 390 69

190 515 237 584 dd
259 516 298 599 Q.
324 514 364 582 ir.
389 512 444 581 lll.
469 513 528 601 llp.
554 519 589 591 1,
617 517 682 579 18.v

188 623 294 705 Quod
331 621 537 688 interiore
571 618 755 707 epistola
791 613 950 682 scribis
986 634 1045 681 me
1080 613 1183 681 ldib.
1221 615 1330 705 Sept.

148 728 331 815 l'onrpeio
361 727 546 813 legatum
579 725 653 802 iri,
686 722 725 790 id
755 743 828 809 ego
854 743 928 789 non
954 720 1108 789 audiri.
1157 721 1218 803 Qui
1242 723 1332 790 locus

145 844 197 898 aut
219 854 300 921 qnae
325 853 401 921 pars
423 831 576 919 epistolae
600 830 790 897 interior
814 828 993 917 appelletur
1010 826 1134 894 discere
1160 829 1331 917 pervelim,

146 960 213 1005 narn
234 943 265 1004 in
286 940 496 1026 epistolarum
523 937 614 1024 copia
640 956 722 1022 quae
746 946 893 1022 superest
918 955 1077 1022 nusquam
1103 955 1332 1002 commemora·

145 1056 203 1111 tor.
249 1046 337 1113 Satis
368 1055 479 1111 notuua
511 1057 561 1109 est
593 1042 753 1109 llornauos
784 1043 915 1120 crebro,
948 1045 975 1109 si
999 1062 1081 1130 quas
1104 1041 1229 1110 litteras
1260 1062 1332 1128 per·

142 1152 359 1238 scripsissent,
385 1149 572 1236 deposuisse
594 1146 758 1225 chartaru,
772 1148 848 1214 dum
863 1160 917 1214 artt
932 1150 993 1236 ipsi
1006 1150 1160 1221 baberent
1173 1165 1228 1220 aut
1244 1173 1331 1240 prae·

143 1256 249 1323 bereut
278 1258 376 1323 aruici
403 1256 559 1321 tabellarii
586 1253 772 1321 facultatem
798 1256 852 1341 qui
879 1255 1046 1343 perferret.
1094 1258 1231 1347 Siquid
1257 1258 1330 1325 novi

142 1364 266 1430 interint
280 1362 471 1442 accidisset,
485 1361 631 1427 chartam
647 1363 830 1446 repetebant
846 1360 941 1449 idque
955 1361 1038 1429 inira
1051 1364 1232 1432 alliciebant
1247 1364 1332 1455 (ride

140 1490 167 1536 e.
197 1490 228 1556 g.
260 1469 360 1535 buius
388 1466 541 1556 epistolae
576 1471 593 1552 §
635 1472 695 1545 17,
738 1471 791 1543 19,
819 1468 886 1555 23).
934 1468 981 1534 lta
1007 1471 1038 1533 iu
1064 1490 1161 1536 unam
1185 1469 1331 1536 chartam

140 1577 354 1663 complurium
378 1573 505 1640 dierum
529 1572 773 1639 coniciebantur
793 1572 938 1650 litterae,
956 1594 1038 1660 quae
1057 1596 1131 1642 curn
1146 1595 1332 1663 qucreceu·

140 1684 234 1748 tiores
257 1689 368 1747 esseut
389 1700 427 1746 eo
447 1677 630 1745 iuieriorcur
648 1677 754 1744 locum
768 1677 967 1757 obtinerent,
982 1682 1012 1745 iu
1036 1683 1255 1769 superiore
1275 1690 1332 1748 aut

141 1788 170 1853 in
201 1782 417 1854 inferiore
442 1783 576 1872 epistola
607 1785 747 1871 scriptae
778 1793 871 1850 crant
914 1786 1180 1874 Superiorem
1212 1787 1331 1875 episto·

140 1892 198 1959 laur
230 1892 357 1960 dabunt
388 1892 447 1978 bip.
479 1890 518 1956 ad
556 1890 645 1957 Fam.
681 1890 754 1966 139
783 1895 846 1970 26,
878 1900 910 1958 et
941 1893 981 1959 ad
1012 1893 1048 1975 Q.
1079 1892 1119 1960 lr.
1144 1893 1199 1960 lll.
1225 1898 1265 1973 8,
1295 1902 1330 1973 l,

141 1997 407 2076 inferiorem,
431 1998 459 2063 si
484 2006 572 2064 recte
596 1996 681 2076 vidi,
706 1995 796 2063 locus
821 2006 940 2065 noster.

183 2209 243 2278 nd.
269 2212 309 2292 Q.
334 2208 373 2275 ir.
398 2209 453 2276 lll.
477 2210 536 2297 llp.
562 2215 597 2288 9,
622 2215 655 2276 b.
1233 2260 1234 2263 ,

180 2315 254 2382 llilo
285 2317 320 2381 in
356 2336 444 2402 spem
468 2314 656 2382 consulatus
679 2321 787 2380 tantos
811 2324 940 2381 sumtus
964 2313 1120 2394 iaciebat,
1146 2325 1181 2383 ut
1202 2316 1242 2385 de
1261 2321 1332 2387 eius

139 2442 172 2489 re
191 2420 347 2487 lamiliari
359 2421 469 2488 Cicero
481 2423 622 2488 timeret.
647 2425 686 2488 ‘0
706 2422 744 2488 δὲ
762 2421 956 2501 μαίνεται
976 2425 1042 2489 οὐκ
1062 2420 1119 2489 ἔτ’
1138 2426 1331 2507 ἀνεκτῶς,

138 2529 262 2616 inquit,
295 2529 365 2614 qoi
390 2527 511 2594 lodos
547 2527 598 2594 llS
633 2526 719 2594 00οΙ
750 2536 972 2614 corriperet.
1020 2528 1152 2595 Cuius
1184 2530 1222 2596 in
1260 2531 1332 2597 boc

140 2632 1331 2721 nnoconsiderantianretegosustineboutpotero‚ettu

141 2750 180 2807 ot
205 2741 347 2828 possis
370 2748 435 2806 est
458 2749 628 2806 tuoruur
653 2760 885 2806 nervoruru.
910 2740 1071 2807 Numerus
1097 2742 1251 2828 pecuniae
1275 2762 1331 2829 per

137 2845 288 2913 librarios
312 2846 474 2922 incertus,
494 2845 550 2912 sed
575 2848 645 2912 sine
667 2845 764 2911 dubio
777 2846 1063 2933 inuueusussupra
1078 2866 1198 2913 utoreur
1218 2854 1252 2913 et
1266 2868 1330 2914 nro·

138 2953 227 3021 dum.
253 2953 367 3018 lietera
389 2951 530 3018 nondum
553 2954 596 3019 ita
616 2951 778 3018 illustrata
792 2951 875 3031 ridi,
891 2962 925 3018 ut
940 2951 1141 3038 intelligatur
1153 2952 1230 3038 quid
1245 2954 1332 3021 blar-

139 3080 195 3126 cus
218 3079 254 3125 se
280 3058 443 3126 iacturum
468 3057 607 3134 scribat,
629 3066 685 3123 aut
704 3055 848 3125 airatris
861 3059 1122 3146 nervisexpectet
1139 3066 1173 3124 ut
1188 3060 1214 3123 is
1226 3057 1332 3127 iacere

139 3165 249 3252 possit.
299 3162 380 3229 Nam
404 3163 559 3230 libroruur
586 3163 964 3242 considerantiam,
986 3162 1072 3251 quod
1096 3165 1211 3231 oriris
1229 3165 1333 3233 doctis

139 3269 349 3359 probabiliter
372 3270 404 3335 in
431 3272 439 3334 i
453 3270 702 3336 nconsidera
717 3272 844 3336 utiam
869 3271 1063 3358 rescriptum
1077 3278 1143 3348 est,
1158 3269 1333 3358 locopepu·

138 3376 215 3444 lisse
237 3374 396 3443 Graecuru
410 3375 600 3443 vocabulum
615 3376 698 3463 quod
712 3374 825 3443 Cicero
840 3378 1017 3461 posuisset,
1031 3375 1114 3443 band
1128 3385 1250 3444 temere
1261 3397 1333 3443 sus·

139 3484 270 3570 picatur
303 3480 451 3548 Orellius.
500 3482 533 3547 lu
566 3503 629 3568 quo
661 3481 860 3549 restituendo
885 3485 928 3549 ita
953 3482 1083 3548 deorum
1106 3483 1187 3549 artis
1209 3482 1334 3568 legibus

139 3588 343 3655 satisfactum
367 3587 447 3664 erit,
471 3589 498 3652 si
523 3587 714 3654 vocabulum
741 3591 939 3675 reperietur,
963 3587 1047 3675 qrrod
1063 3587 1147 3654 etad
1162 3587 1332 3654 totiusloci

140 3695 334 3763 seutentiam
358 3694 401 3758 ita
421 3694 462 3758 sit
476 3693 773 3767 accommodatum,
788 3702 823 3760 nt
834 3693 930 3759 siruul
944 3703 1095 3781 appareat
1109 3713 1171 3781 qua
1186 3694 1225 3761 de
1237 3715 1334 3761 causa

140 3802 252 3870 Cicero
283 3800 441 3866 Graecum
462 3799 649 3866 rottabnlnru
676 3799 790 3866 Latino
815 3799 1023 3886 praetulerit,
1048 3807 1079 3866 et
1103 3798 1188 3885 qnod
1211 3800 1335 3885 signiti-

141 3907 261 3973 cationi
296 3904 462 3971 subditicii
498 3904 643 3971 vocabuli
680 3905 785 3972 batini
823 3905 1023 3991 respondeat.
1072 3904 1150 3971 Natu
1190 3905 1222 3970 id
1246 3915 1335 3972 certc

141 4012 378 4099 grammatico,
419 4012 474 4097 qui
513 4011 662 4077 batinnru
689 4011 880 4078 vocabulum
905 4011 1098 4097 adscripsit,
1122 4010 1332 4078 tribuendum

143 4117 288 4195 ridetur,
314 4129 349 4183 ut
373 4116 531 4183 Graecum
558 4117 752 4184 intellexerit
773 4127 805 4183 et
827 4120 968 4186 rectesit
983 4119 1224 4204 interpretatus.
1274 4118 1335 4185 Ve-

144 4243 217 4290 rum
249 4222 409 4290 eiusmodi
447 4223 658 4303 vccabulum,
688 4223 772 4310 quod
804 4225 867 4292 illis
891 4222 1016 4310 legibus
1040 4223 1119 4289 satis
1143 4222 1256 4302 iaciat,
1280 4224 1334 4291 ad·
