3340 5014
738 370 767 415 ru
790 369 990 417 neuonoauu.
1394 353 1455 416 ll'l

261 532 344 599 ticos
363 528 502 600 draeoos
527 532 695 602 Heliodoro
720 534 826 603 locum
857 557 927 606 esse
957 537 1078 618 noluit,
1110 535 1266 606 credone
1291 534 1456 604 invaderet

261 638 293 702 in
318 639 517 724 provinciam
543 637 583 705 ab
607 638 702 706 lmm.
731 641 872 708 Belrlrero
896 652 1106 729 occupatam,
1131 644 1164 708 in
1188 642 1328 709 editione
1352 641 1455 728 igilur

261 743 406 810 Parisino
430 764 462 832 p.
486 750 561 811 319.
585 749 627 812 33
652 745 802 812 Galaslris
827 756 859 813 et
882 747 1048 816 Nausicles
1077 747 1162 816 baud
1192 747 1285 835 longe
1310 748 1350 814 ab
1373 747 1455 813 ostio

260 846 323 915 ltili
344 848 437 934 juxta
463 850 564 935 ripam
590 848 757 917 ambulant
781 860 813 918 et
836 852 1022 934 κροκόδειλον
1045 854 1147 937 δρῶσιν
1177 855 1241 922 aiud
1264 859 1323 920 τῶν
1350 850 1454 930 δεξιῶν

259 953 310 1020 ἐπὶ
335 952 449 1036 θάτερα
479 955 695 1038 διιοιιύζοντα,
721 977 785 1043 quo
819 969 992 1045 conspectu
1025 961 1147 1027 incolae
1178 960 1307 1036 συνήθως
1338 956 1450 1024 τεκαὶ

258 1061 412 1142 ἀθορύβως
435 1061 471 1127 νδ
494 1062 586 1144 loth
610 1059 694 1143 hyon.
745 1063 863 1131 Verum
896 1066 930 1132 in
963 1085 999 1131 ea
1033 1075 1124 1153 parte
1157 1064 1239 1144 Nili,
1263 1081 1345 1152 quae
1369 1061 1451 1128 marl

259 1168 403 1253 proxima
421 1177 492 1245 est,
513 1186 575 1233 non
591 1167 684 1235 modo
707 1169 861 1235 crocodili
879 1190 940 1237 non
962 1180 1039 1237 sunt
1051 1169 1238 1258 frequentes
1250 1168 1306 1236 sed
1318 1167 1451 1235 omnino

260 1290 323 1337 noo
354 1273 561 1339 invenluoter
597 1294 675 1354 nec,
709 1283 867 1362 quantum
900 1277 983 1355 scio,
1018 1296 1173 1365 uorquam
1205 1275 1329 1342 inventi
1359 1280 1449 1340 sunt.

260 1378 296 1446 P.
322 1381 399 1445 339.
420 1382 463 1445 33
488 1389 664 1446 narrantur
684 1380 814 1468 qrridam
840 1382 1022 1470 Memphide
1045 1381 1179 1471 proiecti
1203 1402 1292 1460 esse,
1313 1390 1349 1446 nt
1372 1399 1450 1445 con·

259 1486 406 1551 venirent
440 1485 610 1551 Persarum
640 1486 726 1573 regis
757 1495 943 1574 satrapam,
974 1489 1030 1576 qui
1062 1495 1141 1555 tunc
1165 1488 1283 1556 Thebis
1306 1484 1448 1572 degeret.

259 1587 320 1655 Sed
356 1597 530 1677 antequam
566 1590 692 1657 Thebas
726 1601 905 1669 venerunt,
945 1594 977 1660 in
1013 1594 1129 1661 itinere
1166 1596 1323 1660 certiores
1347 1589 1448 1667 dunt,

258 1692 492 1773 Oroondatem,
521 1715 595 1762 nam
625 1694 684 1762 boc
716 1716 831 1764 nomen
864 1707 934 1764 erat
964 1699 1052 1785 regio
1075 1707 1243 1785 satrapae,
1267 1693 1449 1784 proiectum

257 1819 327 1867 esse
352 1801 495 1889 Syenen:
519 1821 616 1888 qnam
640 1801 680 1867 oh
704 1820 834 1868 cansam
862 1802 1000 1888 Bagoas,
1020 1804 1075 1891 qui
1098 1804 1301 1889 Tbeagenem
1320 1810 1351 1867 et
1370 1798 1448 1866 Cha·

257 1905 388 1973 ricleam
411 1907 554 1994 captivos
570 1905 770 1985 adducebat,
795 1910 958 1990 ἐκτμαιιεὶς
979 1916 1038 1975 τῶν
1059 1908 1171 1989 Θηβῶν
1188 1909 1240 1976 ἐπὶ
1258 1909 1313 1985 τὴν
1331 1906 1449 1982 Συήνην

257 2011 396 2087 ἤλαυνεν.
445 2013 585 2098 Apparet
616 2014 731 2098 opinor
765 2015 932 2099 ignorasse
965 2013 1188 2091 Heliodorum,
1222 2011 1276 2080 ubi
1300 2011 1445 2078 locorum

256 2117 338 2182 sitae
375 2125 482 2184 essent
513 2117 650 2184 Thebae.
709 2117 852 2206 Turpius
883 2121 980 2187 etiam
1012 2130 1060 2186 est
1093 2118 1327 2206 Elephantinen
1362 2113 1448 2204 apud

257 2230 408 2288 nostrum·
430 2241 491 2288 non
514 2221 639 2290 insulae
659 2242 774 2291 nomeu
790 2244 880 2302 esse,
903 2225 957 2291 sed
978 2225 1067 2291 urbis
1088 2228 1121 2292 ip
1145 2233 1232 2292 terra
1252 2220 1448 2294 contineuti;

256 2325 369 2394 crebro
392 2328 477 2394 enirn
504 2329 535 2392 iu
550 2326 672 2417 Syenes
692 2332 929 2416 oppugnatione
942 2330 1027 2396 sicco
1046 2330 1125 2416 pede
1140 2337 1323 2397 commeant
1343 2327 1448 2417 Syene

257 2430 491 2520 Elephantinen
523 2442 555 2500 et
588 2442 717 2514 contra,
754 2455 785 2521 p.
808 2441 884 2502 578.
921 2440 962 2501 33
995 2435 1082 2502 alibi.
1130 2436 1197 2502 Non
1227 2435 1330 2521 magis
1354 2439 1448 2499 norat

258 2537 446 2605 Heliodorus
478 2538 585 2606 Philas
618 2540 770 2606 insulam.
819 2542 918 2627 capra
943 2539 1048 2630 Syene
1075 2540 1268 2628 Aethiopum
1293 2560 1348 2606 rex
1380 2537 1447 2627 Hy·

256 2642 371 2732 daspes
395 2644 478 2712 redit
502 2648 534 2711 in
555 2645 710 2732 patriam,
737 2667 765 2733 p.
781 2650 859 2713 389.
886 2651 936 2711 rt.
985 2647 1128 2711 Primum
1154 2653 1242 2712 recte
1266 2644 1372 2726 ἐχώρει
1389 2649 1446 2718 τῆς

255 2750 348 2831 ὄχθης
371 2754 425 2816 τοῦ
444 2752 558 2818 Νείλου
577 2750 740 2832 ἐχόμενος,
760 2751 814 2816 sed
837 2759 1004 2838 postquam
1026 2750 1065 2816 ad
1084 2750 1269 2817 Cataractes
1291 2749 1446 2835 pervenit,

256 2857 434 2939 ἐκτραπεὶς,
454 2863 510 2931 τῆς
529 2858 707 2937 μεσογαίας
731 2860 855 2936 μᾶλλον
874 2854 979 2936 εἴχετο
1004 2857 1056 2922 καὶ
1080 2858 1122 2929 εἷς
1146 2856 1206 2929 τὰς
1228 2854 1329 2927 Φίλας
1353 2853 1446 2920 ἐλθὼν

256 2961 442 3029 traversaria
464 2962 516 3028 τὸν
539 2963 660 3044 erardo.
709 2963 791 3029 Snot
816 2960 877 3027 alia
902 2960 1136 3048 eiusdemmodi
1161 2961 1263 3040 vitia,
1288 2956 1344 3027 sed
1367 2958 1445 3025 haec

255 3076 333 3135 sunt
356 3067 423 3136 lere
446 3069 634 3154 insigniora.

301 3174 409 3260 Pingit
437 3173 625 3241 Heliodorus
658 3183 762 3239 actam
796 3193 865 3241 esse
899 3172 1039 3240 fabulam
1065 3193 1103 3240 eo
1127 3182 1358 3260 temporeque
1384 3172 1446 3237 de-

255 3281 359 3369 gyptii
385 3291 533 3368 parerent
559 3280 627 3366 regi
659 3279 830 3346 Persarum
862 3281 972 3367 ltaque
998 3298 1027 3366 p.
1051 3282 1127 3347 333.
1150 3284 1191 3345 43
1218 3276 1354 3344 Athenis
1378 3297 1446 3345 me·

254 3388 375 3453 morari
400 3407 462 3453 non
483 3386 595 3455 debuit
611 3385 647 3451 ιδ
670 3394 782 3466 μνῆμα
805 3392 864 3451 τῶν
886 3388 1117 3466 Ἐπικουρείων,
1142 3382 1198 3451 sed
1223 3384 1291 3450 leva
1315 3383 1373 3451 hoc
1396 3392 1445 3451 est

255 3510 333 3578 prae
361 3491 498 3558 ridiculo
529 3500 712 3559 commento
740 3513 771 3579 p.
794 3496 877 3569 373,
912 3493 1086 3559 Homerum
1110 3490 1211 3557 luisse
1236 3489 1447 3578 Aegyptium.

256 3598 348 3664 llune
373 3597 564 3665 Heliodorus
588 3617 683 3685 saepe
706 3597 815 3664 laudat
838 3607 869 3664 et
895 3607 1048 3686 perpetuo
1071 3595 1235 3662 vocabulis
1259 3596 1444 3663 recentiori·

255 3702 315 3772 bns
339 3712 372 3771 et
391 3704 466 3770 olim
490 3704 664 3791 incognitis
684 3702 834 3771 indecore
853 3703 1010 3771 admiscet
1031 3702 1216 3770 Homericos
1238 3701 1341 3777 locos,
1366 3720 1445 3789 quo·

256 3830 327 3876 rmo
361 3809 447 3876 color
480 3817 546 3876 toto
575 3809 664 3876 coelo
695 3809 844 3876 diversus
869 3819 929 3876 est.
977 3808 1142 3875 Plusculos
1165 3815 1253 3872 arnat
1277 3804 1388 3893 quales
1411 3802 1443 3871 δν

254 3918 348 3996 θυμὸν
378 3915 515 3983 κατέδων
550 3936 579 4003 p.
607 3919 683 3981 234.
709 3920 772 3995 41,
806 3916 949 3997 ἐδάκρυον
981 3913 1274 3996 &retroaspicere
1309 3931 1339 3998 p.
1366 3912 1442 3977 23T.

256 4027 297 4088 ⁴5
334 4028 366 4088 el
400 4021 555 4087 ὀλλύντων
587 4044 624 4087 τι
657 4021 709 4087 καὶ
746 4022 919 4101 ὀλλυμένων
953 4042 983 4108 p.
1012 4024 1089 4088 340.
1127 4026 1164 4087 51
1206 4026 1238 4084 et
1272 4020 1348 4083 344.
1384 4018 1439 4084 39.

255 4127 396 4215 [lsnrpat
426 4134 516 4207 κῶμα
548 4149 580 4215 p.
607 4131 684 4194 334.
712 4133 755 4195 30
789 4135 820 4194 et
853 4130 929 4194 373.
962 4132 1004 4194 44
1036 4135 1067 4192 et
1091 4128 1167 4200 θῶας
1193 4146 1223 4212 p.
1246 4127 1323 4192 337.
1350 4129 1393 4192 30
1410 4132 1444 4190 et

253 4234 400 4314 πύματον
427 4231 519 4299 ὕπνου
550 4254 580 4320 p.
603 4237 681 4300 258.
714 4236 733 4299 4
766 4241 799 4299 et
829 4231 909 4298 ἔνθεν
932 4232 1006 4298 ἑλών
1029 4253 1060 4318 p.
1082 4236 1159 4299 307.
1190 4236 1264 4298 Hel
1285 4231 1443 4311 ἐγυμνώθη

253 4346 312 4408 τῶν
334 4338 593 4419 ἐπιβεβλημένων
622 4343 719 4422 ῥακῶν
750 4358 782 4424 p.
798 4342 873 4404 333.
895 4340 949 4403 22.
993 4337 1097 4405 Senam
1117 4356 1245 4426 quoque
1268 4354 1343 4403 cum
1375 4337 1445 4423 ipso

255 4446 393 4514 Homero
430 4444 624 4513 contendere
665 4444 747 4511 velle
789 4442 937 4524 ridetur,
973 4452 1047 4512 oter
1087 4443 1267 4533 elegantius
1304 4440 1443 4517 scribat,
