3296 5022
627 368 670 413 sn
694 365 960 414 rusorsnssruu.
1348 349 1389 415 35

191 539 237 601 sic
260 538 348 601 enim
370 536 532 603 fastidiose
555 544 587 602 et
612 539 801 603 contemtim
831 537 914 603 dixit
943 560 1005 604 non
1032 540 1116 624 quod
1149 541 1255 605 editur
1277 540 1386 617 σκέψει

189 643 221 705 πθ
244 640 312 720 περὶ
336 646 411 718 ποῦς

234 746 360 812 Diserte
383 746 613 824 βονλεθῦεσθαν
630 749 665 812 in
682 746 828 815 Parisino
849 750 879 813 A
902 751 1057 835 scriptum
1079 755 1144 815 est:
1169 750 1196 815 B
1220 773 1295 816 cum
1314 752 1386 818 vul-

190 857 267 940 gata
290 856 457 919 consentit.
494 852 635 939 Uterque
658 854 841 933 σκέψεσθαι
865 854 962 921 habet
984 855 1143 923 tralaticio
1166 878 1277 923 errore.

232 1064 314 1132 Ibid.
338 1065 391 1132 καὶ
423 1068 486 1143 μην
507 1066 541 1132 οὐ
573 1069 679 1131 ταῦτα
710 1065 783 1146 πρὸς
815 1067 871 1147 ἐμὲ
901 1065 1032 1150 διεξῄει.
1071 1107 1114 1119 -
1148 1067 1253 1137 θπΩΟ
1283 1072 1315 1138 δὲ
1338 1072 1383 1138 σοὶ

187 1172 329 1248 οῖπνςνὶσω
354 1173 508 1249 εἶέκείνου
532 1178 682 1252 navarus
712 1174 913 1260 ἀποροῦμαι]
954 1172 1164 1241 Scribendnm
1191 1179 1223 1242 οὐ
1248 1179 1383 1243 παύσθε

185 1278 259 1356 πρὸς
282 1279 356 1357 έμέ,
390 1286 423 1346 et
445 1282 693 1345 ‘onoTePON
717 1280 748 1344 a
772 1280 818 1345 rot
841 1281 995 1356 οὶπνςθσον.
1040 1281 1112 1347 Non
1140 1288 1188 1351 est
1211 1287 1297 1349 enim
1324 1287 1381 1349 Ac

185 1386 250 1450 tica
272 1388 460 1471 compositio
483 1386 583 1467 οὶποοῶ
610 1386 808 1473 (θποροῦμαν)
834 1382 913 1461 ὅπως
940 1424 983 1437 -
1007 1389 1046 1464 ἥ,
1071 1389 1126 1455 sed
1149 1390 1272 1471 strepas
1295 1392 1322 1475 (θ
1351 1392 1379 1456 θ·

184 1491 280 1579 τερον)
307 1529 350 1543 -
374 1491 401 1567 ἥ.

228 1647 311 1739 Ibid.
335 1673 410 1738 ἀλλ’
434 1668 488 1754 θρα
516 1675 561 1752 μη
588 1674 625 1739 σὺ
650 1675 761 1739 θοῖππον
792 1675 942 1761 mestus]
977 1675 1071 1742 Nihil
1095 1677 1173 1742 haec
1195 1677 1317 1743 faciunt
1340 1680 1379 1745 ed

182 1800 260 1845 rem.
297 1778 456 1865 Equidem
483 1780 535 1844 πθν
565 1778 670 1860 εθμοννα
705 1778 822 1846 dixisse
854 1783 1014 1868 suspicor:
1047 1777 1100 1863 θρα
1130 1785 1175 1861 μη
1206 1786 1243 1849 σὺ
1269 1786 1379 1850 θοῖπτον

182 1885 406 1955 Ἐπθεενῦλί.
441 1884 597 1964 Fortasse,
622 1888 741 1973 inquit,
766 1894 800 1952 tc
815 1889 924 1972 μοαθὼ
942 1889 1032 1953 sitim
1053 1890 1125 1954 θοοο
1145 1913 1216 1954 ocra
1235 1913 1295 1955 esse
1317 1915 1377 1955 ονε-

181 1992 305 2071 edors,
329 1992 451 2059 idest:
474 1992 615 2078 sortasse
640 1993 785 2059 sibilent
815 1995 850 2058 ν’νν
871 1995 920 2059 ονε
942 1996 1016 2060 ceri.
1060 1994 1114 2063 Sic
1145 1998 1232 2063 enim
1263 1996 1374 2079 εἴρωνες

181 2100 365 2165 etiamnunc
388 2102 497 2163 emant
519 2097 631 2165 dicere.

226 2276 303 2366 Gap.
327 2277 368 2345 Π.
393 2277 576 2352 Κολανεθας.

226 2384 279 2450 riv
303 2381 334 2449 δέ
359 2382 482 2450 νθλακα
505 2385 638 2452 πονοῦπθν
661 2409 730 2452 σενα
754 2385 811 2455 θςε
836 2388 1033 2481 πομενθμςνον
1057 2387 1129 2467 ἅμα
1158 2393 1254 2456 εἰπεῖν
1280 2378 1372 2468 ,,έΕν·

179 2492 258 2574 θυμῇ
283 2492 321 2564 cic
346 2491 561 2570 οὶποβλέπονσν
595 2492 668 2573 πρὸς
701 2493 735 2557 σέ
763 2495 789 2560 οἱ
821 2493 986 2576 abrincam
1017 2486 1106 2561 τοῦτο
1137 2520 1150 2560 ο

176 2606 216 2678 πῇ
240 2596 329 2663 πθλεν
353 2598 499 2676 νθννεπαν
523 2600 604 2674 πλην
629 2597 646 2673 ἢ
671 2600 743 2685 rot]
786 2598 926 2686 Uterque
949 2601 1031 2668 liber
1061 2599 1133 2677 ἅμα
1163 2602 1370 2682 πορενθμενον.

176 2702 262 2769 Tum
292 2705 430 2773 circense!
460 2705 662 2770 scribendum
693 2705 845 2782 ένθνμΕΙ,
882 2713 914 2771 θῖ
947 2706 1179 2785 ἀποβλέπουσιν
1213 2717 1282 2774 EIC
1317 2709 1370 2784 σε’,

175 2815 213 2877 ut
234 2812 393 2876 usitatum
416 2814 464 2875 θεῖ
487 2809 599 2876 dicere.
634 2807 683 2876 Cf.
707 2831 773 2897 cap.
798 2811 886 2877 idem
908 2812 967 2877 sub
986 2810 1099 2893 tinem:
1125 2814 1177 2878 καὶ
1202 2823 1268 2880 Elc
1291 2816 1366 2880 ἐκεῖ·

174 2938 221 2980 νον
252 2914 442 2994 ἀποβλέπον
465 2922 528 2987 σοῖς
558 2913 667 2988 ἄλλοις
697 2922 824 2994 λαλεῖν,
856 2922 889 2982 et
909 2919 1030 3004 passim
1057 2917 1144 2985 olibi.
1187 2919 1225 2984 In
1256 2918 1370 2988 fineA

174 3021 303 3087 exhibet
325 3023 405 3095 πλην
431 3021 447 3098 η
473 3021 538 3099 roi,
562 3020 600 3085 B.
624 3020 742 3087 melius
765 3024 845 3096 πλην
872 3022 928 3087 σοθ.

218 3217 389 3294 ηθδοκθμεα
411 3218 487 3300 χθές
511 3219 541 3283 έν
564 3229 604 3300 σῇ
628 3225 700 3304 ςοᾷ·
726 3218 871 3285 πλενθνενν
894 3220 957 3300 ναν
985 3218 1178 3301 ἣπμθκονπ*
1209 3223 1367 3304 ανθρώπων

171 3323 347 3403 καθημένων
370 3324 423 3388 καὶ
455 3324 641 3402 ἐμπεσόντος
665 3324 760 3405 λόγον
787 3326 835 3397 ric
867 3324 911 3400 sin
937 3326 1082 3405 βέλπνςος
1114 3330 1170 3393 οὶπ·
1195 3314 1291 3395 αὑτοῦ
1315 3332 1365 3409 rip-

170 3428 321 3506 ξαμένονς
346 3430 469 3504 πθνπας
494 3433 545 3496 rx}
578 3432 613 3497 πθ
644 3431 738 3509 θνομα
770 3436 866 3498 αὐτοῦ
899 3435 1149 3520 κατενεχθῆναι]
1192 3437 1366 3522 Apparebit

169 3536 287 3602 melius
308 3537 462 3602 mendum
485 3540 520 3602 in
544 3539 595 3604 his
618 3540 725 3604 verbis
750 3538 853 3603 latens
876 3541 904 3602 si
926 3543 1048 3604 rectam
1079 3541 1254 3604 orationem
1277 3563 1363 3625 repo-

169 3645 280 3708 suetis.
314 3641 471 3708 Adulator
492 3645 560 3730 ipse
583 3647 630 3709 ita
653 3644 792 3709 dixerat:
819 3643 1004 3722 ἐμπεσόντος
1029 3643 1124 3722 λθνον
1148 3646 1194 3716 τίς
1219 3644 1264 3719 εἴη
1287 3646 1363 3723 βέλ-

168 3771 252 3821 πνςος
275 3749 334 3813 ἀπ’
356 3750 489 3814 ἘΜΟΤ
515 3748 680 3830 οὶρξοὶμενον
706 3750 822 3821 παντες
846 3750 897 3814 ἐπὶ
926 3751 960 3815 σὲ
984 3749 1236 3828 κατηνέχθησαν,
1260 3751 1293 3816 id
1316 3759 1365 3817 est

168 3858 244 3921 noto
265 3855 510 3921 Atheniensium
532 3876 611 3933 usu,
636 3856 770 3927 πάντες.
795 3856 855 3934 ἐγὼ
874 3856 906 3920 δὲ
931 3862 1045 3936 πρῶτος
1070 3855 1227 3921 οὶπθντων.
1251 3855 1362 3943 Itaque

63 4002 70 4009 -
169 3960 409 4046 corrigendum:
434 3962 494 4026 οῖΦ*
517 3961 612 4025 αὑτοῦ
636 3960 823 4042 ἀρξαμένους
848 3959 982 4033 πάντας.

214 4064 381 4131 Praeterea
409 4087 466 4152 pro
488 4065 663 4143 καθημένων
694 4067 816 4132 dedisse
846 4066 1101 4153 Theophrastum
1128 4068 1167 4132 de
1197 4088 1286 4133 mose
1309 4089 1359 4133 su·

168 4173 272 4258 spicor
296 4171 570 4250 ΣΤΓκαθημένον,
602 4173 686 4258 quod
708 4194 833 4258 semper
858 4175 988 4259 ponitur
1016 4173 1055 4238 de
1084 4175 1126 4239 iis
1149 4175 1204 4260 qui
1227 4196 1291 4241 una
1313 4196 1359 4241 se

168 4277 279 4344 dentes
299 4280 383 4344 inter
405 4299 438 4344 se
461 4278 711 4346 confabulantur.

217 4458 297 4525 Ibid.
329 4461 381 4527 καὶ
405 4460 549 4541 λένονποε
580 4462 612 4528 δέ
642 4464 739 4529 αὐτοῦ
767 4487 797 4527 τε
823 4461 893 4535 ποὺς
920 4460 1037 4538 ἄλλους
1068 4468 1187 4530 σνοπᾶν
1213 4469 1360 4530 κελεῦσαι
