3340 5014
628 355 802 402 rarsnsonn
828 355 1014 402 arnesriet.
1352 335 1416 399 335

273 521 310 587 in
331 521 372 587 iis
392 540 474 610 qnae
493 523 648 590 continno
672 533 853 609 sequnntur
869 523 984 591 iaenna
1001 531 1122 591 temere
1141 521 1267 610 expiata
1285 538 1412 588 omnem

226 625 440 714 pernegantis
465 630 670 717 metaphorae
690 630 828 716 gratiam
854 650 890 696 ae
910 639 1112 696 venustatem
1133 625 1278 695 funditus
1298 626 1416 694 evertit

225 741 258 798 ei
283 732 436 819 perdidit:
470 737 487 810 ιί
514 736 578 815 γὰρ
602 737 633 801 έν
655 737 697 816 τῷ
729 743 825 801 ποιεῖν
846 735 989 818 εὐχέρεια
1013 737 1064 802 καί
1088 734 1234 818 ταχύτης
1258 737 1312 800 οὐκ
1336 733 1411 799 έντί·

226 840 292 914 tan
326 836 422 920 βοίρος
456 838 534 922 έρχιρ
567 840 694 919 μίνιμον
721 841 787 906 οὐδέ
818 841 954 915 κάλλους
984 842 1164 923 ἀκρίβειαν·
1198 838 1263 904 ὅδ’
1290 840 1333 913 είς
1357 838 1413 913 την

225 943 345 1022 γένεσιν
378 946 421 1026 τῷ
452 942 531 1027 πίνῳ
562 953 910 1013 ΠΡΟΔΑΝΕΙΟΘΕΙΟ
940 947 1046 1030 χρίνος
1078 949 1110 1012 έν
1139 955 1179 1029 τῇ
1203 945 1336 1027 σωτηρία
1359 932 1413 1008 τοῦ

226 1050 633 1129 χενομένονΤεΝεοτεΝ
656 1052 847 1119 deeidam.
883 1051 965 1133 Quid
986 1063 1034 1119 est
1054 1048 1292 1140 supplendum?
1329 1047 1412 1130 Quid

228 1154 355 1221 tandem
381 1150 594 1222 detineant
617 1158 837 1239 προδανεισθεὶς
855 1157 982 1240 χρόνιοί
1008 1156 1090 1239 Quid
1111 1156 1197 1224 aliud
1219 1175 1315 1243 qutun
1339 1153 1415 1220 reii-

228 1280 290 1348 qna
320 1262 427 1326 nnrnia
458 1262 675 1344 δανείσματα,
702 1284 816 1352 nempe
847 1268 975 1351 foenus,
1008 1285 1147 1330 annam.
1196 1263 1417 1329 destituemus

227 1367 329 1450 igitur
344 1364 507 1433 Plutarchi
527 1377 762 1435 mananoN
786 1377 938 1436 ΤΟΚΟΝ
957 1370 1141 1436 ἀποδίδωσιν
1158 1378 1187 1436 et
1204 1368 1339 1435 snioiurn
1357 1367 1412 1452 qui

225 1478 319 1536 ΤΗΝ
339 1481 468 1539 lcx'rN
493 1473 699 1560 suppleverat
721 1473 880 1541 facessere
904 1474 1084 1542 iubeamus.

272 1619 307 1685 ln
331 1641 401 1708 cap.
431 1626 481 1688 15.
513 1623 701 1703 Μεταγένης
732 1625 747 1690 ί
783 1623 980 1700 Ξυπέτιος
1016 1627 1051 1692 τὸ
1083 1625 1226 1708 διοίξιομα
1257 1624 1309 1690 καί
1341 1624 1412 1696 τοὺς

226 1724 287 1791 dan
310 1728 412 1801 κίονας
446 1727 590 1805 ἕπίτησε.
640 1727 823 1795 iieddaraus
854 1728 971 1796 artifici
1001 1751 1097 1797 suurn
1130 1731 1223 1811 δῆμον
1246 1727 1415 1795 scribendo

224 1832 415 1911 Μεταγένης
435 1834 449 1899 ί
470 1836 697 1912 Ξοπεταοίν,
722 1855 917 1921 quarrrquanr
941 1835 1081 1903 nonduin
1095 1846 1145 1903 eat
1164 1836 1269 1902 omnis
1288 1842 1414 1902 exemia

227 1936 387 2004 dubitatio
422 1940 506 2006 sitne
538 1941 704 2009 Ξυπεταιών
727 1959 767 2007 au
795 1979 841 1991 —
865 1942 937 2006 αιοίν
971 1961 1011 2007 an
1032 1979 1077 1991 —
1102 1942 1156 2007 ειίν
1187 1937 1415 2017 scribendum,

228 2052 355 2120 tamen,
381 2043 511 2153 τοίχοιο
535 2044 629 2113 tentio
652 2047 797 2122 Ξυπέτιος
822 2034 991 2113 manifesto
1015 2044 1166 2113 mendosa
1191 2057 1249 2113 est.

272 2209 505 2296 Lepidissimus
528 2211 652 2278 Cratini
678 2186 877 2300 incnffitnrpi
903 2213 981 2278 vitio
1007 2214 1195 2298 inquinatus
1220 2214 1415 2279 circumam-

228 2314 317 2383 hntat
341 2335 411 2402 cap.
439 2323 490 2382 13.
516 2325 662 2400 Κρατῖνος
686 2318 717 2383 έν
739 2318 898 2403 Θρᾴτταις
923 2319 1028 2401 παίζει
1051 2320 1124 2399 πρὸς
1147 2319 1260 2384 αὐτίν·

477 2424 491 2488 d
514 2423 742 2507 σχινοκέφαλος
766 2425 844 2498 Ζεὺς
864 2419 915 2492 tte
941 2424 1144 2507 προσέρχεται

475 2528 642 2611 Περικλέης
664 2529 785 2612 τῷδείον
808 2530 859 2596 ἰπὶ
883 2536 937 2597 τοῦ
961 2531 1080 2612 κρανίον

477 2631 557 2715 έχων
579 2634 686 2710 teani
707 2634 872 2717 τοῦερακον
894 2637 1095 2717 παροίχεται.

274 2739 450 2806 iieineitius
481 2747 516 2804 ut
549 2748 688 2806 metrum
720 2741 906 2807 restitueret
940 2740 986 2807 ίδί
1016 2748 1048 2806 et
1079 2739 1282 2823 ίΠεριιιηέης
1305 2738 1414 2819 dedit,

229 2843 349 2911 irnstra
375 2854 560 2931 utrumqne
609 2845 658 2911 Tu
682 2865 757 2912 vern
780 2845 876 2912 rerba
903 2854 1014 2933 poetae
1039 2846 1086 2911 sie
1110 2847 1288 2913 constitue:

656 2952 671 3017 ί
693 2952 923 3035 σχινοκέφαλος
947 2951 1024 3025 Ζεὺς
1049 2947 1102 3017 tis

476 3056 698 3140 προσέρχεται,
721 3056 843 3140 τῴδεῖον
866 3057 917 3124 ἐπὶ
940 3064 995 3124 τοῦ
1016 3058 1138 3140 κρανίον

477 3161 559 3245 ἔχειν
581 3163 686 3240 dandi
709 3164 876 3246 τοῦερααον
902 3163 1100 3247 παροίχεται.

273 3269 352 3351 Quis
375 3286 438 3334 nnn
461 3267 647 3335 admonitus
671 3271 860 3356 praesertim
886 3273 986 3337 sentit
1008 3288 1106 3357 quam
1130 3268 1218 3336 fatue
1242 3276 1274 3335 et
1294 3265 1416 3334 tnsutse

226 3374 392 3458 Περικλέης
422 3376 465 3441 sit
495 3375 643 3442 additum
674 3384 746 3462 posi
776 3377 1040 3459 ίσχινοκέΦαλος
1065 3377 1142 3450 Ζεὺς
1165 3372 1237 3455 tis,
1264 3374 1318 3441 ent
1347 3392 1415 3461 pat·-

227 3491 360 3548 snnatua
385 3481 524 3548 Pericles
547 3483 582 3546 in
606 3481 734 3548 seenarir
760 3480 897 3567 prodiit?
933 3481 973 3548 Et
997 3481 1070 3567 qrris
1092 3500 1153 3546 nnn
1178 3481 1327 3548 meminit
1347 3498 1417 3545 sex·

226 3589 348 3654 aeetias
372 3605 390 3653 a
414 3585 522 3653 scintis
554 3589 684 3653 nomina
712 3589 842 3673 propria
874 3585 990 3672 frigide
1014 3594 1045 3652 et
1077 3585 1205 3653 infleete
1228 3584 1416 3673 interpolari

227 3691 349 3760 anienai
390 3691 487 3759 iinita
518 3693 616 3759 etiam
650 3691 734 3779 apud
768 3692 977 3759 Pintarrirnm
1003 3691 1100 3758 iuius
1123 3690 1248 3759 fraudis
1271 3690 1416 3778 exempta

228 3796 454 3884 reperiuntur,
479 3814 617 3884 quornm
642 3814 744 3863 nnnnr
769 3792 926 3884 proteram
953 3799 985 3863 in
1012 3796 1070 3864 irae
1095 3800 1163 3884 ipsa
1189 3799 1254 3863 rita
1277 3796 1310 3862 in
1333 3798 1415 3866 Cra·

228 3900 287 3968 tini
311 3902 458 3970 versibus
481 3902 584 3969 latens
602 3923 671 3990 cap.
697 3907 750 3969 24,
769 3904 901 3990 Aspasia
910 3900 926 3980 ‚'
945 3904 1070 3990 inquit,
1097 3905 1128 3969 ἐν
1146 3912 1219 3976 ταῖς
1242 3902 1414 3986 κωμῳδίαις

226 4007 386 4093 ὀμφοίλη
417 4033 453 4075 τε
481 4010 534 4076 νέα
565 4009 618 4075 καὶ
651 4007 819 4090 Δηϊάνειρα
845 4010 899 4075 καί
922 4008 1020 4076 πάλιν
1040 4008 1123 4091 Ἥρα
1145 4008 1414 4091 προσαγορεύεται.

226 4123 373 4198 Κρατίνςς
396 4118 422 4182 δ’
445 4114 586 4197 ἄντικρυς
610 4116 780 4191 παλλακὴν
801 4116 900 4191 αὐτην
923 4112 1038 4196 είρηκεν
1061 4116 1100 4199 έν
1115 4117 1233 4190 τούτοις

518 4220 618 4305 Ἦραν
640 4220 675 4286 τέ
700 4222 725 4287 oi
753 4219 960 4308 [Ἀσπασίαν]
986 4220 1086 4288 τίκτει

523 4325 785 4407 neamenim
807 4326 977 4404 natantia
1001 4328 1164 4396 ιιννέιπιδα.

223 4475 228 4488 ·
275 4430 310 4499 ln
336 4431 387 4499 iris
409 4450 514 4519 neque
529 4434 627 4500 matri
651 4433 832 4500 retineatis
851 4440 977 4501 nonant
1003 4452 1106 4521 neque
1126 4435 1319 4502 sententiae.
1353 4434 1418 4502 flea
