3296 5022
301 305 342 369 18
792 317 1003 366 ruucrurum.

301 492 341 556 ad
372 489 452 563 πολὺ
485 486 628 565 ἐπέφερε.
678 484 835 570 Equidem
865 487 943 570 quid
972 490 1014 552 sit
1044 489 1198 575 ὑπερβολὴ
1229 492 1281 552 τοῦ
1313 490 1486 555 καινοῦσθαι

302 597 360 671 τὰς
378 594 511 665 διανοίας
531 612 593 655 uon
605 589 761 676 intelligo,
782 589 898 657 Sensus
917 596 980 659 est:
1004 596 1174 677 praeterita
1192 591 1296 657 civilis
1315 591 1488 659 discordiae

303 698 448 782 exempla
477 716 633 782 magnum
664 698 864 759 momentum
894 696 1041 761 habuisse
1057 694 1107 763 'ad
1129 696 1298 763 mutandas
1319 696 1487 761 homiuum

301 810 432 877 mentes.
466 802 500 865 τὸ
532 803 558 865 δ’
582 800 768 875 ἐμπλήκτως
799 800 851 878 ὀξὺ
882 797 985 880 ἀνδρὸς
1008 800 1099 881 μοίρᾳ
1121 800 1282 880 προσετέθη
1313 802 1389 865 satis
1418 820 1486 884 per·

302 910 448 994 spicuam
471 908 533 975 nisi
555 904 639 988 quod
657 904 795 982 usipetes
813 908 1002 987 praestaret,
1026 907 1176 988 quoniam
1195 904 1233 970 de
1251 904 1417 969 αοιαίαίίιιι
1433 904 1486 967 hio

301 1016 418 1099 agitur.
449 1009 513 1081 Sed
533 1008 610 1093 quid
629 1014 676 1073 est
695 1006 860 1088 νὶτφοίλεια
884 1008 916 1075 δὲ
938 1007 1005 1088 <rel
1022 1014 1060 1073 ut
1077 1014 1125 1081 est
1145 1006 1175 1075 G
1193 1007 1360 1090 οὶπφαλεία
1382 1006 1426 1092 δὲ)
1449 1010 1485 1073 τὸ

301 1114 575 1195 ἐπιβοωλειίτεοίαι
599 1113 774 1192 οίποτροπίρρ
799 1112 953 1194 πρόφασις
974 1112 1109 1191 εὔλογος.
1157 1113 1305 1181 Primum
1322 1112 1486 1179 credebam

300 1223 399 1291 latere
430 1222 465 1285 in
491 1218 543 1285 his
572 1221 626 1283 τοῦ
648 1216 899 1294 ἐπιβουλεύεσθαι
922 1218 1094 1296 οίποτροπιί,
1126 1238 1206 1302 quae
1228 1220 1398 1302 interprete
1423 1237 1485 1281 nou

303 1330 415 1411 egent,
447 1324 699 1404 sententiamque
721 1321 905 1387 huiusmodi
931 1321 1141 1405 quaerendam
1164 1322 1357 1407 „prudentia
1378 1327 1486 1389 autem

302 1450 382 1513 quae
403 1430 437 1490 in
461 1425 632 1491 avertenda
656 1425 765 1491 fraude
787 1431 931 1493 versatur
953 1428 1093 1511 speciosa
1114 1428 1274 1491 excusatio
1296 1425 1486 1495 habebatur''

301 1536 333 1597 h.
358 1554 385 1597 e.
416 1531 642 1595 existimabant
669 1550 722 1594 eos
752 1532 808 1614 qui
838 1550 871 1594 se
901 1530 1124 1601 tantummodo
1153 1531 1193 1595 ab
1222 1532 1347 1594 iniuriis
1378 1549 1487 1596 carere

301 1638 455 1711 dicerent,
488 1653 616 1698 oausam
646 1632 738 1698 iilam
768 1633 893 1697 insidiis
923 1653 1001 1717 quas
1036 1637 1096 1719 ipsi
1118 1639 1274 1698 struerent
1295 1639 1485 1717 praetexere.

302 1740 365 1804 Sed
395 1739 522 1816 εὔλογος
554 1757 616 1802 nou
646 1735 733 1800 idem
763 1740 812 1800 est
841 1736 1117 1820 quadriremis,
1147 1759 1248 1823 neque
1270 1738 1418 1803 honestae
1440 1741 1486 1801 rei

301 1846 469 1909 honestum
492 1862 608 1905 nomen
632 1841 814 1925 imposituri
836 1848 924 1904 erant
947 1842 997 1904 iili
1020 1844 1075 1925 qui
1095 1843 1147 1907 hic
1163 1842 1388 1929 depinguntur.
1423 1842 1487 1927 lgi-

302 1956 356 2017 tur
386 1946 450 2011 alio
480 1945 719 2030 confugiamus,
754 1943 981 2029 videamusque
1014 1949 1156 2030 primum
1185 1952 1296 2013 utrum
1324 1950 1487 2030 sequentia

302 2056 387 2119 recte
417 2053 511 2132 atque
541 2049 649 2112 ordine
677 2048 855 2131 procedant.
887 2050 938 2111 καὶ
963 2050 977 2112 ὁ
999 2051 1056 2125 μὲν
1079 2050 1280 2129 χαλεπαίνων
1303 2051 1391 2129 meu
1414 2052 1485 2127 ιὶεί,

303 2157 318 2218 ο’
340 2153 367 2216 δ’
390 2152 561 2231 ἀντιλέγων
583 2153 666 2233 αὐτῷ
689 2148 833 2223 ὕποπτος.
881 2150 985 2232 Quid?
1008 2174 1116 2218 omnes
1138 2156 1164 2243 οί
1187 2156 1433 2235 χαλεπαίνοντες
1454 2162 1488 2220 et

303 2259 415 2342 quavis
439 2256 477 2321 de
499 2254 553 2320 rei
577 2277 616 2320 au
639 2257 694 2338 qui
717 2276 840 2340 semper
861 2260 1002 2341 prompti
1024 2264 1113 2322 erant
1135 2259 1175 2323 ad
1193 2261 1397 2327 inimicorum
1416 2280 1487 2324 eon-

303 2361 377 2427 silia
398 2357 626 2445 improbando?
649 2358 768 2441 Quidni
790 2362 892 2446 igitur
914 2360 1076 2448 legamus:
1101 2364 1266 2446 οὶσφαλείρι
1288 2364 1321 2429 δὲ
1344 2369 1397 2429 τοῦ
1421 2365 1485 2429 ἐτι·
1508 2376 1516 2387 ’

304 2465 505 2544 βουλεύεσθαι
528 2466 704 2542 ρὶποτροπῆρ
722 2464 809 2541 ὃμὲν
827 2467 1030 2545 χαλεπαίνων
1048 2469 1155 2544 πισός,
1177 2470 1191 2533 ί
1210 2468 1238 2532 δ’
1252 2469 1300 2533 ciri
1317 2469 1486 2546 ἀντιλέγων

302 2567 459 2644 inaurari
483 2569 546 2634 sed
568 2569 645 2654 quid
664 2568 702 2634 de
722 2566 876 2648 πρόφασις
898 2569 1026 2649 εὔλογος
1046 2569 1120 2636 fieti
1143 2573 1257 2638 Nescio
1275 2579 1307 2638 et
1325 2576 1359 2637 in
1380 2572 1487 2638 medio

305 2675 458 2760 relinquo.
506 2678 629 2746 ’Λπλῶτ
652 2673 684 2738 δὲ
708 2674 721 2737 i
744 2672 868 2754 Φίοίοαρ
898 2677 950 2740 τὸν
971 2675 1127 2752 μέλλοντα
1151 2677 1245 2742 κακόν
1268 2702 1297 2742 τι
1321 2679 1392 2757 δρᾶν
1414 2678 1493 2759 irp-

306 2775 600 2863 νεαρ-(9111111111
623 2798 725 2843 nonne
747 2798 855 2843 omnes
877 2780 962 2844 idem
985 2779 1154 2860 facerenti)
1176 2782 1228 2845 καί
1249 2782 1263 2845 ὅ
1284 2783 1486 2857 ἐπικελεύσας

304 2888 355 2949 τὸν
383 2886 427 2960 μὴ
456 2881 676 2959 διανοούμενον,
724 2885 821 2967 Atqui
852 2883 926 2948 talis
955 2885 1051 2950 homo
1079 2906 1119 2949 ue
1148 2887 1329 2953 adustioris
1358 2888 1487 2973 quidem

305 2989 464 3053 laudatur.
511 2986 582 3051 Hoc
605 2988 736 3052 demum
759 2990 867 3059 ἁπλῶς
891 2995 922 3078 et
944 3005 1018 3053 rere
1038 2990 1210 3055 diceretur:
1240 2991 1254 3055 t
1277 2991 1404 3072 φίιίπας
1427 3017 1484 3058 κα·

306 3091 357 3157 νίν
380 3115 410 3154 τι
434 3091 504 3167 δρῶν
527 3091 664 3171 drausius
696 3091 746 3155 καί
771 3091 964 3163 ε’πικωλιίοας
989 3092 1040 3156 τὸν
1063 3094 1106 3169 μίν
1130 3094 1344 3171 διανοούμενον.
1381 3096 1482 3173 ,Ηλιιᾶ

307 3197 428 3259 mirum
450 3196 478 3257 si
500 3195 533 3256 in
556 3192 614 3257 tali
634 3195 762 3259 civitate
784 3194 819 3257 τὸ
842 3195 991 3273 ξυγγενὲς
1013 3202 1066 3260 τοῦ
1086 3197 1234 3276 ἑταιρικοῦ
1254 3203 1486 3280 ἀλλοτριώτερον

306 3300 446 3376 ἐγένετοτ
478 3296 561 3361 iliud
593 3299 732 3373 mirum,
763 3318 891 3362 oausam
920 3300 1016 3365 huius
1044 3304 1230 3367 mutationis
1259 3303 1356 3369 fuisse
1379 3305 1429 3369 int
1452 3306 1487 3370 τὸ

306 3403 493 3481 ἑτοιμότερον
515 3398 590 3467 εἶναι
613 3403 834 3483 ἀπροφαοίςωρ
861 3408 999 3481 τολμᾶν,
1023 3409 1068 3470 sic
1091 3410 1176 3470 enim
1199 3407 1283 3493 apud
1305 3408 1489 3474 Bekkerum

305 3508 396 3593 lego,
421 3527 522 3590 neque
545 3505 632 3572 aliud
655 3507 828 3593 quidquam
848 3504 977 3575 Codices
993 3510 1182 3594 praeferunt.
1218 3510 1280 3576 Sed
1296 3533 1358 3577 non
1376 3514 1489 3578 dubito

306 3614 382 3695 quin
415 3610 471 3675 alii
501 3610 652 3688 editores,
687 3633 764 3695 quos
794 3611 940 3677 lubenter
962 3612 1156 3678 consulerem
1178 3618 1205 3679 si
1229 3616 1268 3681 ad
1286 3637 1420 3681 manum
1442 3637 1489 3681 es

305 3721 390 3793 seut,
412 3734 522 3809 reram
541 3714 710 3779 lectionem
728 3717 954 3797 οὶνετοιριιίτερον
973 3718 1150 3784 exhibeant.
1181 3720 1218 3785 In
1237 3721 1343 3786 media
1359 3720 1487 3799 tabula,

306 3840 385 3903 quae
408 3819 499 3883 uobis
522 3819 640 3884 iudicia
662 3840 827 3905 moresque
846 3841 973 3900 eorum,
997 3825 1052 3906 qui
1071 3844 1108 3888 ea
1126 3830 1227 3889 aetate
1242 3846 1310 3889 rem
1325 3825 1489 3909 pubbcam

253 3976 256 3981 ,
305 3924 522 4007 capessebant,
557 3924 732 3989 advirum
755 3930 981 4010 repraesentat,
1013 3928 1217 4011 interpositus
1240 3937 1287 3995 est
1309 3933 1490 3997 communis

304 4026 392 4091 loeus
412 4029 444 4092 οὐ
464 4027 526 4107 γὰρ
545 4028 631 4105 perd
650 4035 707 4092 τῶν
728 4031 871 4105 κειμένων
891 4029 986 4107 νόμων
1005 4031 1142 4111 ὠφελίας
1163 4036 1196 4098 αἱ
1216 4039 1359 4099 τοιαῦται
1374 4032 1487 4111 ξύνοδοι

304 4137 396 4210 (anne
419 4130 535 4211 ξύνοδος
559 4132 645 4196 idem
669 4140 715 4195 est
739 4134 822 4218 quod
845 4131 969 4213 ςοίοιςί)
1000 4136 1088 4201 οίλλοὶ
1111 4138 1197 4219 παρὰ
1218 4139 1288 4212 τοὺς
1310 4141 1489 4210 καίετῶτας

302 4233 477 4310 πλεονεξία.
524 4235 627 4301 istene
657 4258 713 4320 pro
744 4237 958 4323 Thucydideis
981 4239 1155 4305 venditari!
1192 4242 1271 4308 Vide
1295 4264 1391 4327 quam
1414 4250 1489 4326 apts
