3276 5006
302 338 366 406 130
696 363 738 408 en
762 360 919 410 rannerus
941 360 1093 410 conans.

158 527 168 536 “
298 530 390 592 utin
414 525 527 607 Gorpe‘c
544 550 618 618 pag.
634 531 875 631 titalecta'er
894 530 987 602 οὕτως
1007 530 1106 610 ἔχειν.
1128 536 1162 596 at
1180 534 1264 596 reete
1281 549 1355 617 pag.
1369 525 1445 593 514.
1459 544 1491 591 n.

301 637 410 709 Φῶμεν
434 635 528 697 ταῦτ’
551 636 637 715 ὀρθῶς
665 637 811 715 λέγεσθαι
836 637 853 713 έν
878 638 929 716 οὕς
954 642 987 703 et
1009 639 1135 722 saepius
1157 634 1245 701 alibi.

346 736 382 802 Si
405 738 477 823 quis
498 740 582 806 mihi
604 741 685 808 forte
707 742 933 808 contradixerit
954 742 1128 828 producam
1150 746 1267 807 testem
1284 738 1434 804 idoneum
1456 758 1495 803 ao

299 839 361 908 fide
392 844 538 932 dignum.
586 846 669 913 Sunt
701 847 852 913 Aristidis
882 849 1039 913 orationes
1068 852 1204 933 quatuor
1225 845 1362 929 scriptae
1383 848 1495 909 contra
1617 844 1618 921 ἶ

297 946 442 1016 Platonis
474 951 633 1033 θαρίσνι,
665 954 699 1018 in
726 953 843 1039 quibus
872 952 1026 1037 permulti
1046 952 1111 1019 loci
1133 973 1172 1019 er
1194 949 1252 1017 illo
1274 948 1411 1036 Dialogo
1433 953 1495 1014 aut

299 1053 416 1135 duerte
447 1054 622 1123 laudantur
655 1064 712 1125 aut
733 1079 752 1125 a
773 1058 908 1124 mundo
940 1058 1079 1125 Rhetore
1109 1063 1275 1142 tamqnam
1304 1053 1427 1120 flosculi
1458 1056 1494 1119 in

298 1179 391 1225 suam
414 1163 590 1228 orationem
613 1162 775 1252 eleganter
796 1166 993 1229 intexuntur.
1028 1161 1098 1228 Iam
1117 1163 1193 1228 audi
1210 1161 1295 1228 mihi
1314 1159 1493 1226 Aristidem

299 1264 391 1330 Pom.
415 1266 456 1332 Π.
480 1288 553 1356 pag.
579 1266 655 1334 384.
681 1264 734 1348 ὅρα
758 1272 802 1347 μέν
826 1269 978 1350 παέζσνσα
1002 1272 1127 1346 μᾶλλον
1148 1269 1215 1347 τιθῇ
1239 1268 1274 1332 σέ
1294 1290 1341 1340 τις
1361 1268 1378 1341 ἢ
1397 1288 1493 1330 στου-

299 1369 444 1452 taratra.
468 1375 503 1437 in
526 1394 590 1439 uno
612 1373 695 1440 libro
718 1380 767 1439 est
788 1377 913 1452 eriam
933 1376 968 1456 θῇ
988 1372 1023 1439 σέ
1041 1396 1099 1444 τις.
1136 1372 1223 1439 Satis
1240 1374 1344 1460 igitur
1361 1376 1495 1456 apparet
1617 1452 1618 1457 ρ

295 1478 330 1540 in
354 1474 500 1543 Platonis
522 1476 621 1558 libro,
649 1500 712 1566 quo
735 1479 892 1546 Aristides
913 1479 1079 1555 utebatur,
1108 1477 1207 1544 fuisse
1229 1479 1402 1562 scriptum:
1434 1476 1491 1542 ιτθ·
1617 1462 1618 1487 ’

295 1580 381 1661 τερθν
404 1605 439 1647 σε
466 1589 577 1661 Θῶμεν
600 1584 661 1649 νυνὶ
686 1583 898 1667 στιυδθζσντα
922 1585 939 1661 ἢ
965 1583 1134 1665 ratleo-rm
1617 1576 1618 1579 ¹

340 1793 420 1881 Pag.
447 1793 523 1861 481.
549 1813 577 1861 c.
601 1792 622 1861 ὦ
648 1795 855 1875 Καλλίκλεις,
889 1796 914 1862 rl
938 1797 982 1874 μή
1005 1819 1035 1861 τι
1061 1788 1095 1869 ἦν
1117 1802 1182 1868 τοῖς
1205 1796 1369 1875 ἀνθρώποις
1392 1791 1490 1866 aridos
1617 1798 1618 1871 j

296 1906 359 1971 τοῖς
384 1899 442 1977 μέν
465 1898 547 1965 ἄλλα
570 1924 600 1964 τι
625 1910 688 1974 τοῖς
711 1899 739 1966 θ’
763 1900 844 1967 ἄλλα
866 1923 897 1965 τι
919 1901 1034 1966 ταύτὸν
1058 1901 1147 1967 ἀλλὰ
1171 1909 1240 1966 Tlc
1263 1904 1347 1978 ἡμῶν
1366 1897 1440 1964 idedu
1459 1919 1490 1962 τι
1617 1986 1618 1989 ¹

296 2000 423 2082 ἔπασχε
453 2006 550 2078 addae
575 2006 592 2081 ἢ
617 2007 643 2075 ol
664 2005 775 2082 θλλσι,
804 2007 857 2073 οὐκ
882 2005 920 2072 θν
944 2001 979 2080 siv
1000 2006 1099 2091 ρ’ρθδισν
1122 2004 1312 2082 ἐνδείξασθαι
1335 2007 1379 2086 τῷ
1401 2002 1491 2084 ἑτέρῳ

294 2108 329 2172 τὸ
354 2110 479 2173 ‘eA'rT
483 2119 540 2174 OT
572 2110 732 2199 πάθημα]
781 2111 820 2176 In
848 2111 964 2197 lepidis
990 2111 1041 2176 his
1063 2112 1170 2178 verbis
1192 2111 1243 2177 bis
1265 2111 1425 2177 sententia
1445 2108 1491 2177 la

293 2213 402 2289 borat,
435 2216 509 2300 qnia
539 2215 659 2281 excidit
688 2216 810 2302 aliquid
833 2217 874 2281 ed
896 2218 1089 2283 sententiam
1110 2236 1239 2302 prorsus
1263 2217 1489 2281 neceesarium

292 2316 443 2382 Primum
466 2319 681 2404 supplendum
703 2321 792 2387 elaad
814 2330 901 2386 ΠΛΟ
922 2344 970 2394 rra
995 2322 1079 2398 ὑμῶν
1099 2320 1172 2387 tero
1191 2345 1224 2386 τι
1244 2320 1374 2403 έτασχε
1394 2319 1491 2392 addae

293 2423 310 2498 ἢ
334 2424 360 2487 ol
384 2420 486 2488 ἄλλοι.
521 2424 669 2491 Postulat
691 2431 755 2498 σεῖε
779 2449 826 2498 τις
848 2428 919 2512 ipsa
941 2428 1147 2512 oppositionis
1170 2429 1271 2493 ratio:
1296 2425 1323 2491 ol
1343 2423 1490 2506 θνθρῳτιι

291 2527 427 2606 πάντες,
451 2532 575 2616 inquit,
608 2531 704 2602 τθθσς
726 2554 756 2596 τι
780 2530 895 2597 ταύτὸν
917 2530 1095 2611 πάσχουσιν
1117 2531 1143 2596 oi
1167 2531 1224 2608 μέν
1248 2529 1332 2597 ἄλλο
1356 2553 1389 2596 τι
1410 2532 1436 2597 oi
1460 2530 1492 2596 ll

290 2632 371 2699 ἄλλα
395 2659 444 2710 τι,
470 2637 523 2701 cni
546 2638 741 2701 contrarium
764 2640 813 2700 cet
834 2620 899 2707 roi}
921 2659 969 2707 τις
994 2637 1067 2723 (non
1091 2657 1157 2712 τις,
1189 2637 1266 2719 quia
1289 2655 1386 2702 nemo
1410 2636 1492 2701 exei-

288 2742 389 2825 pitur)
412 2740 487 2807 έδιθν
511 2765 540 2806 τι
567 2739 699 2821 τθσχει.

335 2845 374 2910 ln
396 2867 463 2931 sqq.
499 2845 612 2912 Editor
633 2866 690 2931 pro
713 2846 756 2925 τῷ
776 2843 866 2925 έτέρῳ
887 2845 984 2911 scribi
1004 2845 1096 2911 iubet
1118 2868 1160 2926 τῳ
1184 2843 1296 2927 έτέρῳ,
1322 2848 1379 2913 sed
1398 2867 1493 2914 nemo

290 2953 336 3016 sio
359 2950 504 3036 loquitur
527 2974 574 3022 τις
597 2947 696 3030 ἕτερος
718 2969 776 3035 pro
798 2945 897 3029 ἕτερθς
919 2973 967 3022 τις
990 2951 1054 3014 nisi
1074 2954 1148 3034 post
1170 2954 1435 3038 coniunctionem
1452 2956 1492 3027 εἰ,

290 3055 363 3130 έθν,
395 3053 476 3127 ὅστις
499 3057 572 3120 sim.
597 3053 790 3131 ένθεθξασθαέ
812 3077 854 3133 τῳ
878 3053 966 3136 έτέρῳ
989 3073 1045 3139 pro
1069 3054 1158 3134 έτέρῳ
1181 3059 1242 3120 τινέ
1264 3056 1441 3124 insolitum
1463 3064 1495 3123 ot

289 3161 447 3226 vitiosum
470 3163 529 3224 est.
565 3155 682 3224 Sensus
704 3164 771 3236 est,
795 3160 918 3243 inquit:
941 3159 1170 3244 taedqtmpuom
1183 3161 1292 3246 facile
1304 3163 1400 3248 feret
1418 3164 1496 3250 qued
1617 3204 1618 3223 .

288 3265 325 3327 ιἰι
346 3285 379 3327 ae
400 3264 524 3349 quisquc
545 3262 670 3327 ισνιθίεσθ
692 3262 784 3334 atteri
806 3264 964 3346 replicare.
1010 3264 1191 3342 Assentior,
1225 3267 1282 3331 sed
1305 3268 1366 3334 ubi
1390 3275 1441 3334 est
1462 3271 1494 3334 in
1617 3262 1618 3321 Ῡ

291 3366 423 3435 Graccis
444 3368 658 3433 necessarium
681 3365 765 3431 illud
787 3367 933 3453 quicque?
956 3372 990 3433 et
1011 3366 1046 3431 τὸ
1066 3371 1254 3435 ἘΛΤΤΟΤ
1276 3364 1417 3451 addace
1434 3393 1495 3458 quo
1617 3388 1618 3413 ι

289 3469 445 3539 refertur?
475 3471 548 3537 Duo
579 3471 678 3537 verba
706 3469 883 3536 scribarum
910 3471 1051 3538 socordia
1073 3475 1248 3557 perierunt.
1297 3476 1393 3545 Dabo
1417 3481 1496 3546 duos
1617 3484 1618 3489 ’

289 3599 330 3644 ex
356 3578 469 3659 Geraia
491 3575 593 3653 locos,
619 3575 736 3660 quibus
759 3572 881 3640 similes
902 3579 937 3641 in
958 3596 1147 3662 unoquoque
1170 3578 1322 3647 Platonis
1346 3584 1432 3650 libro
1451 3605 1497 3650 re

289 3684 411 3768 perias,
444 3682 530 3748 unde
560 3681 702 3767 fugitiva
731 3678 887 3744 vocabula
915 3682 949 3743 in
978 3701 1070 3745 suam
1093 3684 1202 3748 sedem
1225 3688 1384 3754 retrahas.
1420 3710 1495 3777 pag.

292 3785 369 3853 457.
393 3804 425 3852 1).
449 3787 504 3852 loir
530 3823 573 3834 —
596 3788 642 3863 μέν
671 3791 720 3865 <Dei
744 3782 759 3847 θ
783 3778 881 3862 ἕτερος
914 3782 964 3846 clv
992 3781 1091 3864 ἕτερον
1118 3787 1206 3867 ὀρθῶς
1230 3792 1340 3868 λέγειν
1363 3800 1400 3860 ct
1420 3815 1496 3882 pag.

291 3890 369 3958 471.
394 3909 424 3956 lt.
448 3891 501 3956 ael
525 3890 589 3970 γὰρ
612 3890 679 3953 ἐκεῖ
696 3888 722 3952 ol
744 3882 834 3965 ἕτεροι
858 3887 929 3958 τοὺς
953 3886 1066 3967 ἑτέρους
1090 3889 1226 3955 δοκοῦσιν
1245 3898 1413 3979 ἐλέγχειν.
1446 3899 1499 3964 Λᾶ
1617 3908 1618 3947 ³

290 3994 428 4062 eundem
450 3997 554 4083 igitur
574 3994 711 4060 modum
729 3995 836 4056 nostro
853 3988 922 4056 loco
941 3994 1180 4079 corrigendum:
1205 4000 1261 4064 οὐκ
1280 4001 1321 4068 ἂν
1342 3998 1377 4077 ἦν
1396 4003 1498 4087 ῥᾴδιον

290 4097 483 4174 ἐνδείξασθαι
518 4106 611 4162 ΤΟΝ
644 4099 833 4162 ἝΤΕΡΟΝ
866 4098 908 4174 τῷ
941 4094 1028 4177 έτέρῳ
1058 4100 1093 4164 τθ
1123 4103 1236 4168 ἑαυτοῦ
1268 4108 1431 4186 πάθημα,
1466 4116 1501 4175 et

292 4202 399 4266 omnis
421 4209 469 4267 est
491 4203 618 4267 sublata
639 4198 822 4266 difficultas.

338 4404 417 4468 Post
445 4426 546 4489 pauca
576 4407 697 4471 editur:
731 4403 916 4481 αἰσθάνομαι
947 4406 996 4473 οὖν
1025 4434 1077 4476 σου
1109 4415 1240 4485 iudam
1266 4427 1385 4507 καίτερ
1409 4427 1497 4501 ὄντας
