3330 5012
459 921 884 1015 ousuuvn'uouus
919 924 1161 1015 uutrlsnu

791 1158 823 1203 lN

661 1349 959 1428 uutrououuu.

555 1565 701 1613 scurram
736 1550 767 1613 S.
798 1551 833 1613 Α.
872 1508 1058 1615 unliuta

726 1844 902 1870 uma-

636 2107 754 2163 onear
773 2088 981 2165 saounnou.

261 2243 353 2310 Nunc
385 2239 584 2308 redeundum
615 2249 665 2308 est
688 2241 728 2307 ad
752 2242 1011 2330 Aethiopieoruru
1038 2244 1178 2330 primurn
1203 2243 1341 2322 librum,
1367 2247 1399 2312 in

215 2368 280 2434 quo
311 2346 395 2414 haud
426 2345 519 2432 longe
549 2346 589 2412 ab
620 2347 713 2413 initio
745 2368 775 2433 p.
798 2352 875 2415 225.
905 2352 947 2414 52
979 2348 1011 2413 in
1037 2347 1252 2435 descriptione
1281 2351 1401 2435 stragis

215 2452 303 2520 illius
327 2452 360 2517 in
383 2450 477 2518 litore
500 2450 603 2518 editae
627 2449 771 2518 offendor
793 2452 912 2520 verbis:
936 2453 1039 2535 papien
1063 2448 1143 2525 altor
1169 2454 1183 2519 ὃ
1208 2454 1324 2532 δαίμων
1349 2454 1400 2521 ἐπὶ

215 2562 322 2640 μικροῦ
344 2562 398 2631 σού
420 2557 533 2640 χαρίεν
555 2558 871 2637 μετεσκεύασεν.
919 2556 1003 2638 Quid
1028 2559 1061 2623 in
1084 2556 1255 2624 (lodicibus
1275 2558 1401 2644 legatur

216 2682 279 2729 uon
311 2661 411 2729 habeo
445 2682 504 2750 pro
532 2670 620 2728 certo
651 2661 775 2737 dicere,
808 2681 902 2739 nam,
934 2660 1019 2748 quorl
1054 2660 1225 2747 aliquoties
1258 2664 1398 2744 accidit,
1508 2684 1512 2689 ’

215 2766 421 2855 Hirsehigius
445 2768 477 2833 in
501 2764 668 2835 referendo
692 2765 786 2853 paulo
809 2766 1025 2852 negligentius
1050 2774 1198 2834 versatus
1229 2766 1329 2836 luisse
1353 2771 1399 2835 ri-

214 2874 327 2948 detur;
356 2871 412 2939 seri
444 2870 673 2951 μετεσκεύασεν
704 2879 811 2938 tamen
844 2870 921 2938 terri
946 2892 1008 2938 non
1040 2873 1172 2958 poterit:
1197 2871 1400 2953 aspiratione

215 2978 372 3059 i‘lrripar
390 2976 532 3043 exiliret
551 2973 623 3043 οἶνον
646 2975 759 3055 αἵμασι
778 2974 915 3056 μνύνας,
937 2986 1000 3044 oet.
1033 2977 1145 3063 ltaque
1165 2979 1295 3062 requiro
1316 3005 1401 3047 κασ-

214 3084 446 3151 εσκεύασεν.
492 3082 617 3148 Norunt
647 3082 709 3148 riri
742 3080 849 3160 docti,
889 3102 987 3168 quam
1022 3081 1115 3149 iueile
1149 3085 1401 3169 praepositiones

214 3189 301 3256 κατα
322 3196 357 3257 et
378 3187 464 3267 nerle
486 3186 592 3254 looum
615 3196 798 3274 permutent
820 3196 982 3254 ettamen
1003 3186 1090 3255 hauri
1107 3186 1249 3255 alienum
1271 3188 1402 3258 videtur

214 3312 318 3381 paura
348 3291 506 3380 quaedum
540 3310 620 3358 nora
649 3291 795 3383 exempla
826 3291 976 3380 colligere
999 3301 1032 3360 et
1056 3292 1116 3359 sub
1141 3313 1205 3359 uno
1227 3303 1403 3380 conspeetu
1505 3358 1508 3362 .

215 3416 344 3486 ponne
393 3397 486 3485 Apurl
516 3395 672 3465 Achillem
706 3397 835 3463 Tatium
868 3399 996 3466 invenio
1032 3417 1061 3484 p.
1088 3402 1165 3464 118.
1200 3402 1220 3463 5
1252 3397 1267 3463 ύ
1298 3398 1330 3465 δὲ
1360 3400 1405 3468 νεὶ

215 3508 322 3585 πρῶτα
344 3507 460 3584 σκῆψιν
491 3502 652 3569 ὑπώπτευε
683 3504 739 3578 σὺν
765 3502 922 3570 ύσύένεεαν
946 3498 1035 3591 (εἶναι
1060 3500 1288 3590 supplendum)
1304 3550 1405 3570 .....

92 3614 98 3639 ’
214 3610 254 3681 ὡς
278 3608 309 3675 δὲ
329 3608 432 3674 κατὰ
455 3608 561 3689 pieplo
584 3606 660 3689 ἑύμα
681 3607 738 3683 σὺν
756 3609 913 3686 ἀλήθειαν.
964 3607 1063 3672 Vetus
1083 3605 1243 3691 interpres
1266 3607 1404 3674 Annibal

217 3712 391 3789 Oruoeiuo,
416 3712 471 3798 qui
491 3711 601 3779 codiee
621 3730 699 3778 usus
719 3709 818 3779 luisse
837 3710 958 3777 dieitur
974 3709 1141 3797 aliquanto
1162 3710 1293 3777 meliore
1305 3731 1403 3798 quam

217 3818 239 3881 ii
265 3815 339 3883 libri
362 3824 458 3897 sunt,
483 3818 539 3904 qui
572 3816 610 3882 ad
645 3823 753 3883 nostra
777 3824 923 3903 tempora
947 3813 1186 3902 perdurarunt,
1212 3816 1310 3882 vertit
1333 3817 1401 3887 sier

215 3943 287 3989 rum
310 3922 500 4010 paulopost
527 3922 688 3988 ventorum
720 3921 929 4008 comperisset.
977 3920 1089 4006 ltaque
1120 3920 1244 3987 invenit
1268 3920 1299 3986 in
1324 3918 1405 3988 libro

216 4028 456 4114 manuaeripto,
480 4046 562 4113 quae
584 4025 669 4093 hauri
686 4043 803 4112 parum
824 4024 938 4092 melior
957 4022 1052 4090 lentio
1071 4033 1138 4102 est,
1161 4025 1267 4103 μετὰ
1288 4025 1403 4107 μικρόν.

216 4130 258 4198 [lt
281 4132 412 4198 omnino
435 4131 575 4199 Achilles
593 4131 707 4198 erebro
727 4130 775 4197 sie
795 4129 953 4218 loquitur:
979 4149 1009 4215 p.
1032 4131 1107 4194 119.
1132 4136 1168 4194 tt
1195 4130 1281 4209 μετὰ
1299 4131 1405 4211 μικρὸν

216 4236 378 4316 ἐκάθευδε,
402 4256 433 4323 p.
458 4240 530 4303 116.
553 4239 598 4301 li
623 4236 707 4314 μετὰ
730 4235 834 4317 μικρὸν
857 4235 954 4302 ἔκενσσ
978 4234 1185 4312 καθεύδουσα,
1211 4255 1242 4319 p.
1264 4240 1338 4301 134.
1365 4240 1405 4301 16

217 4343 302 4419 μετὰ
325 4342 430 4424 μικρὸν
453 4344 485 4410 δὲ
508 4342 566 4421 βνή
591 4365 637 4414 τις
661 4339 715 4418 ἦν,
748 4361 779 4427 p.
807 4345 882 4409 176.
911 4346 951 4407 15
974 4340 1059 4418 μετὰ
1083 4342 1188 4421 μικρὸν
1211 4341 1242 4406 δὲ
1265 4341 1403 4421 ύνύύσρε,

216 4466 248 4532 p.
276 4450 351 4515 tou.
378 4450 421 4515 19
451 4446 536 4528 μετὰ
567 4447 672 4529 μικρὸν
703 4448 736 4513 αἱ
770 4445 854 4527 rupa
884 4442 1096 4528 ἀνεῴχθησαν.
1145 4443 1274 4512 Groneii
1300 4444 1407 4511 versio

1230 4553 1262 4599 rt
