3330 5012
702 385 732 432 m
756 386 952 434 rtsmnnonuu.
1355 365 1423 437 533·

234 553 386 632 tradicit,
410 554 508 623 etiam
540 553 656 621 melius
685 552 852 639 apparebit
875 554 908 618 in
933 552 974 618 iis
996 569 1079 638 qnae
1100 551 1253 618 commun
1276 565 1420 635 sequun-

234 666 291 724 tur
309 661 341 724 itt
364 657 499 726 eandem
518 658 729 727 sententiam:
745 657 964 738 παρευδοκιμεῖ
977 657 1033 733 την
1049 656 1211 738 ἀκρίβειαν
1230 660 1290 722 τῶν
1306 652 1424 736 ἔργων

235 765 332 840 ἧσῆς
365 763 531 837 ὑποθέσεως
561 764 721 841 καιυσπσμό
747 811 754 828 .
803 761 982 848 Opponitur
1014 761 1062 827 uti
1092 759 1181 827 rides
1211 760 1244 826 in
1268 756 1421 825 Zertxidis

232 865 341 934 tabula
371 870 556 952 argumenti
588 869 729 943 novitas,
762 886 845 952 quaa
872 864 1107 952 spectatoribus
1140 865 1284 951 impense
1317 861 1422 949 place·

232 969 303 1049 bat,
332 971 490 1038 linearum
519 972 733 1039 exactissimis
764 971 894 1046 dormis,
923 989 1004 1057 quas
1035 989 1096 1035 non
1121 965 1422 1036 animadvertebant

232 1076 350 1143 scilicit
379 1077 603 1143 aestimatores
636 1075 681 1140 illi
715 1094 829 1162 parum
858 1075 1038 1142 exercitati.
1087 1074 1198 1161 ltaque
1230 1091 1334 1158 neque
1363 1072 1420 1147 την

231 1180 393 1261 ἅκρόβιιαν
414 1190 474 1248 τῶν
495 1179 750 1262 πραγμάτων
775 1181 933 1258 serentem,
958 1199 1060 1266 neque
1076 1186 1135 1246 τῶν
1158 1177 1295 1259 ἔργων.
1328 1176 1420 1242 Utro·

230 1303 293 1369 que
316 1284 385 1352 loco
403 1288 534 1373 scripsit
553 1286 727 1361 Lucienus,
749 1287 796 1351 uti
817 1286 970 1371 conjicio,
993 1283 1085 1351 modo
1106 1283 1234 1350 eodem:
1257 1282 1314 1357 σην
1336 1280 1420 1362 eispl-

229 1389 321 1468 βιιαι
344 1397 403 1457 τῶν
425 1398 644 1472 γραμμῶν,
675 1391 773 1456 sicuti
805 1400 1005 1456 memoratur
1032 1390 1065 1454 in
1092 1387 1293 1474 Imaginibus
1324 1388 1342 1471 §
1378 1388 1417 1450 16

228 1495 366 1571 casales
389 1496 443 1561 καὶ
466 1494 586 1570 πόσαις
609 1502 706 1569 ταῖς
730 1503 950 1575 γραμμαῖς
973 1492 1291 1576 ἀπηκριβωμένη
1320 1489 1416 1557 εἶπόν.

227 1596 433 1685 Corruptelaa
459 1600 621 1667 interdum
648 1599 745 1666 latius
769 1609 903 1686 serpunt
926 1608 959 1666 et
983 1600 1060 1665 sitia
1084 1600 1173 1664 ritils
1191 1595 1416 1663 cumulantur.

226 1699 263 1766 ln
289 1701 431 1769 Platonis
450 1705 580 1790 (lorgis,
607 1713 757 1790 utsupra
779 1702 941 1781 dicebam,
960 1703 1194 1779 καταπατήσας
1213 1702 1258 1768 σα
1281 1700 1416 1780 ἡμέτερα

226 1805 453 1888 γράμματα
485 1810 537 1875 καὶ
572 1810 837 1889 μαγγανεύματα
871 1809 925 1874 καὶ
948 1809 1086 1892 ἐπῳδός,
1109 1807 1184 1874 olim
1210 1822 1414 1873 correxeram

224 1911 520 1992 περιάμματα,
546 1934 648 1999 neqrra
668 1923 774 1979 tanuen
796 1915 949 2000 cuiquam
975 1915 1141 2001 persuasi,
1162 1931 1233 1978 eam
1252 1929 1322 1977 esse
1342 1907 1413 1974 Pla-

224 2017 310 2082 tonis
332 2035 488 2097 manum,
521 2038 717 2104 quamquam
751 2017 874 2084 idoneis
898 2017 1022 2085 luerem
1046 2038 1126 2085 usus
1148 2015 1351 2102 argumentis
1375 2021 1413 2079 ut

222 2119 392 2207 probarem
422 2123 680 2190 emendationem
711 2142 793 2210 quae
823 2123 901 2188 mibi
932 2122 1061 2208 quidem
1086 2124 1119 2188 in
1145 2121 1257 2209 paucis
1280 2117 1412 2186 euidens

221 2224 402 2303 videbatur.
448 2227 550 2294 Erant
581 2226 660 2295 adeo
690 2231 746 2315 qut
778 2248 831 2295 me
861 2237 1030 2315 carperent
1056 2237 1089 2294 et
1112 2224 1344 2293 contenderent
1375 2224 1410 2289 iu

221 2333 491 2399 commentatione
520 2332 574 2398 illa
606 2332 768 2400 Platonica
798 2352 849 2399 me
880 2351 1010 2419 operam
1044 2329 1222 2418 perdidisse
1251 2336 1285 2395 et
1305 2326 1409 2395 multa

221 2430 381 2503 moliendo
403 2436 482 2502 nibil
503 2439 700 2524 promovisse
720 2436 768 2504 vel
789 2438 978 2505 correxisse.
1009 2434 1080 2501 lam
1096 2442 1406 2523 apparetsummum

220 2541 306 2608 inter
329 2551 488 2608 nostrates
511 2543 680 2618 criticum,
705 2562 799 2629 quern
819 2540 1022 2607 ndrrriramur
1041 2549 1072 2606 et
1092 2539 1259 2623 diligimus
1278 2556 1406 2614 omnes,

219 2646 372 2714 incidisse
391 2650 424 2713 in
441 2648 575 2715 eandem
595 2647 863 2715 ernendationem.
889 2646 1030 2712 Platonis
1048 2665 1145 2711 causa
1166 2643 1306 2728 gaudeo,
1328 2662 1402 2709 nam

219 2771 306 2818 nuuc
341 2751 499 2839 plaudunt
532 2772 642 2851 onrnes
678 2750 893 2838 plaudentque
924 2757 957 2816 et
989 2768 1061 2814 mox
1093 2746 1248 2834 palmaria
1278 2745 1403 2813 scilicet

218 2858 376 2924 correctio
408 2858 586 2943 recipietur
612 2858 646 2921 in
676 2859 811 2922 textum.
859 2854 953 2920 ‘lenti
981 2853 1175 2933 est,‘etiam
1209 2852 1242 2917 in
1275 2867 1402 2918 summa
1519 2905 1526 2915 .

217 2961 420 3037 innocentia,
454 2960 591 3055 nobilem
626 2959 742 3026 babere
770 2978 887 3026 causae
914 2967 989 3025 tuae
1013 2966 1197 3044 patronum.
1244 2954 1401 3043 Equidem

218 3066 349 3132 interim
375 3068 407 3132 in
431 3066 505 3134 sinu
523 3064 612 3131 rideo
630 3073 662 3131 et
687 3063 867 3131 Phaedrum
888 3064 993 3149 cogito
1012 3062 1069 3149 qui
1093 3061 1268 3149 sapienter:
1292 3060 1403 3127 Nonne

217 3169 277 3236 boc
300 3170 461 3248 declarat,
492 3171 616 3257 inquit,
648 3168 759 3256 quales
780 3169 853 3234 sitis
872 3167 1020 3256 judices?
1057 3166 1178 3235 Verum
1203 3165 1263 3233 boc
1287 3164 1401 3232 obiter.

217 3274 299 3357 Quia
331 3283 442 3341 arctum
475 3284 524 3342 est
555 3279 695 3355 πρῖργμα
722 3283 755 3341 et
785 3272 980 3356 πρόσταγμα
1010 3270 1182 3363 conlundi,
1209 3269 1405 3338 factumest

217 3379 389 3467 aliquando
411 3389 449 3448 ul
469 3382 574 3468 ipsum
600 3378 680 3446 illud
704 3379 899 3461 πρόσταγμα
913 3379 1053 3467 primum
1073 3378 1105 3443 in
1125 3381 1266 3460 πρᾶγμα
1282 3373 1405 3449 abiret,

217 3504 292 3551 mox
316 3483 453 3551 ulterius
478 3495 742 3570 corrumperetur
761 3492 794 3552 et
815 3483 905 3551 lieret
927 3485 1078 3566 γράμμα,
1126 3482 1229 3548 Locus
1248 3488 1298 3547 est
1318 3477 1403 3564 apud

218 3588 396 3657 burianum
421 3590 453 3656 in
487 3588 712 3657 Saturnalibus
745 3592 764 3674 ς
788 3594 831 3657 50
854 3592 935 3666 πλην
958 3592 1089 3658 ἐπιτιμῶ
1113 3611 1153 3667 γε
1176 3588 1282 3656 αὐτοῖς
1304 3580 1405 3665 ὥσπερ

217 3693 399 3775 ὑπεσχόμην
420 3692 473 3775 καὶ
500 3693 556 3760 oll'
579 3692 627 3761 ότι
646 3697 699 3761 οὐκ
718 3695 934 3777 όλιγωρησυυσι
953 3700 1011 3761 τῶν
1031 3694 1111 3773 ἐμῶν
1133 3716 1157 3771 γ
1164 3687 1402 3772 ραμμιότων.

218 3796 402 3867 Concedent
425 3818 537 3866 omnes
560 3803 608 3866 uti
633 3819 728 3885 spero
749 3799 939 3866 vocabulum
963 3799 1057 3865 unica
1076 3804 1188 3883 aptum
1211 3816 1404 3875 πρισταγ·

216 3904 355 3982 μάτων
378 3925 457 3972 esse.

262 4009 370 4097 l'urpe
391 4019 441 4077 est
465 4010 497 4076 in
519 4012 630 4097 paucis
651 4009 894 4100 vitinm,quud
915 4010 1022 4075 neseio
1039 4007 1198 4095 quomodo
1219 4029 1276 4097 per
1292 4029 1403 4095 omnes

216 4114 366 4201 deinceps
397 4114 554 4181 editiones
586 4123 816 4202 propagatum,
847 4115 933 4179 viros
963 4111 1073 4180 doctos
1104 4114 1237 4182 latuisse
1259 4114 1400 4182 videtur.

216 4220 253 4286 ln
278 4219 408 4286 oraculo
430 4218 568 4306 quodam
593 4219 633 4287 de
657 4219 825 4305 'theagene
848 4228 880 4285 et
905 4216 1072 4285 chariclea
1097 4237 1128 4304 p.
1155 4222 1231 4287 269.
1257 4226 1298 4288 aa
1324 4241 1401 4309 pen·

216 4332 355 4391 tameter
376 4334 440 4391 est:

487 4428 611 4506 ἥξοντ’
637 4430 735 4507 ἠελίου
760 4430 830 4511 πρὸς
855 4429 951 4510 χόόνα
980 4428 1107 4504 κυανέην
