3388 5010
286 359 355 424 tio
689 376 844 426 coeterum
864 379 900 425 ιιι
925 378 1079 426 nonnanes.

284 563 356 613 sum
388 553 421 611 et
455 546 483 611 si
514 564 577 633 quo
611 543 752 613 folliculo
777 545 911 614 indutus
936 547 1035 614 sum’'
1059 547 1114 615 sed
1142 566 1226 637 »quo
1250 547 1389 615 folliculo
1414 547 1480 616 ind.

285 648 399 719 sum'’.
432 649 501 718 Non
526 651 613 720 enim
637 650 794 730 dubium,
817 673 895 720 num
915 674 1033 742 eorpus
1055 653 1179 722 lrabeat.
1215 652 1346 722 Scilicet
1358 654 1483 720 anima·

284 758 328 825 lia
356 777 395 824 er
428 754 578 825 folliculis
609 760 772 826 exsiliisse
803 760 893 826 iuxta
926 779 999 827 cum
1032 760 1266 828 recentioribus
1287 758 1484 851 physiologis

285 862 424 932 eredidit
457 872 620 942 vetustas,
646 864 701 932 sed
727 864 819 952 longe
845 865 972 933 diversa
997 867 1134 936 ratione.
1174 866 1358 955 nPrincipio
1381 884 1484 952 genus

285 971 423 1039 alituum
456 971 629 1059 variaeque
661 971 807 1038 volucres
836 970 902 1040 Ova
928 971 1154 1059 relinquebant
1173 972 1322 1040 exclusae
1341 980 1485 1059 tempore

287 1097 395 1155 verno,
408 1075 581 1144 llolliculos
596 1085 630 1144 ut
644 1097 731 1144 nunc
745 1080 857 1146 teretis
869 1088 993 1148 aestate
1004 1078 1136 1147 cicadae
1148 1080 1289 1146 lincunt
1300 1086 1413 1166 sponte
1425 1095 1483 1143 sua

285 1184 408 1252 victum
430 1183 596 1270 vitamque
614 1184 792 1270 petentcs”.
818 1186 912 1253 bucr.
936 1188 970 1253 V.
990 1190 1068 1253 803.
1093 1185 1184 1252 Diod.
1200 1184 1264 1253 Sic.
1278 1185 1302 1252 l.
1316 1182 1485 1259 Ίιταύτιιν

287 1289 319 1355 dl
331 1287 401 1379 (τὴν
414 1288 521 1375 ναῦν),
544 1326 590 1339 -
609 1288 701 1368 πῆξιν
718 1290 833 1371 λαβεῖν
852 1328 908 1369 -,
932 1291 1015 1380 [καὶ]
1033 1292 1209 1370 συνοιδῆσαί
1226 1315 1298 1359 τινα
1308 1296 1368 1358 τῶν
1389 1291 1486 1373 ὑγρῶν

285 1395 373 1463 aaut
403 1394 538 1468 πολλοὺς
568 1395 699 1475 τόπους,
722 1397 776 1464 ναὶ
801 1396 945 1478 γενέσθαι
969 1399 1036 1481 περὶ
1061 1400 1145 1467 αὐτὸ
1168 1397 1338 1476 ουπεδδνας
1362 1396 1483 1478 dulor

287 1509 414 1576 λεπτοῖς
447 1502 684 1584 περιεχομένας.
711 1540 758 1553 -
780 1504 826 1571 nl
850 1503 878 1570 δ’
904 1502 1060 1588 ἔσχατον,
1082 1511 1141 1572 τῶν
1164 1505 1409 1587 κυοφορουμένων
1429 1504 1485 1581 τὴν

285 1608 412 1679 τελείαν
439 1606 568 1686 αὔξησιν
596 1608 779 1690 λαβόντων,
809 1613 862 1676 καὶ
893 1619 966 1678 τῶν
998 1611 1153 1691 ὑμένων
1183 1611 1481 1679 διακαυθέντων

286 1738 329 1781 τε
353 1714 422 1781 καὶ
446 1715 785 1799 περιρραγέντων,
810 1720 987 1802 ἀναφυῆναι
1012 1718 1231 1792 παντοδαποὺς
1255 1717 1369 1793 τύπους
1390 1715 1480 1800 ζῴων.

287 1819 336 1886 Ex
360 1820 545 1887 istiusmodi
577 1821 875 1910 philosophumenis
906 1827 1031 1892 exstitit
1058 1845 1136 1891 usus
1166 1824 1315 1911 loquendi
1341 1843 1391 1911 ap.
1418 1824 1480 1891 Ar·

288 1924 361 1992 nob.
386 1925 426 1993 ll.
451 1931 493 1993 76
519 1928 572 1993 »in
606 1929 802 1997 carunculae
835 1930 933 1997 liuius
963 1929 1127 1998 folliculo”
1160 1932 1206 2021 (in
1236 1929 1296 1997 hoo
1319 1930 1478 2019 corpore).

289 2030 379 2117 lllog.
403 2032 509 2100 Laert.
535 2033 592 2102 lli.
615 2039 659 2101 te
678 2036 847 2104 morientis
868 2036 1052 2104 Anaxarchi
1070 2057 1179 2104 rocem
1198 2035 1298 2104 refert
1316 2038 1368 2104 τον
1387 2041 1481 2103 ’Avo-

288 2135 407 2219 ξαρχου
427 2140 560 2207 θύλακον
578 2142 739 2222 πτίσσεις,
762 2145 816 2210 οὐκ
832 2143 1044 2227 Ἀνάξαρχον,
1057 2165 1154 2232 quam
1177 2164 1245 2212 rem
1260 2142 1480 2211 Tertullianus

287 2244 320 2308 in
345 2243 433 2332 Apol.
467 2253 551 2315 extr.
586 2266 744 2315 enarrans
775 2247 900 2316 »follis'
932 2249 1085 2317 vocabulo
1117 2252 1233 2318 utitur.
1280 2251 1402 2338 Corpus
1429 2257 1480 2315 est

287 2352 390 2432 follis,
419 2353 475 2441 qtri
506 2356 652 2423 animum
683 2354 922 2443 complectitur.
971 2357 1074 2424 Varro
1098 2360 1130 2423 in
1156 2356 1293 2447 Tithono
1318 2361 1337 2423 4
1362 2356 1475 2423 Riese:

290 2461 419 2527 »anima
444 2480 634 2551 corporeum
665 2464 809 2529 corticem
834 2462 927 2530 facile
951 2462 1140 2552 relinquit”.
1186 2463 1314 2531 Festive
1336 2460 1480 2529 Lucilius

288 2587 372 2654 »quo
409 2565 550 2636 folliculo
583 2588 669 2635 nuuc
700 2588 773 2635 sum
799 2569 956 2637 indutus”
987 2570 1068 2637 dixit
1096 2591 1168 2658 pro:
1200 2577 1359 2658 quantum
1392 2587 1479 2634 nunc

288 2692 379 2740 meae
404 2674 490 2741 vires
522 2676 704 2763 patiuntur.
753 2674 816 2742 Sed
842 2685 971 2763 praeter
999 2675 1132 2743 illudet
1157 2675 1328 2744 molestum
1353 2683 1402 2742 est
1427 2674 1478 2741 »si

286 2780 343 2867 qui
365 2779 483 2861 sum’';
511 2782 588 2867 quin
611 2780 705 2848 homo
730 2781 871 2871 (aliquis)
896 2791 992 2860 esset,
1017 2803 1111 2850 nemo
1133 2780 1312 2849 dubitabat.
1362 2783 1479 2849 Persu-

286 2906 380 2952 asum
413 2895 463 2953 est
497 2884 577 2954 inihi
610 2886 769 2954 Lucilium
802 2886 946 2957 dedisse:
982 2888 1070 2975 »ligo
1099 2889 1128 2955 is
1158 2890 1215 2976 qui
1246 2908 1319 2955 sum
1351 2896 1384 2955 et
1415 2906 1479 2975 quo

287 2990 464 3060 folliculo''.
510 2992 604 3060 Nunc
626 3002 657 3059 et
680 2995 800 3081 optime
826 3002 1022 3082 usurpatur:
1225 3008 1229 3015 ‘

286 3097 356 3184 Ego
377 3099 405 3165 is
425 3098 480 3184 qui
501 3119 573 3165 sum
595 3108 627 3167 et
647 3119 711 3187 quo
730 3099 872 3167 folliculo
891 3121 963 3167 sum
986 3100 1120 3168 indutus
1140 3120 1246 3177 nuuc,
1260 3101 1295 3167 id
1308 3103 1372 3167 ndn
1386 3119 1478 3186 queo.

334 3204 497 3286 Posterior
527 3225 602 3294 pars
634 3226 748 3274 versus
779 3206 904 3274 minore
935 3227 1010 3274 cum
1045 3208 1225 3274 mutatione
1258 3215 1361 3294 potest
1385 3206 1480 3274 aliter

287 3311 461 3392 constitui,
497 3311 552 3379 sed
585 3313 639 3379 uix
670 3314 717 3378 sic
749 3321 786 3379 ut
815 3312 943 3379 indulos
974 3333 1069 3381 suum
1101 3322 1270 3382 accentum
1297 3311 1478 3400 legitimum

289 3418 441 3505 accipiat.
478 3418 607 3487 Comica
630 3417 761 3485 licentia
787 3418 818 3484 in
844 3439 900 3506 ορο
924 3438 1044 3486 monos.
1070 3440 1131 3488 non
1156 3429 1206 3487 est
1229 3439 1290 3487 cur
1314 3438 1333 3486 a
1358 3418 1480 3486 Lucilio

290 3520 506 3592 fflwwm

338 3637 392 3703 ta.
416 3633 649 3719 Fragmentum
674 3630 777 3699 eiecto
799 3653 838 3699 ιιο
862 3638 932 3719 post
955 3631 1122 3718 suspendat
1145 3633 1191 3700 sic
1216 3632 1403 3720 legendnm:

336 3738 519 3830 Sdspendat
542 3758 576 3805 se
600 3757 640 3804 an
665 3736 807 3824 gladium
835 3736 1002 3805 incumbat
1027 3740 1066 3805 nd
1091 3738 1216 3806 caelum
1242 3738 1350 3807 videat
1373 3740 1410 3763 ‘⁶

288 3848 446 3916 omissum
468 3865 486 3911 a
511 3843 653 3912 librariis
676 3851 733 3911 aut
757 3843 873 3911 Nonio:
896 3865 1003 3932 prope.
1041 3844 1150 3913 Libri:
1179 3845 1232 3911 »in
1257 3843 1424 3931 gladiom”
1447 3852 1479 3911 et

289 3955 442 4029 ›rvivat’'‚
473 3950 528 4018 sed
553 3951 655 4017 oldest
679 3950 769 4018 ilari.
794 3971 844 4039 pr.
870 3971 916 4017 m.
943 3952 1014 4018 Par.
1039 3951 1071 4018 C.
1109 3953 1252 4019 Acumen
1277 3951 1357 4019 dicti
1381 3949 1480 4030 tollit,

287 4059 373 4149 quod
399 4057 488 4126 dedit
512 4058 572 4136 bl„
598 4058 693 4124 bibat.
727 4054 839 4125 Obiter
862 4056 945 4124 addo
968 4077 1020 4125 me
1040 4077 1071 4125 ι.
1094 4063 1136 4124 42
1160 4058 1245 4125 Aine
1258 4057 1389 4149 (nSolus
1399 4056 1478 4123 Aiax

287 4167 353 4232 vim
379 4162 418 4230 de
447 4162 549 4231 classe
575 4162 740 4252 prohibuit
765 4164 993 4256 Vulcaniam”)
1018 4174 1049 4233 et
1074 4186 1105 4233 ι.
1130 4170 1172 4233 47
1196 4165 1356 4232 Minervae
1377 4163 1480 4253 (olleo

288 4271 453 4339 llioervae
491 4273 521 4338 ei
558 4280 766 4360 propetratur
801 4292 862 4359 pax
898 4272 982 4359 quod
1017 4270 1232 4341 Cassandram
1267 4270 1345 4339 deae
1380 4269 1480 4358 Signo

289 4375 472 4466 deripuit'')
496 4377 683 4445 etiamnunc
708 4379 806 4445 tueri.

293 4515 297 4524 ·
336 4489 389 4554 49.
410 4484 585 4573 Goniogcm
606 4482 804 4573 infidamque
817 4482 958 4554 flacitam
972 4484 1147 4566 familiam,
1170 4487 1321 4575 inponam
1334 4485 1478 4555 domum.
