3244 5012
653 358 864 414 rnoormnnn.
1294 346 1360 417 287

166 544 269 615 quum
290 531 378 598 aliud
401 528 586 617 exemplum
607 532 639 596 ίν
661 533 703 614 τῦ
726 534 829 614 οοιῦῦν
850 533 985 613 ἀξιοῦντι
1008 532 1078 620 (ΠΙ.
1091 533 1161 615 43.)
1181 535 1359 603 malevolus

168 638 325 703 coniector
355 637 537 702 dissecando
567 636 749 722 perdiderit.
789 638 1004 724 (Quamquam
1034 641 1067 703 et
1094 638 1142 704 ibi
1174 639 1360 706 bekkerum

167 740 261 807 rideo
283 739 417 818 ἀξιοῦντι
439 743 591 820 retinere,
621 742 677 808 sed
703 763 766 809 non
788 749 836 810 est
858 742 1071 810 dubitandum
1093 748 1171 829 quin
1192 746 1359 813 verissime

168 846 337 912 coniecerit
366 847 559 933 quicumque
588 849 749 933 primum,
780 846 883 925 ιίξιοῦν
905 871 936 915 τι
959 848 1043 926 iuria
1067 848 1234 931 περαιτέρω
1258 871 1359 930 προνο-

167 953 280 1023 οῦντιιι
310 949 440 1036 λέγειν.)
471 951 528 1017 sed
556 951 631 1019 hino
662 952 823 1038 quodnam
852 952 1017 1041 refugium
1044 950 1263 1040 excogitabisl
1296 952 1361 1021 Sed

169 1053 338 1121 rideamus
367 1057 567 1121 seutentiam.
601 1055 750 1123 Bresidas
778 1059 826 1123 ait
847 1077 881 1123 se
903 1055 987 1125 velle
1009 1058 1045 1122 in
1066 1056 1277 1124 Athenienses
1298 1056 1360 1123 im·

170 1163 284 1245 petum
312 1158 431 1240 ίοοοιο,
461 1159 541 1226 dum
569 1162 722 1247 imparati
748 1166 782 1227 et
803 1163 906 1228 securi
927 1181 1025 1249 prope
1046 1165 1155 1247 portas
1175 1167 1358 1240 morantur,

171 1268 205 1330 et
236 1266 355 1330 sensim
381 1265 519 1330 abeundi
551 1268 658 1353 potine
687 1286 785 1352 qnam
812 1266 964 1332 manendi
991 1264 1161 1331 consilium
1191 1268 1226 1331 in
1253 1265 1360 1332 animo

171 1367 299 1434 babent.
335 1366 389 1434 Sic
419 1370 507 1435 enim
529 1374 710 1448 vertamus,
742 1373 770 1435 si
792 1371 918 1457 placet,·
937 1390 1039 1455 neque
1061 1370 1150 1435 ietud
1172 1369 1265 1435 πλέον
1289 1369 1358 1436 cirri

169 1475 226 1538 νοῦ
255 1476 380 1549 μᾶλλον
406 1494 598 1560 concoquere
619 1495 820 1553 recusemus,
842 1495 883 1540 ne
905 1475 1004 1549 nimis
1025 1475 1159 1560 captiosi
1180 1474 1358 1542 videamur.

170 1574 277 1659 Quid?
300 1598 340 1643 an
361 1579 530 1645 verebatur
547 1600 605 1657 ne,
627 1584 753 1645 mutato
776 1578 924 1658 consilio,
948 1575 1134 1645 manerent?
1155 1576 1358 1645 Ridiculum!

170 1683 262 1769 qnasi
283 1682 432 1749 Bresidas
452 1703 504 1749 eos
526 1683 644 1749 adoriri
666 1689 771 1768 posset
793 1686 858 1749 nisi
878 1688 1053 1749 manerent.
1084 1682 1148 1750 Sed
1167 1686 1215 1751 ita
1232 1704 1360 1751 manere

172 1786 319 1866 volebat,
341 1792 381 1853 ut
403 1807 465 1873 quo
487 1790 554 1854 iam
573 1788 613 1853 de
632 1789 776 1854 abeundo
788 1791 982 1876 cogitarent,
1004 1809 1082 1855 nam
1100 1788 1135 1854 id
1153 1790 1261 1876 ipsum
1280 1794 1361 1855 tem·

172 1895 261 1979 poris
280 1896 366 1971 erat,
389 1911 452 1978 quo
474 1894 717 1979 imparatissimi
740 1898 829 1960 erant
851 1894 964 1960 futuri.
996 1891 1082 1959 Satis
1100 1898 1208 1979 patere
1227 1893 1362 1960 arbitror

173 1995 372 2083 illrum
394 1998 432 2062 dc
453 1997 587 2062 οῦοιιιιιίο
605 1997 753 2080 οορὶίονιί”
769 2018 833 2097 non
852 2000 899 2063 ita
916 1997 980 2064 dici
998 2016 1088 2083 posse
1107 2002 1273 2084 tamquam
1290 2018 1361 2065 oon·

173 2105 310 2168 barium
339 2099 408 2168 fieri
437 2106 561 2189 posset,
590 2107 629 2168 ni
655 2102 754 2168 iidem
779 2103 818 2169 de
839 2124 900 2168 ιιονι
922 2102 1281 2190 abeundocogItarent,
1306 2103 1362 2170 sed

174 2209 316 2296 cogitate
337 2204 531 2292 perficerent.
567 2207 663 2273 Vides
683 2210 787 2296 igitur
808 2228 905 2294 quam
923 2205 1019 2295 longe
1040 2228 1060 2272 a
1081 2206 1232 2274 Brasidee
1254 2212 1363 2275 ments

175 2316 208 2378 et
229 2330 250 2376 a
271 2310 468 2398 Thucydidis
497 2313 638 2377 oratioue
658 2313 843 2379 recesserint
864 2331 945 2397 qnae
962 2311 1057 2379 hodie
1077 2310 1228 2399 legimus.
1251 2313 1363 2399 Neque

174 2421 284 2482 tamen
313 2418 360 2482 ite
388 2415 485 2505 longe
513 2422 551 2482 nt
580 2416 704 2503 perdita
732 2437 916 2503 recuperare
943 2435 1137 2501 nequeamus
1167 2414 1222 2488 ἕως
1244 2454 1287 2466 -
1307 2420 1362 2482 τοῦ

176 2518 343 2597 bremium
373 2520 602 2599 μέλλοντος-
622 2523 678 2597 riu
707 2518 838 2586 ῦιοίιοιοιν
861 2519 993 2601 ἔχουσιν.
1016 2528 1079 2585 ΛΑ
1103 2541 1179 2586 oum
1202 2528 1233 2586 N
1257 2521 1364 2587 confu-

175 2626 266 2694 derat
293 2624 460 2706 librorius;
491 2627 676 2711 supervenit
701 2622 941 2691 Grammaticus
962 2626 1019 2710 qui
1040 2627 1094 2689 roi
1118 2624 1287 2690 ῦιιοιινιίνιιι
1309 2624 1364 2704 ρί-

176 2754 274 2803 νοντοι
304 2752 344 2797 ne
376 2732 513 2816 speciem
543 2728 674 2815 quidem
703 2749 813 2794 sensus
837 2727 986 2813 praebere
1007 2727 1102 2794 vidit
1137 2726 1258 2794 Statim
1279 2728 1364 2796 laon·

176 2856 253 2903 nam
282 2834 407 2912 olfecit,
443 2833 485 2901 ad
515 2853 612 2919 quam
642 2831 879 2918 adimplendam
909 2829 1003 2897 πλέον
1033 2830 1052 2908 ἢ
1082 2835 1136 2897 τοῦ
1165 2839 1365 2900 commentus

177 2945 235 3007 est.
269 2939 360 3006 Idem
381 2938 435 3007 vel
462 2938 606 3004 eiusdem
627 2936 770 3004 familiae
791 2937 889 3002 fuerit
910 2956 1036 3003 necesse
1057 2941 1106 3003 est
1128 2939 1185 3023 qui
1206 2944 1278 3024 post
1297 2936 1365 3015 ξον-

177 3045 336 3127 νιιχίῆνοιι
366 3048 489 3123 ριῦιιιιιον
512 3063 575 3110 non
597 3042 759 3107 dubitavit
778 3041 834 3116 νῦν
857 3040 949 3119 δόξαν
970 3040 1126 3108 infercire.
1161 3042 1272 3131 Longe
1295 3043 1366 3110 ebe·

177 3154 229 3216 ret
249 3154 289 3215 ut
308 3149 446 3234 ορὶνίονιο
466 3149 671 3214 turbarentur
687 3144 814 3214 Cleonis
832 3147 979 3224 comites,
1001 3145 1057 3212 sed
1076 3145 1240 3213 ordinibus
1260 3147 1367 3214 eiiirsis

178 3254 242 3322 hnc
272 3252 351 3321 illue
380 3255 589 3342 vagabantur.
626 3250 711 3319 Oum
733 3254 796 3318 iter
817 3250 951 3316 Eionem
973 3270 1084 3318 rursus
1105 3252 1296 3339 incepissent
1317 3253 1366 3319 iu·

178 3363 290 3425 turum
324 3364 392 3426 erat
425 3365 463 3425 ut
495 3357 585 3424 nullo
618 3355 797 3445 spectaculo
831 3356 976 3422 disuncti
1003 3357 1123 3421 arctius
1152 3357 1365 3441 procederent.

180 3463 284 3543 Quare
313 3464 460 3531 Brasidas
491 3465 577 3530 exire
605 3467 748 3529 maturat
776 3460 844 3542 πρίν
875 3459 989 3533 αὐτοὺς
1019 3459 1209 3541 ξυνοχίῆνοοι
1232 3466 1366 3539 μᾶλλον.

179 3566 267 3633 Inira
292 3567 450 3655 legimus,
480 3570 554 3649 οίνίρρ
583 3568 702 3646 οίγοίίς
728 3567 852 3645 γίγνου,
877 3564 961 3650 qnod
983 3563 1077 3650 plane
1099 3565 1380 3651 contumeliosumv

180 3676 239 3740 est.
275 3671 379 3756 [ecee
408 3672 457 3737 οῦν
486 3674 578 3737 bonae
599 3672 685 3756 fieri.
719 3669 756 3736 In
786 3673 928 3736 mentem
946 3667 1031 3741 mihi
1052 3669 1142 3734 venit
1164 3668 1227 3736 loci
1248 3669 1367 3758 Sopho-

181 3775 243 3843 olei
264 3777 299 3841 in
322 3774 399 3843 Oed.
429 3774 469 3841 R.
494 3774 570 3842 696.
593 3777 651 3843 nbi
672 3776 874 3842 sanissimam
895 3772 1066 3841 lectionem
1088 3768 1167 3841 cod.
1191 3773 1368 3842 Florentini

182 3881 326 3966 primum
348 3879 538 3958 Triclinius,
560 3880 673 3969 deinde
690 3879 878 3946 recentiores
900 3879 1117 3962 corruperunt.

385 3980 417 4058 t,
442 3984 473 4051 τ’
496 3985 576 4064 duale
599 3987 661 4064 γοῦν
686 3982 787 4066 φίλοιν
810 3982 841 4048 ἐν
862 3981 962 4053 πίνοις
984 3979 1082 4047 &bico
1096 4016 1115 4032 -

387 4112 447 4155 rou
469 4091 541 4155 κοτ’
565 4088 644 4169 oste
667 4089 787 4170 οὐρίσας
810 4091 905 4153 eavea
927 4087 957 4151 τ’
979 4084 1016 4151 erl
1028 4121 1049 4135 -

386 4217 509 4274 πομπος
533 4194 558 4260 εί
580 4193 654 4278 ῦῦνρι
677 4197 779 4272 γενοῦ.

228 4297 381 4366 Extrema
410 4298 583 4366 Triclinius
613 4304 652 4364 ut
683 4298 842 4383 strophioo
871 4296 978 4364 versui
1007 4300 1172 4382 aequaret,
1208 4296 1233 4363 εί
1265 4295 1368 4365 bivero

183 4403 294 4482 γίγνου
326 4403 447 4470 soloece
472 4405 607 4489 scripsit.
642 4400 824 4469 Dindorfius
850 4399 1039 4468 Triclinium
1060 4406 1186 4470 secutus
1209 4404 1273 4482 est,
1305 4405 1369 4471 nisi
