3388 5010
288 320 353 389 288
413 384 417 391 ,
685 330 838 377 socientur
863 331 899 378 m
923 331 1075 378 encrensi.

289 510 360 587 post
397 478 553 569 diuelleri
581 497 754 566 editionem
793 497 953 586 plerisque
991 497 1069 563 locis
1105 492 1256 571 delendo,
1292 502 1471 579 quactum

288 625 390 693 posui.

758 891 1005 907 m

332 1127 523 1213 Disputatur
556 1124 692 1193 subinde
724 1126 764 1193 de
796 1126 908 1192 Lucilii
940 1136 1008 1191 orte
1037 1126 1190 1203 metrica,
1219 1124 1297 1211 quid
1319 1126 1473 1195 curaverit

287 1233 320 1297 in
345 1231 515 1310 versibus,
548 1231 626 1318 quid
650 1252 823 1318 numquam
845 1230 1025 1304 admiserit:
1047 1229 1197 1318 equidem
1221 1249 1333 1296 vereor
1353 1249 1394 1297 ue
1416 1250 1473 1318 pa·

286 1355 362 1403 rum
387 1342 476 1402 recte
499 1333 558 1401 boe
583 1354 678 1423 saepe
703 1335 757 1401 liat
786 1336 818 1400 in
843 1354 880 1401 co
903 1342 1009 1421 poeta,
1034 1337 1130 1406 cuius
1152 1355 1193 1401 ex
1217 1333 1330 1401 multis
1342 1334 1472 1402 milibus

285 1458 439 1507 versuum
459 1438 539 1505 nibil
563 1437 718 1505 babemus
740 1448 866 1525 practer
885 1435 1008 1506 liceras
1027 1438 1183 1525 quasdam
1196 1439 1357 1527 reliquiae.
1381 1438 1472 1522 Quod

285 1546 312 1612 si
335 1564 375 1613 ex
394 1546 453 1621 iis,
473 1543 592 1631 quibos
616 1552 743 1632 tempus
769 1544 929 1630 pepercit,
951 1545 1137 1610 coniectura
1156 1543 1302 1612 iacienda
1321 1553 1388 1622 est,
1408 1564 1471 1610 non

288 1670 361 1717 esse
383 1648 513 1716 videtur
535 1669 613 1728 cor,
637 1648 908 1735 quemadmodum
935 1650 968 1715 iu
994 1647 1107 1715 Plauto
1129 1647 1251 1715 factum
1276 1659 1339 1726 est,
1367 1650 1413 1716 sic
1438 1651 1470 1715 in

285 1754 409 1821 Lucilio
432 1754 564 1821 Horatio
582 1753 793 1840 obloquimur
813 1752 930 1819 durum
953 1774 1143 1841 componere
1164 1773 1276 1820 versus
1296 1752 1383 1821 hunc
1401 1774 1471 1841 poe·

287 1867 353 1925 tam
377 1858 508 1925 dicenti.
546 1858 611 1925 Nec
635 1877 710 1923 rero
734 1858 767 1923 in
792 1857 930 1943 singulis
949 1858 1041 1926 valde
1057 1868 1240 1945 repugnant
1259 1858 1471 1926 admiratores
1544 1906 1547 1910 Α

285 1967 373 2041 eius,
397 1962 572 2029 identidem
598 1962 755 2029 Lucilium
781 1962 896 2040 semel,
918 1963 1074 2051 bisqtera
1089 1983 1200 2029 norma
1213 1962 1386 2030 descivisse
1397 1982 1470 2030 oon·

286 2065 451 2142 cedentes:
482 2066 536 2132 ubi
568 2086 642 2133 vero
673 2069 756 2133 ratio
782 2067 987 2134 concluditur
1010 2078 1043 2134 et
1066 2076 1192 2155 poetam
1215 2068 1334 2134 durum
1358 2077 1391 2134 et
1414 2087 1470 2154 qa·

286 2193 361 2239 rum
390 2173 570 2259 elegantem
602 2173 675 2258 quis
698 2170 807 2238 dicere
830 2172 943 2248 audet,
979 2172 1024 2237 ibi
1049 2193 1124 2241 nero
1147 2172 1371 2259 indignantur.
1409 2171 1471 2239 Sed

289 2297 329 2345 ne
346 2276 515 2344 ambitiose
535 2275 664 2362 quidem
686 2277 868 2364 quaerenda
888 2287 966 2344 sunt
985 2277 1150 2365 exempla;
1177 2280 1292 2363 queris
1307 2277 1374 2344 lere
1386 2276 1470 2363 lrag·

288 2390 471 2449 mentorum
498 2381 614 2468 pagina
638 2383 803 2463 invenias,
835 2402 917 2469 qnae
941 2383 1050 2448 lirinus
1074 2384 1221 2451 suaviter
1244 2384 1276 2449 in
1301 2401 1396 2448 aures
1420 2381 1470 2446 in-

287 2485 400 2554 boant.
436 2487 552 2568 Quales
577 2485 749 2566 videntur,
776 2495 811 2555 nt
833 2506 872 2553 ex
897 2486 1009 2553 multis
1027 2486 1149 2574 aliquot
1167 2506 1364 2576 proponam,
1391 2484 1471 2553 tales

288 2591 423 2659 versus?

421 2698 486 2765 Has
510 2697 577 2765 Aeli
603 2700 742 2785 scriptas
765 2718 818 2766 res
841 2697 881 2765 ad
906 2708 938 2764 te
960 2697 1105 2764 misimu'
1131 2699 1222 2765 Luci.

420 2803 485 2869 dut
509 2802 672 2889 Neptunu'
697 2811 807 2889 pater,
832 2801 943 2881 Liber,
968 2802 1124 2869 Saturnu’
1149 2811 1260 2889 pater,
1285 2802 1379 2868 biars.

420 2906 524 2987 Quom
551 2906 616 2973 illic
640 2905 797 2974 vidissent
822 2907 1010 2982 Hortensiu'
1034 2907 1292 2993 Postumiusque.

420 3011 639 3078 Pulmentaria
663 3021 695 3079 et
719 3011 841 3078 intibus
864 3020 921 3079 aot
944 3013 1051 3099 aliqua
1076 3013 1108 3078 id
1130 3032 1232 3098 genus
1255 3009 1367 3088 herba,

284 3135 367 3203 quae
398 3124 476 3181 sunt
505 3135 543 3183 ex
574 3118 688 3203 primis
717 3118 844 3204 paginis
875 3126 994 3184 sumta.
1031 3116 1183 3185 Octavam
1208 3116 1468 3184 hexametrorum

284 3229 409 3308 partem
435 3218 501 3286 dixi
535 3220 679 3307 legitima
707 3241 841 3288 caesura
865 3222 1096 3309 semiquinaria
1119 3241 1230 3288 carere
1253 3221 1342 3287 Goni.
1367 3220 1409 3287 ll.
1436 3240 1467 3305 p.

285 3331 325 3392 71
352 3332 385 3391 et
408 3334 489 3398 not.;
514 3344 670 3394 numerus
693 3325 746 3391 hic
770 3345 833 3391 uon
858 3326 950 3394 valde
973 3346 1060 3392 nuno
1084 3327 1278 3393 imminutus
1300 3333 1359 3391 est.
1394 3324 1470 3392 Nul-

284 3428 335 3497 lus
357 3438 451 3517 poeta
475 3431 603 3517 saepius
623 3454 639 3497 r
663 3430 758 3498 linale
776 3432 927 3497 extrusit.
973 3430 1147 3498 Eliduntur
1171 3451 1234 3498 non
1253 3440 1380 3497 tantum
1402 3449 1470 3495 mo·

284 3533 446 3623 nosqllaba
479 3534 572 3621 longa
605 3536 638 3600 in
669 3535 759 3602 brevi
792 3534 914 3624 syllaba
933 3534 989 3602 sed
1014 3538 1112 3603 etiam
1137 3535 1274 3603 iambica
1296 3532 1468 3610 vocabula,

282 3658 365 3726 quae
397 3647 523 3706 constat
551 3658 664 3726 parum
689 3639 849 3726 elegantia
871 3659 940 3706 esse
962 3642 995 3708 et
1018 3659 1036 3705 a
1056 3641 1218 3728 plerisque
1240 3641 1372 3707 evitata.
1419 3637 1467 3703 (ll.

283 3742 415 3811 Lacbm.
446 3742 487 3809 ad
521 3743 615 3809 Lucr.
649 3744 708 3811 ill.
739 3748 819 3822 aul,
850 3743 1001 3823 Mueller,
1030 3743 1129 3813 dere
1152 3754 1247 3812 metr.
1272 3765 1303 3831 q.
1330 3749 1395 3812 tta
1418 3762 1467 3829 sq.

282 3847 338 3916 Sic
362 3868 474 3917 omnes
499 3849 708 3914 consentiunt
730 3849 900 3936 scripsisse
924 3848 1099 3916 Lucilium:

420 3944 511 4020 inre
535 3952 657 4039 agenda
683 3955 753 4040 ipstl
778 3953 913 4020 ridicula
939 3953 1015 4042 (28,
1042 3954 1099 4044 oo)

418 4057 477 4124 boc
499 4067 567 4125 tum
589 4057 644 4126 ille
665 4056 801 4126 habebat
824 4061 857 4126 et
881 4057 947 4126 lere
970 4079 1097 4127 omnem
1123 4061 1198 4149 (29,
1224 4061 1258 4145 l)

419 4163 504 4229 sicut
529 4170 560 4228 te
584 4185 677 4252 quem
699 4183 820 4251 aequae
845 4164 985 4254 (hexam.
1010 4170 1073 4243 50,
1101 4166 1154 4255 16)

417 4267 502 4332 molo
526 4266 634 4336 bdrcle
656 4280 763 4338 vostro
788 4271 862 4358 (29,
888 4272 944 4358 at)

420 4371 688 4461 ...stabulique
711 4374 792 4466 simo
814 4383 912 4462 atque
935 4376 1082 4444 socordis
1107 4376 1191 4467 (ber.
1217 4380 1275 4453 30,
1300 4370 1356 4451 98)
