3340 5014
277 342 340 416 154
763 364 974 413 urscnonmnr.

273 524 359 602 trilul
381 542 418 601 ut
450 533 614 603 scribatur
642 534 744 602 lirTe
768 554 827 622 pro
842 538 893 607 ὡς.
940 532 1149 599 simillimum
1174 540 1223 599 est
1246 531 1459 619 Euripideum

274 642 308 708 in
333 640 550 708 Andromache
572 646 616 708 80

497 746 593 829 γέρων
615 748 726 820 ἐκεῖνος
751 742 847 811 ὥστε
870 748 899 811 τ’
924 748 1054 828 ὠφελεῖν
1078 743 1189 828 πικράν.

279 971 282 979 f
319 929 394 1016 Cap.
421 933 472 996 10.
497 926 604 994 ἔπεσον
636 929 667 995 δὲ
698 928 752 995 κοί
776 932 830 995 τοῦ
855 927 990 1008 Κίμωνος
1014 929 1039 993 ol
1064 929 1150 1008 φίλοι
1173 924 1289 998 πάντες
1315 927 1462 1005 ὂμοολῶς,

271 1034 322 1110 οὓς
347 1040 497 1117 Περικλῆς
521 1038 798 1117 συνεπῃτιᾶτο
820 1039 874 1100 τοῦ
899 1037 1112 1113 λοικωνισμοῦ,
1149 1034 1223 1117 quia
1250 1031 1308 1096 ioci
1334 1038 1464 1096 seuten-

274 1140 318 1205 tia
352 1138 490 1226 postulet
522 1159 622 1225 »quos
651 1140 791 1206 Pericles
821 1159 895 1205 cunr
928 1140 1062 1205 Cimone
1090 1158 1154 1203 συιο
1183 1136 1462 1209 insimuloocrol‚’'

274 1265 389 1331 oenrpe
412 1262 512 1330 quum
538 1245 649 1310 Cimon
675 1246 707 1311 in
725 1244 875 1311 exsilium
901 1244 1024 1310 eiectus
1047 1252 1131 1310 essct
1156 1243 1232 1331 (nou
1252 1263 1315 1307 ιυιο
1331 1241 1463 1306 insimu-

272 1348 358 1414 labat
389 1349 519 1414 Cimone
548 1349 672 1438 exsule)
704 1359 829 1416 mutato
861 1359 996 1417 occentu
1021 1347 1227 1415 scribendum
1259 1348 1463 1432 συνεπρσίιιτο

273 1474 331 1541 pro
353 1458 574 1538 συνεπρτιάτο,
599 1475 656 1541 pro
681 1453 868 1542 imperfecto
888 1453 1249 1541 plusquamperfectum.

317 1634 392 1721 Cup.
420 1639 471 1701 11.
495 1635 616 1719 χιλίους
639 1635 696 1715 μὲν
719 1636 835 1706 ἔςειλεν
857 1638 899 1709 είς
923 1636 1101 1718 Χερρόνησον
1124 1634 1312 1717 κληρούχους
1335 1673 1379 1686 -
1400 1633 1463 1700 άλ·

272 1756 342 1816 λονς
367 1741 393 1806 δ’
417 1742 459 1815 είς
491 1742 632 1810 Ἰτοιλίοιν
662 1740 845 1825 οἰκιζομένης
877 1740 1063 1823 Συβάρεως,
1089 1732 1122 1814 ἣν
1147 1740 1287 1822 Θουρίους
1311 1742 1464 1822 προσηγά-

272 1871 394 1928 ρευσιιν.
443 1846 574 1913 Duobus
608 1846 746 1914 literulis
775 1848 920 1933 repetitis
950 1846 1156 1913 scribentium
1193 1845 1461 1927 ἈΝοικιζομένιις

273 1953 382 2019 lleleta
418 1951 551 2041 Sybaris
586 1972 604 2017 a
647 1951 769 2019 Pericle
810 1953 985 2019 instaurato
1021 1960 1082 2018 est.
1140 1952 1309 2018 Praeterea
1346 1972 1464 2039 repone

273 2056 427 2138 Συβάριος
458 2077 516 2143 pro
545 2055 723 2139 Συβάρεως.
771 2058 851 2124 Noto
885 2078 945 2124 usu
984 2059 1112 2123 nomina
1145 2059 1272 2143 propriu
1306 2056 1336 2123 id
1362 2079 1464 2144 genus

272 2164 416 2229 retinent
428 2163 593 2249 antiquam
604 2162 740 2233 formam
754 2164 908 2229 lonicum.
925 2162 1163 2252 Thucydidesl.
1176 2167 1229 2228 64.
1239 2161 1274 2241 ἐξ
1286 2164 1464 2246 Ἀφύτιος

274 2267 468 2349 ὁρμώμενος,
492 2279 525 2333 et
551 2267 605 2334 ubi
630 2289 690 2334 uon
717 2267 869 2355 leguntur
893 2268 1031 2335 similla?

321 2374 396 2440 Post
421 2393 521 2464 pauca
546 2375 578 2438 in
604 2375 711 2441 uerbis
734 2374 866 2456 φρουρίου
889 2379 943 2440 τοῦ
966 2377 1010 2453 μὴ
1034 2374 1215 2456 νεωτερίζειν
1240 2374 1296 2463 [τι]
1320 2398 1465 2456 πάροικο-

274 2478 411 2563 τοικίζων
433 2487 497 2553 τοῖς
527 2478 710 2561 συμμάχοις
743 2499 851 2546 reseca
877 2481 1097 2567 importunum
1121 2491 1227 2557 Tlfflex
1253 2489 1406 2566 sequente
1435 2491 1463 2545 Π

276 2587 357 2653 vitio
381 2594 507 2652 ualurru.

321 2767 396 2852 Cep.
421 2770 472 2832 12.
497 2760 560 2840 tl·
584 2766 713 2835 ἔνεςιν
733 2767 817 2847 αὐτῷ
837 2766 910 2849 πρὸς
925 2767 994 2840 τοὺς
1016 2767 1229 2846 ἐγκαλοῦντος
1250 2763 1464 2848 εὐπρεπεςάτιρ

275 2879 334 2939 τῶν
357 2871 605 2955 προφάσεων-
625 2870 744 2947 τούτων
767 2873 896 2955 άνρίρηκε
921 2880 1089 2955 Περικλῆς,
1114 2892 1171 2959 pro
1196 2872 1272 2942 ἕνεςι
1294 2874 1467 2939 restituen-

275 2976 353 3043 dum
386 2985 435 3043 est
469 2974 603 3063 simplex
635 2967 702 3051 ἥδ’
735 2975 817 3046 isto
841 2978 935 3059 αὐτῷ.
985 2977 1071 3044 ldeut
1094 2985 1143 3044 est
1167 2976 1230 3060 ἔχοι
1255 2977 1411 3060 πρόφασιν
1435 2984 1467 3043 cl

276 3068 321 3151 ἔτι
344 3106 396 3163 μοι
420 3082 597 3165 πρίφοισις,
622 3102 683 3148 noo
709 3081 815 3153 ἔνεςιν.
863 3086 994 3150 Ἐυεῖνοιι
1023 3082 1143 3148 honrini
1162 3104 1232 3150 esse
1256 3082 1413 3150 dicuntur
1431 3103 1467 3150 eu

277 3188 385 3253 omnia
408 3206 491 3272 quae
512 3185 551 3252 od
573 3186 710 3254 indolem
725 3197 781 3254 out
795 3197 944 3255 naturam
967 3189 1156 3276 plerumque
1174 3190 1291 3268 enimi,
1311 3209 1468 3255 nonnum·

276 3312 373 3381 quom
398 3299 431 3358 et
455 3293 617 3379 corporis,
641 3294 816 3383 pertinent.

324 3398 438 3464 Paucis
462 3398 660 3484 interpositis
683 3398 816 3485 legitur:
842 3399 1000 3466 ἐδίδασκεν
1021 3396 1072 3467 οὖν
1094 3401 1109 3465 ὃ
1132 3409 1282 3482 Περικλῆς
1299 3400 1351 3465 τὸν
1373 3401 1468 3478 δῆμον

275 3500 320 3571 ὅτι
340 3504 512 3585 χρνιμάτων
530 3504 588 3583 μὲν
608 3506 661 3569 οὐκ
680 3507 836 3589 ὀφείλουσι
857 3515 922 3579 τοῖς
938 3505 1123 3588 συμμάχοις
1139 3506 1231 3585 λόγον
1244 3544 1284 3555 -
1299 3507 1363 3572 δεῖ
1379 3506 1411 3572 δὲ
1423 3544 1467 3556 -

276 3612 319 3683 εἰς
341 3614 449 3676 τοῦτον
476 3612 533 3687 rto
556 3610 698 3692 εὖπορίοον
721 3611 853 3693 τρέπειν.
901 3612 983 3678 Vera
1008 3611 1102 3677 lectio
1126 3620 1176 3678 est
1200 3619 1303 3678 ΔΕΙΝ
1328 3610 1378 3687 δέ,
1403 3631 1467 3677 non

274 3715 332 3783 δεῖ.
381 3713 458 3783 seu
482 3716 514 3781 in
532 3716 654 3783 talibus
677 3717 817 3785 Graecae
840 3717 1083 3803 compositionis
1103 3717 1186 3783 ratio
1211 3725 1246 3783 ut
1264 3716 1317 3782 ubi
1339 3714 1384 3783 ὅτι
1404 3736 1466 3782 non

275 3820 1192 3910 rwwmfflmmmmmmmw.

323 4003 402 4090 Cap.
440 4008 490 4071 15.
514 4002 614 4070 κοίτου
645 4003 721 4070 ποτέ
751 4004 850 4088 φυσιν
880 4004 1084 4087 Ἀχοιίάρχου
1107 4009 1162 4071 τοῦ
1184 4000 1352 4087 ζῳγράφον
1377 4003 1469 4083 μίμου

273 4114 452 4193 φρονοῦντος
477 4108 527 4175 lori
552 4112 595 4191 τῷ
617 4112 706 4191 τοιχὺ
730 4112 783 4177 ccl
807 4112 914 4198 ῥᾳδίως
937 4112 980 4187 τά
1003 4110 1068 4193 ζῷον
1090 4119 1184 4177 ποιεῖν
1208 4111 1389 4178 άκούσοιντοι
1413 4109 1466 4174 τίν

273 4212 381 4292 Ζεῦξιν
412 4215 509 4279 εἰπεῖν
546 4215 625 4294 »ἐγὼ
655 4216 687 4283 δὲ
716 4220 821 4301 πολλῷ
850 4219 983 4301 χρίνῳ,”
1031 4215 1181 4302 Negleclu
1214 4226 1263 4282 cst
1293 4214 1408 4281 liueola
1434 4215 1468 4279 in

274 4307 628 4411 ebullientemque
650 4327 712 4406 tou
731 4328 757 4393 δ’
781 4328 820 4392 ἐν
843 4330 949 4410 πολλῷ
970 4326 1081 4410 χρίνρι.
1129 4327 1164 4393 ln
1184 4325 1306 4392 talibus⁴
1320 4343 1468 4392 necesso·

238 4456 253 4479 τ
272 4434 321 4499 rio
361 4450 496 4519 prorsus
530 4432 723 4519 praepositio
765 4441 814 4500 est
848 4452 953 4520 ireque
989 4432 1053 4499 ullo
1084 4431 1179 4500 modo
1215 4432 1322 4497 ornitti
1354 4436 1468 4518 potest.
