3244 5012
671 355 842 403 domnion.
1297 337 1360 404 357

170 530 202 589 et
229 549 264 601 μ.
298 523 350 590 73.
384 523 442 590 δύο
475 525 620 591 οκθπελοι
642 532 675 591 et
697 528 742 590 sie
764 490 889 610 saepius
912 524 1001 590 alibi.
1035 523 1208 591 Homerios
1230 545 1357 592 consue·

168 630 246 695 tudo
269 630 376 716 palam
398 628 435 694 fit
458 629 570 717 Odyss.
596 655 620 695 ε.
647 628 724 696 388.

305 733 472 818 ἐνθαδῦΩ
497 735 610 810 νύκτας
634 735 700 801 too
726 733 757 801 τ’
782 735 893 812 ἤματα
916 735 1035 813 κύματι
1059 736 1152 816 πηγῷ

304 840 454 921 πλάζετο.

169 943 254 1011 solae
283 948 435 1012 metricae
464 948 602 1013 rationes
633 951 706 1012 utra
736 950 780 1012 sit
805 947 925 1032 ubique
950 950 1108 1033 scriptura
1129 968 1204 1014 vora
1229 948 1358 1014 demon·

169 1056 279 1115 strant.
316 1050 427 1136 ltaque
450 1054 484 1116 in
506 1057 612 1118 vetere
635 1050 762 1117 oraculo
785 1052 825 1117 ad
848 1051 941 1117 Iliad.
966 1061 1003 1117 E.
1029 1049 1083 1116 64.
1106 1051 1297 1140 legendum:

303 1157 397 1221 τίπτε
421 1156 494 1222 δύΩ
518 1158 670 1235 βαοιλῆες
695 1158 709 1221 θ
733 1157 791 1234 μὲν
812 1156 920 1234 Τρώων
944 1158 959 1222 θ
982 1156 1009 1221 δ’
1033 1157 1174 1237 Ἀχαιῶν

304 1260 399 1326 οὐκέθ’
422 1262 486 1338 θεοῦ
509 1262 683 1342 Φρονὲοντες
707 1264 780 1341 ἐμὸν
802 1262 893 1340 δθμον
916 1261 1120 1339 εῖοανέβντε;

214 1409 315 1477 Credo
334 1410 513 1478 Homerum
532 1415 759 1479 Atheniensem
778 1413 880 1479 forma
899 1414 1008 1478 Attica
1025 1433 1122 1478 usum
1133 1412 1230 1478 fuisse
1242 1411 1355 1498 Odyss.

169 1524 207 1580 E.
232 1516 308 1582 260.
332 1519 389 1583 ubi
412 1540 496 1584 nuno
519 1518 641 1583 editur:

257 1625 287 1687 ἐν
311 1623 338 1688 δ’
362 1624 475 1704 ῦπέρας
498 1647 534 1687 τε
557 1624 707 1690 κιθλΟΤΟ
731 1647 766 1688 τε
790 1624 887 1696 πόδας
910 1627 938 1689 π’
963 1623 1098 1698 ἐνέδησεν
1121 1627 1150 1689 ἐν
1175 1625 1267 1705 αὐτῇ.

169 1729 264 1793 toties
294 1731 381 1794 enim
412 1714 486 1794 vidi
511 1728 615 1811 κθλῳ,
650 1729 768 1811 κιῖλῳς,
799 1730 902 1803 κοίλας
933 1729 1018 1796 male
1040 1731 1074 1794 in
1097 1728 1206 1806 κοῖλοι,
1230 1725 1357 1804 κοίλοις,

170 1830 285 1907 κθλονς
306 1835 493 1919 depravata,
513 1840 551 1898 ut
569 1834 652 1899 mihi
673 1835 809 1903 subnata
828 1839 871 1899 sit
891 1834 969 1900 olim
984 1836 1121 1920 suspicio
1135 1834 1358 1921 perantiquam

168 1940 359 2024 scripturam
393 1948 538 2004 KAAOC
571 1939 656 2005 male
690 1940 879 2025 descriptam
916 1941 1013 2007 fuisse
1043 1943 1078 2005 in
1111 1938 1226 2012 κάλους
1256 1956 1357 2022 quum

166 2042 270 2118 νθλινς
308 2046 508 2129 oportuisset.
552 2045 589 2109 In
618 2045 776 2130 Epicratis
805 2045 985 2132 frag-mento
1015 2046 1100 2131 apud
1129 2045 1245 2111 Athen.
1276 2060 1351 2128 pag.

170 2146 245 2215 782.
270 2149 306 2215 E.
332 2152 367 2214 in
390 2147 504 2215 Codice
527 2149 692 2214 Marciano
716 2156 780 2215 est:

304 2254 357 2319 καὶ
381 2255 451 2325 τοὺς
475 2253 587 2326 κθλους
610 2251 701 2319 ἔκλυε
724 2256 776 2320 καῖ
800 2255 895 2335 χάλα
918 2257 1010 2322 πθδα.

167 2364 252 2425 recte
273 2365 399 2445 reoepta
421 2364 469 2426 est
490 2358 692 2425 Valckenarii
714 2361 893 2428 emendatio
916 2364 1054 2431 κθλΩΟ.
1090 2361 1201 2428 Obiter
1224 2356 1357 2424 emenda

168 2485 297 2530 versum
319 2465 539 2550 Aristophanis
562 2467 596 2528 in
618 2465 779 2550 Equitidss
802 2465 879 2531 766.

305 2573 355 2634 νῦν
377 2568 413 2642 δή
437 2593 472 2633 σε
494 2570 603 2634 πάντα
627 2569 675 2634 δεῖ
696 2570 800 2635 κιθλιον
823 2568 934 2646 ἐξιέναι
957 2574 1108 2634 σεαυτοῦ.

170 2693 307 2757 namque
337 2674 541 2758 proverbium
565 2678 613 2738 est
637 2672 744 2738 πάντα
769 2684 827 2738 ΔΗ
851 2674 953 2740 κοῖλον
977 2674 1104 2751 ἐξιέναι,
1127 2679 1165 2739 ut
1187 2671 1274 2736 κολα
1300 2676 1359 2733 ΔΗ

169 2786 346 2855 παταγεῖς,
371 2782 464 2844 utin
487 2778 650 2863 Euripidis
674 2780 783 2843 Medea
806 2777 883 2843 280.

305 2884 405 2963 ἐχθροὶ
429 2883 493 2963 γὰρ
516 2882 615 2959 ε’ξιιῖοι
640 2882 747 2948 πάντα
769 2884 805 2957 δῦ
829 2883 950 2948 κιθλαν.

167 2988 278 3074 Itaque
300 2993 394 3072 potita
416 2989 557 3054 dixerat:

306 3098 356 3158 νῦν
380 3103 452 3158 del
475 3118 510 3159 οε
534 3090 641 3158 πάντα
664 3103 723 3158 ΔΗ
747 3094 850 3159 κοίλαν
874 3092 984 3169 ἐξιέναι
1004 3098 1152 3158 σεαυτοῦ.

167 3198 217 3263 Ex
236 3198 339 3269 κοῖλος
359 3200 516 3266 formatur
532 3199 724 3276 καλΩῙδιον,
744 3220 807 3265 non
827 3197 987 3279 καλώδιον,
1008 3204 1045 3265 ut
1064 3205 1112 3266 est
1126 3201 1161 3265 in
1176 3198 1356 3286 fragmento

166 3302 333 3388 Eupolidis
356 3305 440 3389 apud
462 3304 670 3370 Eustathium
693 3326 766 3392 pag.
793 3302 898 3383 1535,
919 3303 978 3370 .18.

306 3412 343 3475 σὺ
367 3410 397 3474 δὲ
422 3409 464 3474 τθι
489 3411 626 3505 καλώδια
648 3410 748 3475 Ταῦθ’
769 3412 930 3491 νἰρκυιθρει.

167 3512 294 3603 nullum
329 3522 377 3580 est
411 3518 498 3580 enim
530 3513 733 3594 daunenstade
763 3518 852 3579 in-
867 3522 1012 3581 ΩΔΙΟΝ
1044 3517 1151 3579 exiens
1180 3516 1236 3578 aut
1266 3513 1355 3573 in-

165 3625 323 3695 AAION,
358 3619 412 3684 sed
446 3619 816 3703 ἰιι-ῴδιον,-ςῖδιον,
852 3619 1017 3700 καλῴδιον,
1047 3616 1166 3700 ζῴδιον,
1198 3613 1351 3698 κρεᾴδιον,

165 3721 284 3804 ἐλᾴδιον
314 3729 346 3787 et
372 3723 502 3789 similia.
535 3722 777 3790 ln-rnron
800 3731 928 3790 tautum
953 3734 966 3789 1
989 3725 1171 3801 omittitur,
1195 3720 1348 3803 ῖχθθδιον,

165 3825 320 3907 βοτρύδιον
345 3834 404 3894 oet.

210 3976 248 4040 ln
270 3977 426 4042 vsrsioulo
450 3975 608 4065 Odysseae
631 4002 664 4041 π.
694 3977 746 4042 44.
772 3983 804 4043 et
828 3977 916 4044 alibi.

303 4079 363 4157 ἦτ’,
386 4078 407 4146 ὦ
430 4080 516 4157 ξεῖν’,
540 4086 628 4161 ἡμεῖς
653 4083 684 4148 δὲ
706 4082 759 4148 καὶ
784 4081 890 4147 ἄλλοθι
913 4082 1023 4163 δήομεν
1046 4081 1149 4164 ἕδρην.

168 4188 310 4273 suspicor
339 4186 382 4250 τθι
414 4189 548 4253 Ἀττικοὶ
578 4188 760 4270 γράμματα
792 4197 903 4254 Heco
930 4188 1015 4255 male
1038 4188 1195 4274 descripta
1218 4206 1284 4254 esse
1307 4209 1358 4253 ra*

166 4292 424 4377 ponendumque:

304 4395 387 4474 ἧσο,
410 4395 495 4476 ξεῖν’,
519 4402 606 4477 ἡμεῖς
633 4399 682 4465 δέ.
710 4401 775 4464 κτὲ.
