3276 5006
561 369 604 415 ιιι
629 368 786 418 siarcum
808 368 959 419 ooaauu.
1291 350 1354 417 115

160 537 268 608 curat,
298 537 337 598 ut
368 554 470 619 neque
501 542 683 622 temporum
712 536 815 603 ullam
844 541 1000 605 rationem
1026 538 1107 604 solet
1134 538 1267 615 habere,
1297 537 1353 603 sed

160 657 279 723 magna
301 636 448 703 libertate
479 642 607 727 ingenio
636 642 808 729 indulgens
833 645 941 711 omnia
962 643 1001 708 de
1020 662 1137 729 gauere
1157 642 1218 708 hoo
1238 643 1354 707 missa

159 745 193 805 at
214 741 389 807 confundit.
430 742 562 812 Duritar
583 746 643 812 hoc
665 749 793 813 nomine
815 749 997 831 increpatur
1018 747 1058 812 ab
1081 746 1244 812 Athenaeo
1264 765 1352 831 pere·

159 845 266 909 rudito
288 846 418 912 homine
440 847 495 913 sed
518 850 686 915 acerbioris
707 853 829 938 ingenii
840 857 874 915 et
892 851 932 916 ab
951 851 1071 917 iudicio
1089 850 1198 936 paullo
1217 848 1351 917 infirmi·

159 968 227 1028 oro,
249 952 305 1034 qui
316 953 440 1035 copiose
459 951 713 1019 demonstratio
732 954 837 1023 πολλοὶ
850 954 864 1019 l
879 954 1011 1021 Πλάτων
1029 956 1114 1034 παρὰ
1136 954 1208 1027 τοὺς
1225 952 1350 1035 χρόνους

160 1052 332 1133 ἁμαρτάνει
352 1053 465 1142 Vpag.
478 1054 556 1122 217.
576 1078 643 1142 sqq.
678 1058 800 1125 Eodem
818 1061 946 1124 nomine
965 1057 1134 1124 Platonem
1149 1046 1350 1143 mpraheudit

160 1157 316 1225 Aristides
349 1157 440 1224 Tom.
465 1158 505 1224 Π.
529 1181 602 1248 pag.
627 1159 694 1227 370
722 1183 788 1248 sqq.
820 1168 853 1228 et
882 1183 955 1249 pag.
981 1160 1057 1227 435.
1089 1161 1145 1228 sad
1171 1161 1286 1228 leniter
1316 1166 1349 1227 et

160 1263 302 1329 modeste
331 1267 370 1329 ut
397 1262 564 1330 Platonem
593 1285 704 1331 amans
734 1272 767 1332 et
789 1267 959 1332 admirans.
1006 1265 1094 1332 Audi
1122 1265 1200 1351 quid
1230 1267 1350 1332 scribat

160 1387 234 1454 pag.
260 1365 335 1433 373.
367 1368 443 1431 ἀλλ’
474 1365 519 1436 ἔτι
549 1374 654 1436 ταῦτα
684 1370 747 1435 dari
778 1376 832 1443 τῆς
864 1377 924 1435 τῶν
947 1369 1112 1448 Διαλδραν
1134 1367 1272 1445 ἐξουσίας
1295 1370 1348 1435 καὶ

160 1471 317 1544 συνηθείας
340 1472 519 1551 ὡρμημένα.
544 1475 586 1555 τῶ
610 1474 673 1554 γὰρ
697 1469 845 1547 ἅπαντας
862 1475 975 1548 αὐτοὺς
993 1468 1130 1548 ἐπιεικῶς
1147 1469 1225 1540 εἶναι
1245 1473 1348 1540 atdr-

160 1597 252 1652 ματα
283 1575 335 1639 καὶ
367 1575 492 1641 πλέκειν
523 1574 633 1652 ἐξεῖναι
664 1577 701 1644 a·
723 1574 763 1643 ὧν
793 1575 831 1643 ἄν
861 1602 909 1651 τις
941 1576 1096 1656 βούλονται
1126 1576 1207 1645 isac!
1235 1599 1267 1643 τι
1288 1578 1348 1647 adr

160 1686 223 1751 τοῖο
244 1677 349 1757 λόγοις
371 1681 477 1752 αὐτοῖς
500 1682 533 1745 οὐ
555 1681 676 1762 σφόδρα
698 1686 803 1762 τηροῦν
824 1682 880 1755 τὴν
902 1683 1061 1757 ἀλήθειαν.

205 1784 347 1850 Perdunt
373 1804 502 1869 operam
530 1785 587 1869 qui
615 1785 693 1853 haec
722 1784 904 1864 πλάσματα
932 1790 991 1852 aut
1021 1788 1105 1853 inter
1126 1804 1160 1852 se
1180 1783 1348 1852 conciliare

149 1893 311 1974 'satagunt
331 1894 388 1952 aut
409 1886 554 1953 Platonis
576 1891 610 1954 in
632 1910 670 1955 ea
688 1911 722 1956 re
740 1892 897 1956 incuriam
914 1890 1022 1956 verbis
1040 1888 1165 1956 elevare
1183 1892 1345 1955 conantur.

204 1991 330 2057 Diserta
358 1989 504 2058 definivit
530 2013 668 2070 annum,
704 2015 766 2078 quo
796 1995 873 2060 haec
899 1993 1070 2060 aSocrate
1099 1993 1262 2078 disputata
1290 1990 1346 2057 fm-

158 2101 282 2182 guutur
303 2115 376 2181 pag.
401 2092 478 2161 473.
502 2113 532 2160 ι.
556 2095 608 2160 καὶ
632 2106 783 2163 neam
805 2097 966 2176 βουλεύειν
988 2097 1098 2178 λαχὼν
1122 2095 1226 2169 ἐπειδὴ
1250 2096 1346 2172 siluis

160 2200 247 2280 Φυλὶι
279 2197 462 2278 luperciacus
493 2198 546 2265 καὶ
571 2199 630 2266 ἔδει
652 2223 695 2279 με
716 2201 917 2284 ἐπιψηφίζειν
939 2200 1068 2280 γέλωτα
1091 2208 1251 2283 παρεῖχον.
1297 2199 1347 2266 Ex

159 2304 310 2372 1ιοοΙοοο
332 2303 465 2391 colligas
486 2325 568 2371 anno
591 2305 657 2370 405
679 2307 738 2372 1ιοε
760 2327 920 2373 sermones
941 2306 1066 2382 haberi,
1091 2306 1146 2370 sad
1169 2324 1243 2391 pag.
1267 2303 1345 2370 503.

159 2426 188 2474 o.
213 2414 440 2475 commemorat
473 2408 626 2488 Περικλέα
660 2411 774 2475 τουτονὶ
805 2413 857 2477 τὸν
886 2418 1055 2476 ΝΕΩΟΤΙ
1087 2406 1343 2482 τετελευτηκότα.

159 2513 309 2579 Mortuus
338 2516 386 2577 est
415 2511 552 2579 Pericles
574 2533 655 2578 anno
678 2512 762 2591 429,
794 2514 829 2579 id
855 2520 904 2579 est
924 2514 1034 2593 αι’ρίιιοί
1056 2520 1085 2577 et
1106 2513 1345 2596 ρκοοιιοοόιιιιίο

158 2626 242 2687 anta.
289 2615 566 2684 Commemoratur
591 2637 664 2704 pag.
689 2616 755 2683 472
776 2637 808 2683 ι.
855 2618 964 2683 Nicias
991 2617 1042 2681 his
1070 2616 1194 2682 varbisa
1227 2637 1345 2694 αορτυ·

159 2723 282 2804 ρήοουοί
305 2744 349 2786 τοι
372 2721 486 2793 Νικίας
510 2721 525 2786 t
548 2720 722 2801 Νικηράτου
746 2722 799 2787 καὶ
823 2722 848 2786 ον’
871 2721 1013 2802 ἀδελφοί.
1059 2718 1162 2785 Periit
1182 2715 1292 2784 Nicias
1310 2719 1345 2783 in

157 2825 271 2892 Sicilia
293 2845 373 2890 anno
397 2821 478 2900 413,
506 2823 541 2888 id
566 2830 615 2889 est
636 2831 698 2889 οοοο
720 2828 810 2891 annis
832 2829 914 2889 ante.
962 2820 1238 2888 Commemoratur
1258 2820 1345 2887 Alci·

158 2930 267 2996 biades
295 2949 369 3016 pag.
395 2925 470 2992 510.
494 2946 524 2993 Β.
557 2927 761 3009 ἐπιλήψονται
791 2932 845 2993 τοῦ
877 2926 951 3002 ἐμοῦ
981 2924 1100 3005 ἑταίρου
1130 2919 1343 3002 Ἀλκιβιάδου.

158 3034 338 3100 Alcibiades
368 3053 449 3098 anno
479 3031 544 3096 405
575 3030 723 3098 exulabat
752 3038 785 3098 et
806 3051 887 3097 anno
910 3034 982 3115 post
1003 3032 1037 3094 in
1059 3030 1137 3094 Asia
1159 3016 1344 3095 interfectus

158 3144 217 3204 est.
263 3137 351 3205 Haec
379 3139 482 3223 igitur
510 3138 594 3201 inter
624 3157 657 3202 se
686 3142 793 3221 aptare
815 3142 848 3202 et
868 3154 1053 3220 componere
1075 3132 1159 3217 vella
1182 3132 1343 3204 domantia

156 3247 215 3307 ast.
261 3241 440 3328 Insigniora
461 3243 559 3306 etiam
581 3240 632 3305 his
654 3241 748 3307 Plato
769 3244 804 3305 in
826 3240 972 3325 δρινροιίο
994 3243 1027 3304 et
1046 3240 1080 3303 in
1107 3239 1272 3304 Μοκοοοκο
1291 3236 1342 3303 da

157 3347 316 3432 signavit,
348 3344 402 3409 sed
431 3343 514 3409 nihil
535 3345 651 3411 horum
674 3345 804 3411 curabat
825 3343 881 3409 ille
902 3346 959 3428 qui
983 3342 1032 3427 (ut
1054 3342 1165 3407 scribit
1186 3341 1342 3407 Aristides

155 3448 247 3513 Tom.
279 3447 320 3513 11.
343 3468 417 3534 pag.
443 3447 507 3513 162
529 3448 553 3534 ¹)
585 3450 701 3514 κκίιὶκι
722 3471 858 3534 umquem
883 3448 950 3511 ulla
970 3449 1009 3510 de
1029 3468 1062 3509 re
1083 3444 1248 3511 teciimonio
1270 3464 1342 3506 εοεαε

154 3560 208 3617 eat.

200 3656 321 3722 Utilius
343 3658 421 3732 erit,
448 3659 476 3721 si
497 3655 682 3721 ullomodo
703 3658 779 3720 sciri
800 3659 921 3739 potest,
945 3652 979 3717 id
998 3655 1077 3717 scira
1096 3670 1158 3735 quo
1178 3650 1243 3717 fore
1259 3651 1340 3714 tom·

153 3780 229 3843 pore
253 3761 379 3840 θονρνοε
401 3780 420 3825 a
442 3759 575 3825 Platone
597 3762 733 3844 scriptus
756 3759 863 3823 fuerit.

199 3863 285 3928 Mihi
307 3863 345 3928 de
367 3884 405 3928 ea
425 3884 459 3928 re
480 3864 567 3928 idem
588 3862 673 3946 quod
693 3860 817 3925 Editori
835 3857 979 3927 videtur:
1002 3857 1085 3919 laud
1101 3856 1147 3919 itu
1165 3855 1256 3918 mulio
1267 3860 1339 3936 poc

152 3966 283 4031 Βοοτοοίε
315 3974 432 4030 maiam
466 3966 631 4053 dialogum
665 3984 732 4028 esse
764 3964 918 4044 scriptum
949 3965 982 4023 et
1010 3958 1143 4025 editum.
1190 3957 1337 4041 Namque

152 4089 215 4133 non
244 4090 307 4135 uno
337 4073 371 4133 in
401 4070 469 4135 loco
500 4070 539 4134 de
568 4067 695 4134 Socrate
724 4067 834 4149 iniquo
855 4063 973 4129 iudicio
997 4066 1213 4130 circumvento
1236 4061 1336 4146 deque

189 4322 214 4382 1)
233 4318 281 4368 δεῖ
297 4317 334 4383 δή
351 4334 438 4375 τινος,
462 4300 631 4381 sillictus,
657 4315 704 4364 arri
722 4314 873 4381 μάρτυρος,
899 4297 990 4361 ὄνόν
1015 4311 1160 4380 μαρτύρων
1177 4312 1328 4382 ὑπερορῶν,

151 4399 237 4457 αὐτὸς
254 4398 287 4450 ci
305 4399 444 4451 οὐδὸνεοτε
463 4399 497 4449 ἂν
514 4398 655 4465 φωραθεὶς
673 4388 749 4458 οἶμαι
767 4393 977 4463 spongeosum
993 4393 1119 4463 μάρτυρι.
