3276 5006
681 356 870 405 Peuma.
1328 336 1371 403 to

177 515 332 606 111705
356 521 390 599 6,
423 526 480 589 ubi
510 532 680 612 postquam
710 531 852 595 semovit
882 534 955 593 ante
986 547 1130 616 pugnam
1161 527 1202 593 sd
1224 525 1374 592 Trebiam

178 622 344 692 Tiberium
374 628 496 695 elatum
517 632 622 700 fausto
644 636 679 699 in
702 633 888 701 velitatione
911 634 1049 718 quedam
1072 652 1204 698 suorum
1227 653 1374 698 successu

177 731 213 797 id
234 734 336 820 egisse
358 739 516 819 utquam
538 740 681 822 primum
705 743 772 806 acie
792 726 1027 816 deccmeretur,
1052 737 1245 804 consultosse
1266 743 1373 804 tamen

177 839 266 923 prius
285 837 441 928 collegam
461 862 557 909 suum
568 842 741 922 Publium,
763 848 816 911 cui
834 864 897 909 non
915 844 1037 911 unedo
1056 864 1151 910 causa
1165 845 1373 911 temerarium

177 945 286 1009 visum
309 966 376 1012 esse
398 929 519 1013 tiberii
542 949 732 1029 consilium,
763 952 811 1016 ita
832 953 955 1037 pergit:
981 950 1023 1016 διὸ
1048 949 1100 1015 καί
1125 950 1269 1022 τοιούτοις
1292 949 1373 1031 χρύ-

178 1072 267 1124 μενος
288 1060 451 1129 λογισμοῖς
474 1054 611 1132 μένειν
644 1053 758 1130 ἠξίου
783 1056 834 1120 τόν
856 1056 994 1135 Τιβέριον
1015 1057 1141 1122 ἐπὶτῶν
1161 1052 1373 1136 προκειμένων.

179 1152 271 1235 Quod
293 1157 371 1242 quid
392 1161 451 1235 sit,
476 1180 540 1224 non
560 1165 665 1246 potest
688 1160 824 1226 dubium
846 1182 912 1227 esse
934 1166 1006 1248 post
1029 1160 1115 1227 dicte
1137 1162 1155 1246 ἠ
1175 1159 1196 1225 2
1220 1160 1373 1241 προέκειτο

179 1261 235 1339 μὲν
259 1257 306 1327 ούν
329 1265 414 1343 αύτῷ
437 1263 591 1347 (Tiberio)
613 1266 700 1332 κατὰ
720 1269 774 1342 τήν
796 1269 874 1333 ίδίαν
897 1271 1023 1346 γνώμην
1047 1267 1180 1348 χρήσόαι
1205 1274 1267 1338 τοῖς
1292 1289 1374 1346 παρ·

178 1371 277 1440 ούσιν.
303 1370 323 1433 i.
350 1389 377 1435 e.
401 1371 457 1445 τήν
478 1373 616 1453 ταχίςκν
639 1381 735 1453 κρῖναι
759 1374 801 1437 τό
825 1370 895 1438 όλα.
929 1371 1001 1439 Hoc
1023 1371 1107 1437 illud
1130 1377 1196 1438 est:
1220 1372 1269 1437 nit
1290 1372 1374 1436 ιἰιύσα

179 1479 222 1537 eut
244 1474 337 1538 οόααιιι
358 1475 408 1538 nit
428 1482 513 1540 οαύνα
534 1484 576 1542 ecl
599 1478 633 1542 ιἰι
651 1501 726 1543 τινος
744 1478 837 1543 duri!
855 1478 964 1545 Redde
983 1476 1137 1565 Polybio:
1151 1478 1280 1563 (μήίμί
1291 1501 1375 1545 νειν

181 1578 281 1657 ἠξίου,
304 1600 384 1666 quoe
407 1584 489 1649 ratio
510 1581 643 1655 leuitate
665 1587 768 1651 vincit
790 1583 925 1651 alteram
948 1584 1049 1662 μένειν
1075 1586 1156 1672 (οὐκ)
1169 1583 1251 1661 ἠξίου
1264 1591 1374 1671 estque

180 1685 433 1769 ίμφατικωτέρα.

225 1791 358 1858 Prorsus
377 1793 488 1859 eodem
504 1794 599 1861 modo
610 1802 778 1882 peccatum
790 1802 838 1862 est
849 1795 893 1863 IV
907 1795 949 1862 18
961 1798 979 1882 ἠ
990 1795 1022 1874 8,
1034 1797 1092 1861 ubi
1104 1800 1211 1862 tamen
1224 1798 1373 1885 ambigo,

180 1901 291 1963 utrum
303 1900 527 1987 corrigendum
539 1903 598 1965 sit:
612 1899 902 1985 ἑξετοιχωρύχήσαν
914 1903 970 1981 μὲν
983 1904 1051 1975 τοὺς
1065 1904 1164 1981 βίους,
1179 1901 1374 1982 ἑςρόβλωσαν

182 2003 213 2070 δὲ
243 2005 377 2078 πολλοὺς
406 2008 465 2071 τῶν
496 2007 662 2074 Κυναιίέων
693 2003 736 2082 οίς
770 2010 925 2085 ἠπίτιισαν
957 2010 1027 2097 (μή)
1060 2007 1143 2089 ἔχειν
1167 2008 1375 2089 κεκρυμμένον

119 2190 124 2209 ·.
180 2111 323 2193 διάφορον
346 2113 364 2186 ἠ
388 2112 643 2192 κατασκεύασμα
664 2113 681 2190 ἠ
700 2112 781 2181 ἄλλο
801 2140 831 2180 τι
850 2122 909 2181 τῶν
928 2116 1065 2187 πλείονος
1086 2112 1198 2191 ciffos,
1222 2136 1263 2182 an
1282 2136 1376 2181 sensu

86 2220 104 2233 ⁵
181 2218 293 2284 eodem
323 2213 387 2289 ούι
420 2219 648 2289 ἐκτίνουσαν
679 2218 763 2302 ἔχειν
791 2222 857 2288 κτὲ.
906 2221 1027 2289 Eadem
1056 2219 1172 2288 vooulo
1193 2222 1290 2306 periit
1312 2219 1376 2285 ΧΠ

184 2321 226 2393 12
249 2324 268 2408 §
292 2321 326 2401 l,
350 2324 407 2393 ubi
429 2326 549 2393 scribo:
574 2324 713 2407 καύοίπερ
736 2327 799 2408 yolo
823 2327 873 2393 ἐπί
898 2334 957 2393 τῶν
980 2326 1129 2404 κανόνων,
1155 2324 1213 2392 xta
1236 2325 1376 2392 ἕλοίττων

182 2424 265 2510 ἠτῷ
289 2430 381 2508 μήκει
413 2428 471 2495 κόιν
499 2432 542 2512 τῷ
567 2430 682 2497 πλούτει
707 2431 940 2514 ταπεινότερος,
972 2431 1096 2515 μετέχῃ
1118 2433 1149 2498 δὲ
1173 2441 1229 2508 τής
1254 2429 1376 2503 κανόνος

181 2534 349 2613 ἰδιότητος,
385 2535 497 2602 κανόνα
537 2537 615 2620 φησί
648 2538 710 2605 δεῖν
749 2537 1005 2619 προσαγορεύειν,
1042 2534 1117 2602 όταν
1148 2537 1180 2603 δὲ
1219 2536 1289 2625 (μή)
1319 2543 1377 2611 τοῖς

181 2643 299 2716 εύίείας
332 2642 386 2708 καί
417 2650 472 2718 τής
504 2646 577 2726 πρὸς
608 2645 727 2721 ταύτην
754 2644 934 2720 οίκειότντος
959 2642 1088 2724 ἐγγίζρ,
1124 2641 1231 2707 πύντα
1254 2647 1377 2720 μᾶλλον

182 2746 243 2814 δεῖν
269 2751 285 2826 ἠ
310 2749 422 2815 κανόνα
447 2758 573 2825 καλεῖν,
596 2754 647 2816 τόν
673 2751 767 2817 αύτόν
790 2750 900 2832 τρόπον
924 2751 989 2815 κτὲ.
1036 2749 1247 2836 dispungetur
1269 2754 1379 2816 contra

181 2854 246 2939 xil
268 2853 322 2921 db
346 2856 364 2940 ᾖ
389 2854 406 2920 1
427 2857 583 2923 euerbis:
607 2858 688 2923 πολὺ
711 2857 775 2937 γὰρ
798 2856 1018 2928 ἕκτοπίσανπις
1042 2854 1238 2936 (Locrenses)
1262 2856 1296 2921 ἐκ
1319 2861 1378 2921 τῶν

182 2960 357 3028 συνειδότων
396 2963 449 3028 καὶ
484 2964 716 3045 προσλαβόντες
752 2963 894 3044 συνεργόν
929 2961 980 3028 τόν
1014 2959 1142 3041 χρόνον,
1187 2962 1248 3042 ούχ
1284 2958 1377 3034 οὕτως

183 3064 313 3150 ἄφρονες
343 3063 418 3142 ἠσαν
453 3065 511 3138 else
542 3074 634 3137 ταῦτ’
666 3070 876 3146 ἐπιτηδεύειν,
913 3069 952 3135 δι’
982 3064 1021 3134 ὦν
1052 3066 1184 3147 ἔμελλον
1214 3066 1378 3134 οὶνανίυσιν

183 3174 332 3240 ποιεῖσόαι
363 3182 423 3241 τῶν
453 3175 533 3241 ίδίων
556 3177 806 3257 ἐλαττωμάτων,
843 3175 932 3243 ύλλόι
967 3173 1040 3262 [μή]
1072 3173 1246 3240 τούναντίον
1278 3173 1315 3239 δι’
1339 3170 1378 3239 civ

183 3278 390 3362 ἐπικαλύψειν
413 3287 530 3348 ταῦτα.

227 3384 326 3452 Hisce
355 3391 555 3473 praemissis,
587 3411 662 3458 cum
690 3388 808 3456 lectore
838 3390 947 3456 ordine
978 3409 1161 3474 percurram
1183 3386 1377 3475 Polybium,

182 3489 311 3576 qualem
334 3492 435 3559 edidit
466 3497 576 3580 paucis
598 3495 712 3561 abhinc
742 3498 833 3561 annis
859 3493 1041 3562 Diodorfius
1069 3493 1155 3579 apud
1177 3491 1380 3558 Teubnerum

183 3617 280 3682 quam
303 3600 506 3684 paucissimis
527 3608 707 3679 notaturus,
729 3604 758 3667 si
781 3601 859 3686 quid
877 3600 994 3668 melius
1013 3601 1165 3665 constitui
1184 3618 1274 3684 posse
1295 3596 1380 3661 mihi

181 3703 339 3770 videatur.

228 3807 266 3877 In
288 3812 357 3895 ipso
385 3814 547 3896 prooemio
578 3813 691 3879 haereo
714 3814 732 3896 ἠ
755 3811 793 3878 7:
825 3812 852 3876 εί
879 3812 936 3890 μίν
964 3806 1013 3876 σύν
1037 3813 1110 3887 ἠμῖν
1135 3803 1169 3883 ἠν
1192 3808 1300 3884 συνήόή
1324 3809 1377 3874 καί

183 3915 324 3997 ννύριμοι
347 3915 397 3980 τὰ
418 3916 720 3993 πολιτεύματα
751 3918 801 3981 τύ
825 3916 893 3993 περὶ
918 3924 973 3990 τής
997 3921 1055 3981 τῶν
1079 3912 1156 3980 ίλων
1179 3916 1280 3996 όρχής
1304 3915 1378 3993 ύμ·

184 4020 529 4105 Φισβιιτήσαντα,
561 4022 644 4097 κτὲ.,
673 4024 749 4106 quia
770 4043 832 4089 non
854 4023 995 4087 motata
1009 4022 1141 4106 politico
1163 4021 1227 4085 dici
1248 4028 1380 4107 possunt

184 4126 404 4211 ἀμφισβητεῖν
427 4128 482 4194 sed
503 4130 566 4214 ipsi
588 4127 709 4214 populi.
756 4128 979 4193 Necessarium
1003 4128 1137 4193 arbitror
1160 4132 1289 4191 τῶν-
1306 4127 1378 4206 ύμ·

184 4232 547 4315 Φισβιιτνσοίντων.
571 4233 655 4299 Loco
675 4233 690 4298 Ι
713 4231 756 4299 35
776 4235 794 4319 ἠ
812 4232 850 4312 5,
874 4233 915 4299 ed
935 4254 1031 4319 quem
1051 4233 1169 4298 frustm
1187 4240 1377 4319 provocant,

185 4359 248 4406 non
271 4342 378 4428 magis
400 4340 579 4418 πολίτευμα
603 4344 651 4405 est
672 4342 742 4427 ipss
764 4340 871 4404 ονόῖῖαε
892 4344 946 4420 (;.-
966 4338 1146 4424 πολιτεία),
1170 4339 1381 4431 σούσιόίῖαίιί

186 4445 326 4510 conditio.
352 4482 395 4494 -
419 4444 499 4511 Ibid.
526 4445 569 4511 14
591 4447 609 4529 ξ
633 4444 671 4510 3:
695 4446 747 4545 διόι
771 4445 834 4526 γὰρ
863 4446 919 4520 τήν
943 4442 1056 4525 αίρεσιν
1079 4446 1131 4511 καί
1155 4448 1210 4520 τήν
1232 4442 1305 4520 ύλιιν
1327 4445 1379 4512 εύ·
