3330 5012
477 1113 551 1203 AD
577 1112 946 1206 udttustttutttu
973 1111 1277 1207 uirtututtutt

750 1349 798 1424 IN
826 1349 1009 1427 tttutttt.

799 1639 975 1664 ..unm-

331 1885 454 1972 Operae
479 1888 619 1972 pretium
644 1907 696 1954 rue
721 1895 798 1972 puto
820 1884 1002 1959 iacturum,
1033 1888 1060 1950 si
1085 1905 1204 1973 parreas
1233 1906 1251 1952 e
1283 1885 1395 1952 multis
1421 1906 1473 1953 ex·

287 1989 414 2077 pediam
438 1990 704 2067 difficultatibus,
728 1991 848 2077 quibus
867 1992 1045 2056 etiaurnuur
1068 1993 1229 2077 premitur
1250 1991 1475 2077 interpretatio

287 2081 548 2181 ete‘gaatiasimae
571 2096 744 2169 orationis,
776 2115 858 2181 quae
882 2096 985 2161 oratio
1007 2097 1034 2160 si
1059 2115 1122 2182 qua
1144 2095 1206 2162 adia
1231 2112 1293 2161 oon
1316 2096 1476 2161 sermonis

288 2210 414 2266 tautum
441 2201 636 2286 praestantia
656 2199 710 2266 sed
735 2201 832 2266 etiam
858 2219 969 2266 reruru
993 2202 1084 2287 oopia
1108 2220 1146 2267 ao
1170 2200 1358 2267 diuersitate
1377 2198 1474 2265 teoto·

287 2324 358 2371 rem
382 2304 530 2371 deiectat.

335 2409 376 2476 Et
409 2410 549 2495 primurn
586 2406 715 2495 quideut
750 2408 866 2474 haereo
897 2410 930 2474 in
962 2410 1003 2474 iis
1026 2428 1109 2495 quae
1133 2407 1287 2495 leguntur
1312 2411 1330 2493 §
1357 2415 1376 2474 a
1402 2428 1473 2494 sq.,

290 2513 361 2591 ubi,
384 2522 590 2601 posteaquam
615 2513 697 2579 dixit
721 2513 817 2599 vulgo
838 2534 901 2578 uon
920 2514 1119 2579 accusatoris
1133 2513 1188 2580 sed
1203 2515 1248 2580 rei
1262 2533 1330 2580 esse
1342 2532 1477 2579 exorare

291 2618 415 2685 iudices
433 2618 694 2708 (rependebat),
717 2629 827 2684 orator
849 2618 894 2684 ita
918 2620 1046 2705 pergite
1073 2619 1176 2696 ἐπειδή
1200 2643 1237 2684 τε
1260 2619 1331 2692 τούς
1354 2643 1390 2684 τε
1413 2642 1475 2697 κρι-

289 2725 349 2796 τοὶς
383 2723 612 2807 διαφθείραντος
647 2724 754 2790 τούτου
780 2722 923 2811 (ididiam
949 2722 1040 2812 dicit)
1065 2724 1131 2789 καί
1157 2723 1209 2790 διὰ
1229 2728 1320 2789 τοῦτο
1338 2731 1394 2799 τῆς
1413 2731 1475 2806 <pu-

287 2835 343 2903 λεἰς
376 2826 487 2903 οἶδίιιιις
517 2829 736 2910 ἀφαιρεθείσης
763 2831 815 2894 τὸν
837 2827 988 2908 τρίποδα,
1013 2829 1098 2914 [καί]
1119 2828 1212 2901 αὖτίς
1236 2828 1366 2907 τληγας
1389 2829 1475 2902 εἷλον·

287 2920 355 3015 Φῶς
377 2934 430 2998 καί
453 2933 631 3015 ὑβρισμίνος
655 2930 705 3000 οίιι
726 2936 780 2999 odra
803 2928 859 2998 ott·
882 2931 912 2998 εί
927 2956 975 3007 τις
998 2932 1232 3006 ἅλλοςτιίτοτε
1243 2932 1377 3015 χορηγὸς
1391 2933 1475 3015 ὑβρί·

288 3040 362 3114 σίιρ,
381 3036 418 3113 ἣν
437 3038 511 3119 trip
530 3040 641 3105 τούτων
652 3038 881 3116 ἀγανακτήσας
900 3038 969 3102 καί
988 3038 1190 3120 συνοργισθεὶς
1201 3040 1475 3120 καταχειροτονίαν

290 3144 306 3208 δ
337 3142 432 3220 δῆμος
465 3144 649 3219 ἐποιήσατο,
673 3142 792 3217 ταύτην
814 3142 1015 3224 εἰσέρχομαι,
1040 3144 1097 3208 edre
1122 3140 1235 3218 ίιινιίσοι
1255 3143 1324 3209 καί
1349 3143 1476 3210 δεῖσθαι.

288 3244 400 3312 Perdit
431 3248 625 3312 sententiam
654 3245 739 3333 quod
761 3248 891 3313 uncinis
909 3248 994 3334 sepsi
1015 3247 1089 3325 καί,
1111 3267 1194 3334 quae
1212 3247 1347 3328 rorata,
1369 3249 1398 3313 si
1417 3268 1475 3333 ge·

289 3351 389 3417 notua
407 3359 479 3431 est,
501 3370 561 3417 nou
576 3359 679 3437 potest
695 3372 766 3419 esse
778 3351 911 3438 oopuia,
929 3351 985 3419 sed
1004 3351 1097 3419 debet
1109 3350 1293 3438 siguificare
1304 3354 1411 3421 οινόιιν,
1432 3358 1474 3418 tr

287 3458 435 3523 verone
467 3455 526 3522 trae
554 3456 686 3543 quidem
718 3460 748 3523 vi
781 3459 883 3545 posita
913 3455 994 3524 terri
1017 3477 1109 3544 posse
1131 3456 1284 3536 vitietur,
1312 3457 1474 3544 siquidem

288 3562 356 3627 καί
379 3561 472 3636 αὐτὸς
498 3562 629 3641 ruisti
652 3561 788 3645 εἰληφώς
812 3565 858 3628 ita
881 3561 1105 3628 tantummodo
1129 3561 1422 3642 medicaretur,
1445 3564 1475 3627 si

287 3665 374 3734 idem
403 3665 527 3733 dietum
561 3665 643 3733 toret
671 3665 711 3733 do
734 3667 819 3734 tribu
844 3675 902 3734 aut
922 3665 962 3734 de
981 3666 1153 3733 iudicibus
1190 3667 1223 3736 Si
1255 3666 1334 3754 quid
1355 3667 1474 3734 addere

287 3770 439 3839 vetuisset
458 3780 586 3847 orator.
611 3779 759 3859 potuerat
776 3773 945 3853 προσέτι
968 3774 1062 3845 αὐτὸς
1085 3773 1154 3840 ντί.
1176 3783 1233 3839 aut
1255 3767 1476 3860 aliquideius·

286 3875 386 3942 modi.
411 3875 520 3964 Neque
539 3876 747 3944 scribendum
766 3885 819 3943 est
838 3880 933 3951 αὐτὸς
953 3879 1024 3945 καὶ
1045 3895 1101 3945 rt.
1118 3880 1176 3945 είλ.
1199 3878 1288 3958 καί,
1312 3877 1398 3965 qaod
1410 3879 1474 3965 ipsi

284 3979 474 4047 verberandi
510 3983 628 4047 actioni
659 3984 764 4048 iuerat
793 3981 1000 4050 contumelia.
1046 3981 1132 4050 ttttit
1166 3994 1274 4050 auteur
1307 3991 1357 4049 est
1387 3982 1473 4069 quod

285 4087 465 4164 miremur,
497 4086 640 4153 roeuium
672 4088 800 4174 saepius
833 4091 866 4153 iu
900 4090 1016 4154 ricinia
1047 4088 1172 4154 obviam
1209 4087 1270 4155 hoe
1301 4087 1475 4155 ioeomate

284 4188 397 4273 pedeur
422 4189 580 4258 intutisse.
616 4192 653 4257 lu
677 4193 796 4259 vicinia
821 4196 839 4278 §
865 4199 885 4261 t
910 4212 1077 4280 perperam
1098 4214 1136 4260 ea
1156 4194 1290 4282 optimis
1307 4191 1476 4260 auditibus

282 4304 476 4379 receperunt
505 4295 658 4362 editores:
689 4294 748 4379 ίσορ
779 4298 915 4364 τλείοσιν
937 4296 1021 4373 οὗτος
1045 4300 1206 4382 ἠνώχληκε
1229 4299 1284 4366 καί
1307 4300 1471 4381 τεριιίγ·

281 4414 453 4480 γελκεν,
475 4398 530 4466 utri
552 4402 733 4468 rectissime
753 4401 829 4469 oiim
851 4389 1043 4490 vulgabatur
1062 4407 1366 4486 παρήγγελκεν.
1392 4404 1473 4472 Natu
