3388 5010
216 350 219 355 ’
287 338 351 404 284
676 355 831 402 cocturam
855 355 891 401 ur
915 352 1070 400 incrassa.

283 521 312 589 si
335 518 533 587 delectione
557 517 671 585 Scauri
695 522 750 608 qui
778 521 832 589 illa
856 521 995 590 serravit
1020 520 1100 587 satis
1123 523 1288 585 constaret
1310 514 1468 605 (·eodcm·

283 623 370 712 que’'
395 623 465 709 lh).
513 622 576 692 Sed
599 622 792 692 dubitationi
821 626 952 693 omnino
975 623 1148 691 obnoxium
1171 629 1374 690 contractum
1400 639 1469 686 ιον·

281 727 461 808 rationed,
486 728 668 797 cuiusmodi
687 732 847 820 spuizesin
868 751 887 797 a
904 732 1043 798 senariis
1062 729 1316 816 septenariisque
1336 726 1469 793 omnino

281 832 445 901 abiudicat
468 833 612 913 llitschl,
636 835 726 923 proll.
752 856 780 922 p.
810 839 882 902 160.
930 837 967 903 ln
992 833 1188 905 hexametris
1210 831 1340 919 quidem
1367 830 1467 897 nemi·

280 960 354 1006 nem
378 937 545 1005 olleaduut
570 941 918 1027 »promunturiumque
940 939 1139 1017 llineruae'',
1165 938 1223 1005 lll.
1250 942 1306 1014 19,
1333 935 1467 1002 »iniuri-

174 1114 181 1121 ,
280 1043 396 1110 atum”
422 1042 464 1110 ll.
490 1048 523 1110 9.
572 1045 614 1111 ht
642 1043 714 1131 plns
745 1044 805 1112 sibi
838 1043 897 1111 hac
927 1063 1055 1131 quoquc
1086 1045 1119 1109 in
1152 1041 1309 1109 relicere
1341 1039 1469 1127 putarit

279 1147 424 1215 Lucilius
447 1147 591 1214 scribens
616 1148 704 1217 Xlll.
732 1153 791 1214 tt:
828 1147 989 1215 »dominia
1016 1156 1114 1234 atque
1138 1145 1290 1215 sodalicia
1313 1142 1466 1220 omnia”‚

279 1255 312 1319 io
338 1271 402 1340 qno
432 1253 573 1339 permire
603 1254 657 1318 aio
687 1265 719 1319 οι
750 1253 934 1320 coalescunt
965 1256 998 1318 in
1033 1272 1131 1319 uuam
1163 1250 1340 1341 syllabam,
1365 1249 1466 1316 etita

278 1355 409 1444 quidem
433 1364 468 1422 ut
492 1356 640 1444 superior
661 1358 707 1422 mi
731 1356 837 1425 brevis
855 1364 995 1424 maneat.
1032 1357 1073 1423 Et
1096 1358 1128 1423 in
1150 1355 1266 1429 iambis
1284 1352 1466 1421 invenimus

278 1461 393 1528 XXlX.
418 1465 481 1528 56:
509 1458 615 1548 »agite
637 1463 723 1547 agito
746 1461 834 1529 iures
857 1460 1025 1528 mendacia
1049 1458 1289 1546 argutdmini”.
1336 1456 1465 1526 lluolle·

278 1587 335 1633 rus
367 1565 411 1631 ibi
441 1574 553 1633 contra
585 1565 684 1634 libros
715 1565 942 1652 (nmendaci”,
973 1567 1092 1633 omissa
1116 1588 1135 1631 o
1159 1573 1236 1632 ante
1258 1562 1463 1654 crpumaoiai)

277 1670 385 1738 dedit:
420 1669 522 1739 »iurci
561 1670 727 1739 mendacei
759 1669 1000 1757 argutamini”,
1040 1670 1133 1756 longe
1162 1668 1304 1756 vulgatis
1335 1675 1464 1755 postpo-

278 1775 437 1849 nendum;
470 1776 677 1842 temerarium
709 1784 874 1863 praeterea
903 1774 1033 1842 ridetur
1062 1783 1094 1842 et
1118 1773 1172 1841 illo
1203 1774 1272 1840 loco
1294 1783 1327 1840 et
1350 1779 1461 1838 nostro

276 1900 295 1945 a
320 1878 399 1946 bene
423 1886 539 1947 testata
561 1888 593 1946 et
617 1890 747 1967 propter
778 1880 971 1949 sententiam
997 1900 1059 1946 non
1085 1877 1294 1967 improbanda
1323 1877 1461 1944 lectione

276 1982 426 2050 recedere
451 1990 581 2070 propter
601 1985 710 2050 animo
733 1993 808 2051 ante
826 1992 1012 2072 conceptam
1033 1985 1215 2072 opinionem
1236 1981 1399 2071 quendam
1420 1979 1460 2046 de

277 2088 419 2175 puritate
447 2085 651 2154 Lucilianeae
676 2089 861 2176 prosodiae,
885 2109 968 2176 quae
993 2110 1060 2157 rem
1086 2092 1217 2177 propius
1239 2083 1460 2175 spectantibus

278 2212 340 2258 non
373 2191 540 2280 probatur.
581 2192 658 2259 ldibi
686 2202 775 2261 certe
798 2192 837 2260 de
860 2202 931 2261 arte
961 2192 1076 2259 Lucilii
1109 2194 1244 2260 minime
1266 2207 1458 2279 persuasum

275 2305 336 2364 est.
386 2295 554 2383 Scribebat
583 2316 678 2385 saepe
700 2297 785 2386 quod
809 2301 842 2364 in
865 2298 998 2366 buccam
1023 2298 1183 2366 ueniebat.
1228 2296 1298 2363 Non
1329 2302 1458 2362 tantum

274 2392 374 2468 cidem
394 2400 571 2490 disyllabon
597 2402 674 2490 (inc.
702 2403 755 2490 te)
780 2402 875 2470 habet
899 2402 1057 2479 Lucilius,
1081 2402 1166 2491 quod
1192 2402 1300 2469 minus
1323 2418 1457 2478 rarum,

274 2504 328 2573 sed
351 2509 415 2572 mei
437 2526 559 2573 munos.
583 2507 616 2572 iu
641 2505 814 2573 trochaicis
837 2496 967 2575 XXVll.
994 2511 1056 2584 25,
1080 2527 1148 2573 mco
1172 2505 1287 2573 XXlX.
1313 2510 1369 2572 58.

364 2614 419 2677 87.
444 2609 486 2676 Et
508 2612 633 2678 circum
658 2610 794 2678 volitant
818 2609 957 2691 licellae,
980 2610 1088 2690 turdi,
1113 2612 1219 2677 curati
1244 2611 1343 2678 cocis.

316 2713 385 2781 Non
410 2714 572 2803 probabile
594 2714 727 2799 estboc
751 2714 969 2803 fragmentum
992 2736 1031 2783 ex
1057 2714 1139 2782 libro
1163 2715 1266 2782 XXIX
1289 2722 1456 2801 sumptum

270 2841 355 2899 esse,
382 2821 533 2906 quoniam
556 2840 618 2888 non
640 2819 732 2889 iacile
745 2806 995 2888 ¹confunduntur
1012 2822 1098 2887 inter
1117 2817 1458 2887 senumeriXXlllllJ

270 2935 303 2992 et
327 2925 425 2991 XXX.
458 2925 671 2992 Posteriorem
693 2935 802 2992 autem
826 2945 937 2993 omnes
957 2924 1032 2993 libri
1052 2925 1146 2993 Nonii
1168 2927 1260 3011 (eta.
1288 2925 1341 3013 to)
1368 2943 1458 3012 prae·

271 3028 357 3097 bent.
393 3029 457 3096 Cur
486 3028 568 3095 libro
600 3029 701 3096 XXlX
732 3029 811 3096 haec
842 3029 1040 3108 vindicaret,
1070 3038 1173 3101 metro
1197 3036 1363 3117 permotus
1386 3047 1457 3095 esse

270 3133 399 3200 ridetur
421 3132 605 3202 Muellerus.
643 3137 702 3213 ht,
728 3136 861 3221 opinor,
886 3133 965 3202 haec
988 3134 1149 3223 dactylico
1173 3142 1308 3221 possunt
1331 3151 1457 3200 accom-

269 3237 404 3304 modari.
440 3237 568 3306 Scilicet
600 3238 689 3306 turdi
720 3239 826 3306 curati
849 3239 963 3325 coquis
986 3238 1286 3307 circumvolitantes
1320 3239 1352 3304 in
1389 3256 1457 3304 me·

270 3344 406 3409 moriam
443 3341 602 3410 reducunt
632 3343 864 3430 descriptiones
895 3344 986 3410 aurei
1020 3344 1109 3422 aevi,
1143 3342 1294 3410 omnibus
1329 3341 1457 3409 deliciis

269 3447 445 3526 effluentis,
475 3467 539 3535 quo
568 3447 679 3531 ἄρουρα
707 3440 872 3529 αὐτοματι
903 3449 1011 3514 omnia
1041 3446 1121 3514 bona
1156 3446 1292 3534 largiter
1326 3455 1357 3513 et
1387 3448 1457 3513 sinc

269 3551 376 3620 labore
406 3551 541 3629 ferebat,
572 3552 781 3641 hominesque
813 3554 951 3636 τέρποντ’
981 3555 1012 3618 ἐν
1043 3554 1166 3636 δαλίῄσι
1190 3559 1292 3620 κακῶν
1316 3550 1458 3618 ἔντοσθεν

268 3656 426 3726 οὶπιὶιτυυ.
463 3658 551 3726 Hanc
575 3657 748 3726 belnonum
772 3657 958 3726 felicitatem
981 3657 1120 3725 Graecae
1143 3656 1327 3725 comoediae
1347 3664 1457 3724 aucto·

268 3782 320 3830 res
344 3762 494 3830 certatim
514 3762 735 3842 celebrarunt,
759 3783 839 3848 quos
852 3769 998 3829 recenset
1010 3761 1194 3830 Athenaeus
1207 3763 1263 3831 Vl.
1279 3767 1344 3829 tbi
1351 3788 1361 3840 ⁴,
1386 3781 1456 3848 sqq.

269 3867 496 3936 Pherecrates:
530 3869 664 3948 ποταμοὶ
694 3870 752 3946 μὲν
782 3867 896 3949 idaiam
918 3867 971 3933 καὶ
996 3867 1130 3947 μέλανος
1146 3866 1255 3949 ’ζωμοῦ
1280 3867 1364 3951 πλέῳ
1389 3866 1457 3933 Διιί

267 3980 326 4040 τῶν
347 3979 507 4040 στενωπῶν
527 3977 804 4058 πομφολυγοῦντεσ
828 3971 920 4055 ἔρρεον
942 3976 1078 4040 Λύταῖσι
1101 3974 1299 4050 μυστίλαισι.
1321 4011 1368 4024 -
1391 3970 1457 4038 bd·

269 4102 342 4145 σιιαι
373 4079 405 4143 δὲ
434 4080 487 4145 καὶ
517 4078 634 4160 ζέοντες
656 4076 826 4144 ἀλλάντων
846 4076 935 4157 τόμοι
960 4077 1053 4158 Ποιροὶ
1077 4086 1141 4152 τοῖς
1166 4086 1321 4159 ποταμοῖς
1343 4075 1456 4159 σίζοντ’

269 4183 410 4265 ἐνέχυιτ’
422 4184 490 4249 ἄντ’
502 4183 667 4266 ὀστράκων.
680 4183 732 4261 Et,
746 4183 829 4270 quod
843 4184 975 4271 propius
988 4181 1029 4249 ad
1045 4191 1191 4250 nostrum
1204 4182 1310 4251 locum
1322 4180 1458 4251 accedit:

448 4290 542 4355 ὀπταὶ
566 4289 680 4372 κίχλαι
701 4289 763 4368 rep
787 4291 829 4363 cic
852 4287 1029 4369 ἀνάβραστ’
1052 4288 1217 4369 ἠρτυμέναι

451 4393 516 4474 περὶ
539 4394 574 4459 τὸ
599 4392 689 4472 στόμ’
714 4392 850 4461 ἐπέτοντ’
875 4394 1091 4472 αυτιβιλσῦσαι
1117 4401 1294 4461 καταπιεῖν.
