<?xml version="1.0" encoding="UTF-8"?>
<!DOCTYPE html PUBLIC "-//W3C//DTD XHTML 1.0 Transitional//EN"
    "http://www.w3.org/TR/xhtml1/DTD/xhtml1-transitional.dtd">
<html xmlns="http://www.w3.org/1999/xhtml" xml:lang="en" lang="en">
 <head>
  <title>
</title>
<meta http-equiv="Content-Type" content="text/html;charset=utf-8" />
  <meta name='ocr-system' content='tesseract 3.04.00' />
  <meta name='ocr-capabilities' content='ocr_page ocr_carea ocr_par ocr_line ocrx_word'/>
</head>
<body>
  <div class='ocr_page' id='page_1' title='image "./mnemosynebiblio00servgoog_0497.png"; bbox 0 0 3296 5022; ppageno 0'>
   <div class='ocr_carea' id='block_1_1' title="bbox 283 315 1041 377">
    <p class='ocr_par' dir='ltr' id='par_1_1' title="bbox 283 315 1041 377">
     <span class='ocr_line' id='line_1_1' title="bbox 283 315 1041 377; baseline -0.007 -7"><span class='ocrx_word' id='word_1_1' title='bbox 283 315 325 377; x_wconf 81' lang='grc'>50</span> <span class='ocrx_word' id='word_1_2' title='bbox 709 322 752 369; x_wconf 79' lang='lat' dir='ltr'>AD</span> <span class='ocrx_word' id='word_1_3' title='bbox 776 317 1041 369; x_wconf 69' lang='lat' dir='ltr'>anormalam.</span> 
     </span>
    </p>
   </div>
   <div class='ocr_carea' id='block_1_2' title="bbox 279 491 1468 678">
    <p class='ocr_par' dir='ltr' id='par_1_2' title="bbox 279 491 1468 678">
     <span class='ocr_line' id='line_1_2' title="bbox 279 491 1468 584; baseline -0.011 -18"><span class='ocrx_word' id='word_1_4' title='bbox 279 501 402 584; x_wconf 86' lang='lat' dir='ltr'>Nempe</span> <span class='ocrx_word' id='word_1_5' title='bbox 432 519 470 561; x_wconf 82' lang='lat' dir='ltr'>er</span> <span class='ocrx_word' id='word_1_6' title='bbox 494 492 627 560; x_wconf 75' lang='lat' dir='ltr'>evanida</span> <span class='ocrx_word' id='word_1_7' title='bbox 649 498 681 557; x_wconf 90' lang='lat' dir='ltr'>et</span> <span class='ocrx_word' id='word_1_8' title='bbox 702 491 845 578; x_wconf 77' lang='lat' dir='ltr'>fugiente</span> <span class='ocrx_word' id='word_1_9' title='bbox 875 494 1030 575; x_wconf 76' lang='lat' dir='ltr'>scriptura</span> <span class='ocrx_word' id='word_1_10' title='bbox 1052 491 1128 556; x_wconf 84' lang='lat' dir='ltr'>hac:</span> <span class='ocrx_word' id='word_1_11' title='bbox 1160 497 1246 555; x_wconf 77' lang='lat' dir='ltr'>KAN</span> <span class='ocrx_word' id='word_1_12' title='bbox 1272 497 1468 554; x_wconf 75' lang='lat' dir='ltr'>PAATKeC</span> 
     </span>
     <span class='ocr_line' id='line_1_3' title="bbox 279 597 901 678; baseline -0.016 -8"><span class='ocrx_word' id='word_1_13' title='bbox 279 611 520 670; x_wconf 71' lang='grc' dir='ltr'><strong><em>κακῐζΑΒΙΖυσι</em></strong></span> <span class='ocrx_word' id='word_1_14' title='bbox 546 603 772 678; x_wconf 74' lang='grc' dir='ltr'><strong><em>παριΟΝΤΟΟ</em></strong></span> <span class='ocrx_word' id='word_1_15' title='bbox 795 597 901 661; x_wconf 81' lang='grc' dir='ltr'><strong><em>αὑτοῦ.</em></strong></span> 
     </span>
    </p>
   </div>
   <div class='ocr_carea' id='block_1_3' title="bbox 279 802 1473 1939">
    <p class='ocr_par' dir='ltr' id='par_1_3' title="bbox 327 802 1470 886">
     <span class='ocr_line' id='line_1_4' title="bbox 327 802 1470 886; baseline -0.01 -8"><span class='ocrx_word' id='word_1_16' title='bbox 327 812 408 878; x_wconf 87' lang='lat' dir='ltr'>lbid.</span> <span class='ocrx_word' id='word_1_17' title='bbox 433 810 486 874; x_wconf 76' lang='grc' dir='ltr'>καί</span> <span class='ocrx_word' id='word_1_18' title='bbox 511 817 582 879; x_wconf 80' lang='grc' dir='ltr'><strong><em>ταῖς</em></strong></span> <span class='ocrx_word' id='word_1_19' title='bbox 604 804 729 886; x_wconf 82' lang='grc' dir='ltr'><strong><em>τετροίσι</em></strong></span> <span class='ocrx_word' id='word_1_20' title='bbox 755 805 785 869; x_wconf 76' lang='grc' dir='ltr'>δὲ</span> <span class='ocrx_word' id='word_1_21' title='bbox 809 805 861 869; x_wconf 81' lang='grc' dir='ltr'>καί</span> <span class='ocrx_word' id='word_1_22' title='bbox 885 812 956 877; x_wconf 76' lang='grc' dir='ltr'><strong><em>ταῖς</em></strong></span> <span class='ocrx_word' id='word_1_23' title='bbox 981 802 1150 882; x_wconf 70' lang='grc' dir='ltr'><em>ἑβδομάσιν</em></span> <span class='ocrx_word' id='word_1_24' title='bbox 1174 840 1217 852; x_wconf 90' lang='grc'>-</span> <span class='ocrx_word' id='word_1_25' title='bbox 1241 802 1366 880; x_wconf 71' lang='grc' dir='ltr'><strong><em>ἐξελθὼν</em></strong></span> <span class='ocrx_word' id='word_1_26' title='bbox 1389 804 1470 880; x_wconf 66' lang='lat' dir='ltr'>ayo·</span> 
     </span>
    </p>

    <p class='ocr_par' dir='ltr' id='par_1_4' title="bbox 279 909 1473 1507">
     <span class='ocr_line' id='line_1_5' title="bbox 283 909 1470 999; baseline -0.01 -15"><span class='ocrx_word' id='word_1_27' title='bbox 283 918 374 999; x_wconf 81' lang='grc' dir='ltr'><strong><em>ρύσαν</em></strong></span> <span class='ocrx_word' id='word_1_28' title='bbox 398 915 563 997; x_wconf 76' lang='grc' dir='ltr'><strong><em>μυρσίνας,</em></strong></span> <span class='ocrx_word' id='word_1_29' title='bbox 586 913 794 990; x_wconf 66' lang='lat' dir='ltr'>creaverim</span> <span class='ocrx_word' id='word_1_30' title='bbox 815 918 997 982; x_wconf 80' lang='grc' dir='ltr'><strong>ΠΙΝΑΚΑ,</strong></span> <span class='ocrx_word' id='word_1_31' title='bbox 1017 947 1059 958; x_wconf 92' lang='grc'>-</span> <span class='ocrx_word' id='word_1_32' title='bbox 1082 914 1237 990; x_wconf 76' lang='grc' dir='ltr'><strong><em>τεφανούν</em></strong></span> <span class='ocrx_word' id='word_1_33' title='bbox 1256 909 1324 981; x_wconf 84' lang='grc' dir='ltr'><strong><em>τοὺς</em></strong></span> <span class='ocrx_word' id='word_1_34' title='bbox 1348 912 1470 987; x_wconf 59' lang='lat' dir='ltr'>‘Epica-</span> 
     </span>
     <span class='ocr_line' id='line_1_6' title="bbox 280 1014 1472 1106; baseline -0.011 -17"><span class='ocrx_word' id='word_1_35' title='bbox 280 1023 439 1106; x_wconf 76' lang='grc' dir='ltr'><strong><em>φροδίτους</em></strong></span> <span class='ocrx_word' id='word_1_36' title='bbox 464 1015 536 1093; x_wconf 76' lang='grc' dir='ltr'><strong><em>ὅλην</em></strong></span> <span class='ocrx_word' id='word_1_37' title='bbox 556 1019 612 1091; x_wconf 72' lang='grc' dir='ltr'>τὴν</span> <span class='ocrx_word' id='word_1_38' title='bbox 636 1016 777 1101; x_wconf 73' lang='grc' dir='ltr'><strong><em>ἡμέραν]</em></strong></span> <span class='ocrx_word' id='word_1_39' title='bbox 813 1014 984 1080; x_wconf 85' lang='lat' dir='ltr'>Manifesto</span> <span class='ocrx_word' id='word_1_40' title='bbox 1010 1014 1199 1081; x_wconf 85' lang='lat' dir='ltr'>mendosum</span> <span class='ocrx_word' id='word_1_41' title='bbox 1221 1020 1270 1079; x_wconf 85' lang='lat' dir='ltr'>est</span> <span class='ocrx_word' id='word_1_42' title='bbox 1290 1015 1472 1092; x_wconf 77' lang='grc' dir='ltr'><strong><em>λιβαννιτύν</em></strong></span> 
     </span>
     <span class='ocr_line' id='line_1_7' title="bbox 281 1117 1473 1210; baseline -0.011 -16"><span class='ocrx_word' id='word_1_43' title='bbox 281 1130 411 1195; x_wconf 87' lang='grc' dir='ltr'><strong><em>πίνακα.</em></strong></span> <span class='ocrx_word' id='word_1_44' title='bbox 447 1124 558 1210; x_wconf 79' lang='lat' dir='ltr'>ltaque</span> <span class='ocrx_word' id='word_1_45' title='bbox 575 1123 687 1189; x_wconf 82' lang='lat' dir='ltr'>Editor</span> <span class='ocrx_word' id='word_1_46' title='bbox 705 1121 872 1186; x_wconf 77' lang='lat' dir='ltr'><strong>substituit</strong></span> <span class='ocrx_word' id='word_1_47' title='bbox 892 1119 1078 1198; x_wconf 64' lang='lat' dir='ltr'>rutilaverit,</span> <span class='ocrx_word' id='word_1_48' title='bbox 1097 1119 1252 1193; x_wconf 88' lang='grc' dir='ltr'><strong><em>Μίλακα.</em></strong></span> <span class='ocrx_word' id='word_1_49' title='bbox 1276 1119 1332 1184; x_wconf 87' lang='lat' dir='ltr'>sed</span> <span class='ocrx_word' id='word_1_50' title='bbox 1352 1117 1473 1182; x_wconf 88' lang='lat' dir='ltr'>melius</span> 
     </span>
     <span class='ocr_line' id='line_1_8' title="bbox 280 1222 1473 1311; baseline -0.011 -12"><span class='ocrx_word' id='word_1_51' title='bbox 280 1240 328 1299; x_wconf 89' lang='lat' dir='ltr'>est</span> <span class='ocrx_word' id='word_1_52' title='bbox 352 1236 407 1306; x_wconf 70' lang='grc' dir='ltr'>τὴν</span> <span class='ocrx_word' id='word_1_53' title='bbox 430 1231 556 1308; x_wconf 87' lang='grc' dir='ltr'><strong><em>ριίλοικα</em></strong></span> <span class='ocrx_word' id='word_1_54' title='bbox 580 1226 751 1311; x_wconf 83' lang='grc' dir='ltr'><strong><em>(σμίλακα)</em></strong></span> <span class='ocrx_word' id='word_1_55' title='bbox 785 1224 914 1307; x_wconf 87' lang='lat' dir='ltr'>capellis</span> <span class='ocrx_word' id='word_1_56' title='bbox 937 1223 1123 1309; x_wconf 84' lang='lat' dir='ltr'>relinquere.</span> <span class='ocrx_word' id='word_1_57' title='bbox 1164 1223 1281 1289; x_wconf 83' lang='lat' dir='ltr'>Veram</span> <span class='ocrx_word' id='word_1_58' title='bbox 1302 1222 1473 1288; x_wconf 88' lang='lat' dir='ltr'>lectionem</span> 
     </span>
     <span class='ocr_line' id='line_1_9' title="bbox 282 1328 1471 1420; baseline -0.011 -17"><span class='ocrx_word' id='word_1_59' title='bbox 282 1339 394 1404; x_wconf 80' lang='lat' dir='ltr'>elicere</span> <span class='ocrx_word' id='word_1_60' title='bbox 416 1337 534 1420; x_wconf 88' lang='lat' dir='ltr'>poteris</span> <span class='ocrx_word' id='word_1_61' title='bbox 556 1355 595 1398; x_wconf 89' lang='lat' dir='ltr'>ex</span> <span class='ocrx_word' id='word_1_62' title='bbox 618 1329 749 1398; x_wconf 81' lang='lat' dir='ltr'>Gemino</span> <span class='ocrx_word' id='word_1_63' title='bbox 771 1332 890 1395; x_wconf 88' lang='lat' dir='ltr'>incerte</span> <span class='ocrx_word' id='word_1_64' title='bbox 910 1329 994 1415; x_wconf 82' lang='lat' dir='ltr'>apud</span> <span class='ocrx_word' id='word_1_65' title='bbox 1015 1328 1232 1415; x_wconf 84' lang='lat' dir='ltr'>Porphyrium</span> <span class='ocrx_word' id='word_1_66' title='bbox 1254 1329 1321 1408; x_wconf 77' lang='grc' dir='ltr'><strong><em>περὶ</em></strong></span> <span class='ocrx_word' id='word_1_67' title='bbox 1345 1329 1471 1405; x_wconf 71' lang='grc' dir='ltr'><strong><em>ἀποχῆς</em></strong></span> 
     </span>
     <span class='ocr_line' id='line_1_10' title="bbox 279 1440 397 1507; baseline -0.025 0"><span class='ocrx_word' id='word_1_68' title='bbox 279 1442 320 1507; x_wconf 94' lang='lat' dir='ltr'>Il.</span> <span class='ocrx_word' id='word_1_69' title='bbox 345 1440 397 1505; x_wconf 80' lang='lat'>58.</span> 
     </span>
    </p>

    <p class='ocr_par' dir='ltr' id='par_1_5' title="bbox 513 1538 1217 1623">
     <span class='ocr_line' id='line_1_11' title="bbox 513 1538 1217 1623; baseline -0.003 -17"><span class='ocrx_word' id='word_1_70' title='bbox 513 1542 618 1623; x_wconf 74' lang='grc' dir='ltr'><strong><em>ψαιςθι</em></strong></span> <span class='ocrx_word' id='word_1_71' title='bbox 636 1539 809 1617; x_wconf 74' lang='grc' dir='ltr'><strong><em>λιβανωτὸν</em></strong></span> <span class='ocrx_word' id='word_1_72' title='bbox 831 1538 941 1616; x_wconf 83' lang='grc' dir='ltr'><strong><em>ροθνατ’</em></strong></span> <span class='ocrx_word' id='word_1_73' title='bbox 965 1539 1217 1617; x_wconf 76' lang='grc' dir='ltr'><strong><em>αύτῶνίίσσροαι.</em></strong></span> 
     </span>
    </p>

    <p class='ocr_par' dir='ltr' id='par_1_6' title="bbox 286 1644 1260 1842">
     <span class='ocr_line' id='line_1_12' title="bbox 511 1644 1260 1727; baseline -0.004 -16"><span class='ocrx_word' id='word_1_74' title='bbox 511 1648 544 1711; x_wconf 91' lang='grc' dir='ltr'>ού</span> <span class='ocrx_word' id='word_1_75' title='bbox 567 1653 630 1720; x_wconf 80' lang='grc' dir='ltr'><strong><em>τοῖς</em></strong></span> <span class='ocrx_word' id='word_1_76' title='bbox 653 1647 756 1727; x_wconf 81' lang='grc' dir='ltr'><strong><em>Φίλοις</em></strong></span> <span class='ocrx_word' id='word_1_77' title='bbox 785 1644 842 1709; x_wconf 88' lang='grc' dir='ltr'>θύυ</span> <span class='ocrx_word' id='word_1_78' title='bbox 863 1645 943 1725; x_wconf 72' lang='grc' dir='ltr'>γὰρ,</span> <span class='ocrx_word' id='word_1_79' title='bbox 968 1645 1057 1709; x_wconf 73' lang='grc' dir='ltr'>ἀλλὰ</span> <span class='ocrx_word' id='word_1_80' title='bbox 1079 1653 1143 1714; x_wconf 74' lang='grc' dir='ltr'><strong><em>τοῖς</em></strong></span> <span class='ocrx_word' id='word_1_81' title='bbox 1165 1647 1260 1717; x_wconf 78' lang='grc' dir='ltr'><strong><em>θεοῖς.</em></strong></span> 
     </span>
     <span class='ocr_line' id='line_1_13' title="bbox 286 1751 837 1842; baseline -0.011 -22"><span class='ocrx_word' id='word_1_82' title='bbox 286 1757 414 1842; x_wconf 77' lang='lat' dir='ltr'>egregie</span> <span class='ocrx_word' id='word_1_83' title='bbox 437 1751 620 1818; x_wconf 83' lang='lat' dir='ltr'>emendavit</span> <span class='ocrx_word' id='word_1_84' title='bbox 641 1751 837 1816; x_wconf 87' lang='lat' dir='ltr'>Meinekius:</span> 
     </span>
    </p>

    <p class='ocr_par' dir='ltr' id='par_1_7' title="bbox 446 1855 1297 1939">
     <span class='ocr_line' id='line_1_14' title="bbox 446 1855 1297 1939; baseline -0.004 -18"><span class='ocrx_word' id='word_1_85' title='bbox 446 1857 551 1939; x_wconf 75' lang='grc' dir='ltr'><strong><em>ψαιςθι</em></strong></span> <span class='ocrx_word' id='word_1_86' title='bbox 571 1855 744 1934; x_wconf 74' lang='grc' dir='ltr'><strong><em>λιβανωτὸν</em></strong></span> <span class='ocrx_word' id='word_1_87' title='bbox 766 1862 950 1921; x_wconf 82' lang='grc' dir='ltr'>ΠΟΠΑΝΛ</span> <span class='ocrx_word' id='word_1_88' title='bbox 972 1857 1065 1919; x_wconf 81' lang='grc' dir='ltr'><strong><em>ταῦτ’</em></strong></span> <span class='ocrx_word' id='word_1_89' title='bbox 1088 1857 1297 1931; x_wconf 80' lang='grc' dir='ltr'><strong><em>ὨΝιίσοροαι.</em></strong></span> 
     </span>
    </p>
   </div>
   <div class='ocr_carea' id='block_1_4' title="bbox 285 1959 1474 2151">
    <p class='ocr_par' dir='ltr' id='par_1_8' title="bbox 285 1959 1474 2151">
     <span class='ocr_line' id='line_1_15' title="bbox 287 1959 1474 2046; baseline -0.004 -19"><span class='ocrx_word' id='word_1_90' title='bbox 287 1965 338 2027; x_wconf 90' lang='lat' dir='ltr'>his</span> <span class='ocrx_word' id='word_1_91' title='bbox 357 1965 442 2027; x_wconf 89' lang='lat' dir='ltr'>enim</span> <span class='ocrx_word' id='word_1_92' title='bbox 461 1962 607 2026; x_wconf 88' lang='lat' dir='ltr'>homines</span> <span class='ocrx_word' id='word_1_93' title='bbox 623 1960 808 2046; x_wconf 78' lang='lat' dir='ltr'>pauperculi</span> <span class='ocrx_word' id='word_1_94' title='bbox 825 1961 908 2026; x_wconf 85' lang='lat' dir='ltr'>Deos</span> <span class='ocrx_word' id='word_1_95' title='bbox 924 1961 1147 2045; x_wconf 87' lang='lat' dir='ltr'>propitiabant.</span> <span class='ocrx_word' id='word_1_96' title='bbox 1170 1959 1344 2026; x_wconf 87' lang='lat' dir='ltr'>Menander</span> <span class='ocrx_word' id='word_1_97' title='bbox 1358 1960 1474 2024; x_wconf 83' lang='lat' dir='ltr'>Athen.</span> 
     </span>
     <span class='ocr_line' id='line_1_16' title="bbox 285 2064 476 2151; baseline 0.01 -23"><span class='ocrx_word' id='word_1_98' title='bbox 285 2089 317 2151; x_wconf 94' lang='lat' dir='ltr'>p.</span> <span class='ocrx_word' id='word_1_99' title='bbox 344 2064 418 2131; x_wconf 80' lang='lat'>146.</span> <span class='ocrx_word' id='word_1_100' title='bbox 438 2075 476 2130; x_wconf 86' lang='lat' dir='ltr'>E.</span> 
     </span>
    </p>
   </div>
   <div class='ocr_carea' id='block_1_5' title="bbox 292 2169 1478 2989">
    <p class='ocr_par' dir='ltr' id='par_1_9' title="bbox 448 2169 1219 2251">
     <span class='ocr_line' id='line_1_17' title="bbox 448 2169 1219 2251; baseline 0 -19"><span class='ocrx_word' id='word_1_101' title='bbox 448 2206 490 2217; x_wconf 93' lang='lat'>-</span> <span class='ocrx_word' id='word_1_102' title='bbox 515 2169 632 2234; x_wconf 90' lang='grc' dir='ltr'><strong><em>θύουσιν</em></strong></span> <span class='ocrx_word' id='word_1_103' title='bbox 654 2169 679 2232; x_wconf 81' lang='lat' dir='ltr'>cl</span> <span class='ocrx_word' id='word_1_104' title='bbox 702 2171 884 2251; x_wconf 76' lang='grc' dir='ltr'><strong><em>τοιχωρύχοι</em></strong></span> <span class='ocrx_word' id='word_1_105' title='bbox 909 2207 951 2218; x_wconf 95' lang='grc'>-</span> <span class='ocrx_word' id='word_1_106' title='bbox 974 2169 1044 2248; x_wconf 82' lang='grc' dir='ltr'><strong><em>οὐχί</em></strong></span> <span class='ocrx_word' id='word_1_107' title='bbox 1068 2175 1126 2233; x_wconf 82' lang='grc' dir='ltr'>τῶν</span> <span class='ocrx_word' id='word_1_108' title='bbox 1149 2170 1219 2234; x_wconf 78' lang='grc' dir='ltr'><strong><em>θεῶν</em></strong></span> 
     </span>
    </p>

    <p class='ocr_par' dir='ltr' id='par_1_10' title="bbox 446 2272 1164 2352">
     <span class='ocr_line' id='line_1_18' title="bbox 446 2272 1164 2352; baseline 0 -15"><span class='ocrx_word' id='word_1_109' title='bbox 446 2272 524 2337; x_wconf 77' lang='grc' dir='ltr'><strong><em>ἕνεκ’</em></strong></span> <span class='ocrx_word' id='word_1_110' title='bbox 549 2273 625 2337; x_wconf 67' lang='grc' dir='ltr'>ἀλλ’</span> <span class='ocrx_word' id='word_1_111' title='bbox 649 2273 780 2338; x_wconf 79' lang='grc' dir='ltr'><strong><em>ἑαυτῶν.</em></strong></span> <span class='ocrx_word' id='word_1_112' title='bbox 805 2274 819 2337; x_wconf 88' lang='grc' dir='ltr'><strong><em>ύ</em></strong></span> <span class='ocrx_word' id='word_1_113' title='bbox 843 2273 1015 2352; x_wconf 80' lang='grc' dir='ltr'><strong><em>λιβανωτὸς</em></strong></span> <span class='ocrx_word' id='word_1_114' title='bbox 1037 2273 1164 2350; x_wconf 82' lang='grc' dir='ltr'><strong><em>εὐσεβὲς</em></strong></span> 
     </span>
    </p>

    <p class='ocr_par' dir='ltr' id='par_1_11' title="bbox 447 2376 1318 2459">
     <span class='ocr_line' id='line_1_19' title="bbox 447 2376 1318 2459; baseline -0.001 -16"><span class='ocrx_word' id='word_1_115' title='bbox 447 2379 499 2444; x_wconf 76' lang='grc' dir='ltr'>καί</span> <span class='ocrx_word' id='word_1_116' title='bbox 524 2378 558 2442; x_wconf 82' lang='grc' dir='ltr'>τθ</span> <span class='ocrx_word' id='word_1_117' title='bbox 582 2376 734 2453; x_wconf 85' lang='grc' dir='ltr'><strong><em>πύπανον,</em></strong></span> <span class='ocrx_word' id='word_1_118' title='bbox 755 2385 839 2446; x_wconf 81' lang='grc' dir='ltr'><strong><em>τοῦτ’</em></strong></span> <span class='ocrx_word' id='word_1_119' title='bbox 863 2378 979 2458; x_wconf 81' lang='grc' dir='ltr'><strong><em>ἔλαβεν</em></strong></span> <span class='ocrx_word' id='word_1_120' title='bbox 1002 2381 1016 2444; x_wconf 85' lang='grc' dir='ltr'><strong><em>θ</em></strong></span> <span class='ocrx_word' id='word_1_121' title='bbox 1037 2379 1101 2451; x_wconf 73' lang='grc' dir='ltr'><strong><em>θεὸς</em></strong></span> <span class='ocrx_word' id='word_1_122' title='bbox 1125 2378 1176 2444; x_wconf 75' lang='grc' dir='ltr'>ἐπὶ</span> <span class='ocrx_word' id='word_1_123' title='bbox 1200 2379 1235 2443; x_wconf 83' lang='grc' dir='ltr'>τύ</span> <span class='ocrx_word' id='word_1_124' title='bbox 1258 2384 1318 2459; x_wconf 80' lang='grc' dir='ltr'>πῦρ</span> 
     </span>
    </p>

    <p class='ocr_par' dir='ltr' id='par_1_12' title="bbox 448 2482 703 2549">
     <span class='ocr_line' id='line_1_20' title="bbox 448 2482 703 2549; baseline -0.008 0"><span class='ocrx_word' id='word_1_125' title='bbox 448 2482 535 2549; x_wconf 75' lang='grc' dir='ltr'><strong><em>ἅπαν</em></strong></span> <span class='ocrx_word' id='word_1_126' title='bbox 558 2483 703 2549; x_wconf 76' lang='grc' dir='ltr'><strong><em>ἐπιτεθέν.</em></strong></span> 
     </span>
    </p>

    <p class='ocr_par' dir='ltr' id='par_1_13' title="bbox 335 2586 1477 2674">
     <span class='ocr_line' id='line_1_21' title="bbox 335 2586 1477 2674; baseline -0.004 -19"><span class='ocrx_word' id='word_1_127' title='bbox 335 2589 402 2655; x_wconf 85' lang='lat' dir='ltr'>lam</span> <span class='ocrx_word' id='word_1_128' title='bbox 435 2595 472 2653; x_wconf 91' lang='lat' dir='ltr'>tu</span> <span class='ocrx_word' id='word_1_129' title='bbox 501 2587 591 2654; x_wconf 85' lang='lat' dir='ltr'>vides</span> <span class='ocrx_word' id='word_1_130' title='bbox 628 2587 705 2673; x_wconf 90' lang='lat' dir='ltr'>quid</span> <span class='ocrx_word' id='word_1_131' title='bbox 734 2588 969 2674; x_wconf 80' lang='lat' dir='ltr'>Theophrastus</span> <span class='ocrx_word' id='word_1_132' title='bbox 996 2591 1173 2673; x_wconf 79' lang='lat' dir='ltr'>scripserit:</span> <span class='ocrx_word' id='word_1_133' title='bbox 1208 2609 1321 2673; x_wconf 91' lang='lat' dir='ltr'>nempe</span> <span class='ocrx_word' id='word_1_134' title='bbox 1351 2586 1477 2664; x_wconf 71' lang='grc' dir='ltr'><strong><em>ἐξελθὼν</em></strong></span> 
     </span>
    </p>

    <p class='ocr_par' dir='ltr' id='par_1_14' title="bbox 292 2692 1478 2989">
     <span class='ocr_line' id='line_1_22' title="bbox 292 2692 1477 2781; baseline -0.003 -20"><span class='ocrx_word' id='word_1_135' title='bbox 292 2694 447 2774; x_wconf 75' lang='grc' dir='ltr'><strong><em>θροροίσαι</em></strong></span> <span class='ocrx_word' id='word_1_136' title='bbox 468 2694 634 2772; x_wconf 80' lang='grc' dir='ltr'><strong><em>μυρσίνας,</em></strong></span> <span class='ocrx_word' id='word_1_137' title='bbox 654 2694 873 2773; x_wconf 79' lang='grc' dir='ltr'><strong><em>λιβανατΟΝ,</em></strong></span> <span class='ocrx_word' id='word_1_138' title='bbox 890 2702 1082 2760; x_wconf 81' lang='grc' dir='ltr'><strong><em>ΠΟΠΑΝΑ.</em></strong></span> <span class='ocrx_word' id='word_1_139' title='bbox 1101 2693 1138 2757; x_wconf 91' lang='lat' dir='ltr'>ln</span> <span class='ocrx_word' id='word_1_140' title='bbox 1156 2696 1313 2779; x_wconf 82' lang='lat' dir='ltr'>scripture</span> <span class='ocrx_word' id='word_1_141' title='bbox 1334 2692 1477 2781; x_wconf 83' lang='lat' dir='ltr'>fugiente</span> 
     </span>
     <span class='ocr_line' id='line_1_23' title="bbox 293 2798 1478 2865; baseline -0.003 0"><span class='ocrx_word' id='word_1_142' title='bbox 293 2801 368 2865; x_wconf 91' lang='lat' dir='ltr'>libri</span> <span class='ocrx_word' id='word_1_143' title='bbox 391 2798 476 2864; x_wconf 84' lang='lat' dir='ltr'>male</span> <span class='ocrx_word' id='word_1_144' title='bbox 499 2798 602 2863; x_wconf 83' lang='lat' dir='ltr'>habiti</span> <span class='ocrx_word' id='word_1_145' title='bbox 625 2799 783 2865; x_wconf 80' lang='lat' dir='ltr'>ss*HA*A</span> <span class='ocrx_word' id='word_1_146' title='bbox 806 2800 910 2864; x_wconf 84' lang='lat' dir='ltr'>scribe</span> <span class='ocrx_word' id='word_1_147' title='bbox 930 2801 992 2864; x_wconf 92' lang='lat' dir='ltr'>sihi</span> <span class='ocrx_word' id='word_1_148' title='bbox 1010 2798 1129 2864; x_wconf 89' lang='grc' dir='ltr'><strong><em>τίνακα</em></strong></span> <span class='ocrx_word' id='word_1_149' title='bbox 1151 2801 1240 2863; x_wconf 83' lang='lat' dir='ltr'>visus</span> <span class='ocrx_word' id='word_1_150' title='bbox 1263 2799 1370 2864; x_wconf 90' lang='lat' dir='ltr'>videre</span> <span class='ocrx_word' id='word_1_151' title='bbox 1388 2799 1478 2863; x_wconf 86' lang='lat' dir='ltr'>nohis</span> 
     </span>
     <span class='ocr_line' id='line_1_24' title="bbox 296 2904 1127 2989; baseline -0.001 -20"><span class='ocrx_word' id='word_1_152' title='bbox 296 2904 475 2983; x_wconf 81' lang='grc' dir='ltr'><strong><em>λιβανυτῶν</em></strong></span> <span class='ocrx_word' id='word_1_153' title='bbox 499 2904 617 2968; x_wconf 89' lang='grc' dir='ltr'><strong><em>τίνοικα</em></strong></span> <span class='ocrx_word' id='word_1_154' title='bbox 641 2906 808 2989; x_wconf 60' lang='grc' dir='ltr'><strong><em>υρροσυίίς</em></strong></span> <span class='ocrx_word' id='word_1_155' title='bbox 826 2925 889 2989; x_wconf 90' lang='lat' dir='ltr'>quo</span> <span class='ocrx_word' id='word_1_156' title='bbox 910 2925 973 2970; x_wconf 89' lang='lat' dir='ltr'>non</span> <span class='ocrx_word' id='word_1_157' title='bbox 994 2906 1127 2969; x_wconf 89' lang='lat' dir='ltr'>utimur.</span> 
     </span>
    </p>
   </div>
   <div class='ocr_carea' id='block_1_6' title="bbox 296 3110 1485 4136">
    <p class='ocr_par' dir='ltr' id='par_1_15' title="bbox 296 3110 1485 4136">
     <span class='ocr_line' id='line_1_25' title="bbox 343 3110 1479 3192; baseline 0.001 -17"><span class='ocrx_word' id='word_1_158' title='bbox 343 3111 424 3177; x_wconf 91' lang='lat' dir='ltr'>lbid.</span> <span class='ocrx_word' id='word_1_159' title='bbox 449 3111 500 3174; x_wconf 82' lang='grc' dir='ltr'>καί</span> <span class='ocrx_word' id='word_1_160' title='bbox 525 3110 634 3189; x_wconf 80' lang='grc' dir='ltr'><strong><em>ἱερείας</em></strong></span> <span class='ocrx_word' id='word_1_161' title='bbox 659 3112 797 3184; x_wconf 81' lang='grc' dir='ltr'><strong><em>καλίσας</em></strong></span> <span class='ocrx_word' id='word_1_162' title='bbox 819 3111 931 3192; x_wconf 87' lang='grc' dir='ltr'><strong><em>σκίλλῃ</em></strong></span> <span class='ocrx_word' id='word_1_163' title='bbox 955 3110 972 3185; x_wconf 71' lang='grc' dir='ltr'>ἢ</span> <span class='ocrx_word' id='word_1_164' title='bbox 997 3120 1183 3177; x_wconf 79' lang='grc' dir='ltr'><strong>ΣΚΤΛΛΚΙ</strong></span> <span class='ocrx_word' id='word_1_165' title='bbox 1212 3117 1357 3177; x_wconf 80' lang='grc' dir='ltr'><strong><em>κελεύσαι</em></strong></span> <span class='ocrx_word' id='word_1_166' title='bbox 1387 3114 1479 3178; x_wconf 77' lang='grc' dir='ltr'><strong><em>αύτὲν</em></strong></span> 
     </span>
     <span class='ocr_line' id='line_1_26' title="bbox 296 3216 1480 3303; baseline 0.003 -23"><span class='ocrx_word' id='word_1_167' title='bbox 296 3216 526 3298; x_wconf 61' lang='lat' dir='ltr'>arpinatem]</span> <span class='ocrx_word' id='word_1_168' title='bbox 552 3217 619 3278; x_wconf 90' lang='lat' dir='ltr'>sine</span> <span class='ocrx_word' id='word_1_169' title='bbox 641 3218 853 3280; x_wconf 85' lang='lat' dir='ltr'>controversia</span> <span class='ocrx_word' id='word_1_170' title='bbox 873 3235 987 3280; x_wconf 85' lang='lat' dir='ltr'>vemm</span> <span class='ocrx_word' id='word_1_171' title='bbox 1009 3222 1057 3280; x_wconf 89' lang='lat' dir='ltr'>est</span> <span class='ocrx_word' id='word_1_172' title='bbox 1079 3216 1191 3297; x_wconf 84' lang='grc' dir='ltr'><strong><em>σκίλλῃ</em></strong></span> <span class='ocrx_word' id='word_1_173' title='bbox 1212 3216 1263 3281; x_wconf 84' lang='grc' dir='ltr'>καί</span> <span class='ocrx_word' id='word_1_174' title='bbox 1288 3216 1357 3298; x_wconf 59' lang='lat' dir='ltr'>teet</span> <span class='ocrx_word' id='word_1_175' title='bbox 1367 3268 1376 3293; x_wconf 90' lang='lat'><strong>‚</strong></span> <span class='ocrx_word' id='word_1_176' title='bbox 1401 3239 1480 3303; x_wconf 80' lang='lat' dir='ltr'>quae</span> 
     </span>
     <span class='ocr_line' id='line_1_27' title="bbox 296 3317 1481 3404; baseline 0.003 -19"><span class='ocrx_word' id='word_1_177' title='bbox 296 3326 330 3385; x_wconf 90' lang='lat' dir='ltr'>in</span> <span class='ocrx_word' id='word_1_178' title='bbox 358 3340 396 3383; x_wconf 87' lang='lat' dir='ltr'>eo</span> <span class='ocrx_word' id='word_1_179' title='bbox 425 3323 615 3404; x_wconf 82' lang='lat' dir='ltr'>argumento</span> <span class='ocrx_word' id='word_1_180' title='bbox 643 3317 797 3383; x_wconf 87' lang='lat' dir='ltr'>solemnia</span> <span class='ocrx_word' id='word_1_181' title='bbox 819 3326 852 3383; x_wconf 92' lang='lat' dir='ltr'>et</span> <span class='ocrx_word' id='word_1_182' title='bbox 876 3321 954 3383; x_wconf 83' lang='lat' dir='ltr'>trite</span> <span class='ocrx_word' id='word_1_183' title='bbox 982 3319 1137 3385; x_wconf 81' lang='lat' dir='ltr'>vocabula</span> <span class='ocrx_word' id='word_1_184' title='bbox 1166 3326 1250 3386; x_wconf 88' lang='lat' dir='ltr'>sunt.</span> <span class='ocrx_word' id='word_1_185' title='bbox 1292 3322 1377 3388; x_wconf 83' lang='lat' dir='ltr'>Note</span> <span class='ocrx_word' id='word_1_186' title='bbox 1407 3329 1481 3388; x_wconf 88' lang='lat' dir='ltr'>sunt</span> 
     </span>
     <span class='ocr_line' id='line_1_28' title="bbox 298 3420 1480 3513; baseline 0.003 -25"><span class='ocrx_word' id='word_1_187' title='bbox 298 3425 450 3488; x_wconf 87' lang='lat' dir='ltr'>Veterum</span> <span class='ocrx_word' id='word_1_188' title='bbox 481 3422 519 3486; x_wconf 90' lang='lat' dir='ltr'>de</span> <span class='ocrx_word' id='word_1_189' title='bbox 547 3421 607 3487; x_wconf 88' lang='lat' dir='ltr'>hoc</span> <span class='ocrx_word' id='word_1_190' title='bbox 628 3420 785 3487; x_wconf 82' lang='lat' dir='ltr'>lustrandi</span> <span class='ocrx_word' id='word_1_191' title='bbox 812 3443 900 3488; x_wconf 88' lang='lat' dir='ltr'>more</span> <span class='ocrx_word' id='word_1_192' title='bbox 928 3425 1119 3488; x_wconf 88' lang='lat' dir='ltr'>testimonia.</span> <span class='ocrx_word' id='word_1_193' title='bbox 1159 3424 1319 3491; x_wconf 81' lang='lat' dir='ltr'>Lucienus</span> <span class='ocrx_word' id='word_1_194' title='bbox 1344 3429 1480 3513; x_wconf 77' lang='grc' dir='ltr'><strong><em>Νοσῃονι.</em></strong></span> 
     </span>
     <span class='ocr_line' id='line_1_29' title="bbox 299 3525 1481 3610; baseline 0.001 -14"><span class='ocrx_word' id='word_1_195' title='bbox 299 3528 329 3596; x_wconf 85' lang='grc'><strong><em>7.</em></strong></span> <span class='ocrx_word' id='word_1_196' title='bbox 352 3530 525 3608; x_wconf 75' lang='grc' dir='ltr'><strong><em>περιίῃνισε</em></strong></span> <span class='ocrx_word' id='word_1_197' title='bbox 550 3525 616 3610; x_wconf 61' lang='lat' dir='ltr'>teet</span> <span class='ocrx_word' id='word_1_198' title='bbox 640 3526 693 3590; x_wconf 79' lang='grc' dir='ltr'>καὶ</span> <span class='ocrx_word' id='word_1_199' title='bbox 716 3526 839 3608; x_wconf 89' lang='grc' dir='ltr'><strong><em>σκίλλῃ.</em></strong></span> <span class='ocrx_word' id='word_1_200' title='bbox 879 3527 1032 3592; x_wconf 83' lang='grc' dir='ltr'><strong><em>Ροιυιίοιο.</em></strong></span> <span class='ocrx_word' id='word_1_201' title='bbox 1054 3529 1195 3608; x_wconf 81' lang='grc' dir='ltr'><strong><em>καθαῖρον</em></strong></span> <span class='ocrx_word' id='word_1_202' title='bbox 1214 3532 1253 3601; x_wconf 72' lang='lat' dir='ltr'>cie</span> <span class='ocrx_word' id='word_1_203' title='bbox 1282 3532 1400 3605; x_wconf 82' lang='grc' dir='ltr'><strong><em>οίλῃθῶς</em></strong></span> <span class='ocrx_word' id='word_1_204' title='bbox 1422 3531 1481 3605; x_wconf 83' lang='grc' dir='ltr'><strong><em>τθις</em></strong></span> 
     </span>
     <span class='ocr_line' id='line_1_30' title="bbox 298 3629 1482 3715; baseline 0.005 -19"><span class='ocrx_word' id='word_1_205' title='bbox 298 3634 425 3713; x_wconf 77' lang='grc' dir='ltr'><strong><em>ῃνύριας</em></strong></span> <span class='ocrx_word' id='word_1_206' title='bbox 449 3631 520 3711; x_wconf 75' lang='grc' dir='ltr'>οὐχ)</span> <span class='ocrx_word' id='word_1_207' title='bbox 545 3630 611 3714; x_wconf 68' lang='lat' dir='ltr'>epti</span> <span class='ocrx_word' id='word_1_208' title='bbox 636 3629 687 3694; x_wconf 79' lang='grc' dir='ltr'>καί</span> <span class='ocrx_word' id='word_1_209' title='bbox 711 3632 824 3714; x_wconf 84' lang='grc' dir='ltr'><strong><em>σκίλλῃ</em></strong></span> <span class='ocrx_word' id='word_1_210' title='bbox 847 3630 899 3695; x_wconf 76' lang='grc' dir='ltr'>καί</span> <span class='ocrx_word' id='word_1_211' title='bbox 929 3640 999 3704; x_wconf 79' lang='grc' dir='ltr'><strong><em>ταῖς</em></strong></span> <span class='ocrx_word' id='word_1_212' title='bbox 1020 3632 1177 3706; x_wconf 88' lang='grc' dir='ltr'><strong><em>τοιαύταις</em></strong></span> <span class='ocrx_word' id='word_1_213' title='bbox 1200 3634 1370 3715; x_wconf 71' lang='grc' dir='ltr'><strong><em>φλυαρίαις</em></strong></span> <span class='ocrx_word' id='word_1_214' title='bbox 1393 3637 1482 3702; x_wconf 81' lang='grc' dir='ltr'><strong><em>ιίλλθι</em></strong></span> 
     </span>
     <span class='ocr_line' id='line_1_31' title="bbox 297 3732 1483 3827; baseline 0.003 -24"><span class='ocrx_word' id='word_1_215' title='bbox 297 3738 382 3818; x_wconf 71' lang='grc' dir='ltr'><strong><em>λύγῳ</em></strong></span> <span class='ocrx_word' id='word_1_216' title='bbox 406 3737 486 3817; x_wconf 84' lang='grc' dir='ltr'><strong><em>ίρθῷ.</em></strong></span> <span class='ocrx_word' id='word_1_217' title='bbox 517 3736 580 3800; x_wconf 88' lang='lat' dir='ltr'>Dio</span> <span class='ocrx_word' id='word_1_218' title='bbox 602 3732 849 3820; x_wconf 84' lang='lat' dir='ltr'>Chrysostomus</span> <span class='ocrx_word' id='word_1_219' title='bbox 871 3735 957 3802; x_wconf 86' lang='lat' dir='ltr'>Orat.</span> <span class='ocrx_word' id='word_1_220' title='bbox 982 3735 1035 3803; x_wconf 87' lang='grc'><strong><em>48.</em></strong></span> <span class='ocrx_word' id='word_1_221' title='bbox 1058 3736 1148 3803; x_wconf 80' lang='lat' dir='ltr'>Tom.</span> <span class='ocrx_word' id='word_1_222' title='bbox 1173 3737 1214 3804; x_wconf 90' lang='grc' dir='ltr'><strong><em>Π.</em></strong></span> <span class='ocrx_word' id='word_1_223' title='bbox 1237 3760 1311 3827; x_wconf 86' lang='lat' dir='ltr'>pag.</span> <span class='ocrx_word' id='word_1_224' title='bbox 1332 3739 1409 3807; x_wconf 81' lang='lat'>245.</span> <span class='ocrx_word' id='word_1_225' title='bbox 1429 3766 1483 3807; x_wconf 84' lang='grc' dir='ltr'>τε·</span> 
     </span>
     <span class='ocr_line' id='line_1_32' title="bbox 298 3840 1484 3925; baseline 0.003 -18"><span class='ocrx_word' id='word_1_226' title='bbox 298 3843 510 3925; x_wconf 79' lang='grc' dir='ltr'><strong><em>ρικονθιίραντες</em></strong></span> <span class='ocrx_word' id='word_1_227' title='bbox 539 3841 594 3915; x_wconf 68' lang='grc' dir='ltr'>τὴν</span> <span class='ocrx_word' id='word_1_228' title='bbox 621 3840 710 3904; x_wconf 82' lang='grc' dir='ltr'><strong><em>πόλιν</em></strong></span> <span class='ocrx_word' id='word_1_229' title='bbox 732 3841 784 3917; x_wconf 62' lang='lat' dir='ltr'>&#39;reip</span> <span class='ocrx_word' id='word_1_230' title='bbox 807 3840 920 3921; x_wconf 86' lang='grc' dir='ltr'><strong><em>σκίλλῃ</em></strong></span> <span class='ocrx_word' id='word_1_231' title='bbox 952 3842 1029 3918; x_wconf 71' lang='grc' dir='ltr'>μηδὲ</span> <span class='ocrx_word' id='word_1_232' title='bbox 1053 3851 1192 3918; x_wconf 85' lang='grc' dir='ltr'><strong>ΔΑΙΔΙ,</strong></span> <span class='ocrx_word' id='word_1_233' title='bbox 1224 3846 1304 3910; x_wconf 82' lang='grc' dir='ltr'><strong><em>πολύ</em></strong></span> <span class='ocrx_word' id='word_1_234' title='bbox 1332 3845 1363 3911; x_wconf 76' lang='grc' dir='ltr'>δὲ</span> <span class='ocrx_word' id='word_1_235' title='bbox 1387 3847 1484 3912; x_wconf 87' lang='grc' dir='ltr'><strong><em>καθα·</em></strong></span> 
     </span>
     <span class='ocr_line' id='line_1_33' title="bbox 298 3944 1485 4038; baseline 0.003 -26"><span class='ocrx_word' id='word_1_236' title='bbox 298 3948 410 4029; x_wconf 80' lang='grc' dir='ltr'><strong><em>ρωτίρῳ</em></strong></span> <span class='ocrx_word' id='word_1_237' title='bbox 432 3946 576 4026; x_wconf 75' lang='grc' dir='ltr'><strong><em>χρίμασι</em></strong></span> <span class='ocrx_word' id='word_1_238' title='bbox 599 3945 641 4023; x_wconf 78' lang='grc' dir='ltr'>τῷ</span> <span class='ocrx_word' id='word_1_239' title='bbox 666 3944 766 4023; x_wconf 71' lang='grc' dir='ltr'><strong><em>λόγῳ·</em></strong></span> <span class='ocrx_word' id='word_1_240' title='bbox 790 3964 866 4010; x_wconf 86' lang='lat' dir='ltr'>nam</span> <span class='ocrx_word' id='word_1_241' title='bbox 891 3948 1067 4013; x_wconf 84' lang='lat' dir='ltr'>rectissime</span> <span class='ocrx_word' id='word_1_242' title='bbox 1089 3948 1134 4010; x_wconf 89' lang='lat' dir='ltr'>sic</span> <span class='ocrx_word' id='word_1_243' title='bbox 1157 3948 1340 4014; x_wconf 84' lang='lat' dir='ltr'>emendavit</span> <span class='ocrx_word' id='word_1_244' title='bbox 1361 3949 1485 4038; x_wconf 86' lang='lat' dir='ltr'>Begue-</span> 
     </span>
     <span class='ocr_line' id='line_1_34' title="bbox 300 4047 1485 4136; baseline 0.003 -19"><span class='ocrx_word' id='word_1_245' title='bbox 300 4060 352 4118; x_wconf 88' lang='lat' dir='ltr'>tus</span> <span class='ocrx_word' id='word_1_246' title='bbox 380 4070 437 4136; x_wconf 90' lang='lat' dir='ltr'>pro</span> <span class='ocrx_word' id='word_1_247' title='bbox 465 4048 542 4126; x_wconf 76' lang='grc' dir='ltr'>μηδὲ</span> <span class='ocrx_word' id='word_1_248' title='bbox 573 4047 680 4123; x_wconf 76' lang='grc' dir='ltr'><strong><em>ὕδατι,</em></strong></span> <span class='ocrx_word' id='word_1_249' title='bbox 712 4056 749 4113; x_wconf 92' lang='lat' dir='ltr'>ut</span> <span class='ocrx_word' id='word_1_250' title='bbox 772 4049 856 4134; x_wconf 85' lang='lat' dir='ltr'>apud</span> <span class='ocrx_word' id='word_1_251' title='bbox 886 4050 1064 4116; x_wconf 82' lang='lat' dir='ltr'>Lucienum</span> <span class='ocrx_word' id='word_1_252' title='bbox 1090 4070 1213 4135; x_wconf 88' lang='lat' dir='ltr'>quoque</span> <span class='ocrx_word' id='word_1_253' title='bbox 1240 4052 1386 4119; x_wconf 89' lang='lat' dir='ltr'>nonnulli</span> <span class='ocrx_word' id='word_1_254' title='bbox 1409 4055 1485 4120; x_wconf 83' lang='lat' dir='ltr'>libri</span> 
     </span>
    </p>
   </div>
   <div class='ocr_carea' id='block_1_7' title="bbox 299 4151 1486 4240">
    <p class='ocr_par' dir='ltr' id='par_1_16' title="bbox 299 4151 1486 4240">
     <span class='ocr_line' id='line_1_35' title="bbox 299 4151 1486 4240; baseline 0.003 -19"><span class='ocrx_word' id='word_1_255' title='bbox 299 4160 427 4222; x_wconf 83' lang='lat' dir='ltr'>servant</span> <span class='ocrx_word' id='word_1_256' title='bbox 447 4155 507 4234; x_wconf 83' lang='grc' dir='ltr'>ούχ</span> <span class='ocrx_word' id='word_1_257' title='bbox 532 4151 620 4220; x_wconf 78' lang='grc' dir='ltr'><strong><em>ὕδατι</em></strong></span> <span class='ocrx_word' id='word_1_258' title='bbox 644 4154 696 4219; x_wconf 81' lang='grc' dir='ltr'>καί</span> <span class='ocrx_word' id='word_1_259' title='bbox 721 4154 833 4236; x_wconf 87' lang='grc' dir='ltr'><strong><em>σκίλλῃ</em></strong></span> <span class='ocrx_word' id='word_1_260' title='bbox 855 4175 911 4240; x_wconf 89' lang='lat' dir='ltr'>pro</span> <span class='ocrx_word' id='word_1_261' title='bbox 939 4155 1008 4236; x_wconf 83' lang='grc' dir='ltr'><strong><em>ούχί</em></strong></span> <span class='ocrx_word' id='word_1_262' title='bbox 1032 4154 1110 4238; x_wconf 66' lang='lat' dir='ltr'>epti.</span> <span class='ocrx_word' id='word_1_263' title='bbox 1152 4155 1407 4224; x_wconf 87' lang='lat' dir='ltr'>Disertissimum</span> <span class='ocrx_word' id='word_1_264' title='bbox 1437 4166 1486 4224; x_wconf 89' lang='lat' dir='ltr'>est</span> 
     </span>
    </p>
   </div>
   <div class='ocr_carea' id='block_1_8' title="bbox 296 4256 1484 4451">
    <p class='ocr_par' dir='ltr' id='par_1_17' title="bbox 296 4256 1484 4451">
     <span class='ocr_line' id='line_1_36' title="bbox 298 4256 1484 4427; baseline 0.005 -103"><span class='ocrx_word' id='word_1_265' title='bbox 298 4261 520 4427; x_wconf 54' lang='lat' dir='ltr'>testiuffium</span> <span class='ocrx_word' id='word_1_266' title='bbox 543 4258 667 4344; x_wconf 91' lang='lat' dir='ltr'>Diphili</span> <span class='ocrx_word' id='word_1_267' title='bbox 691 4259 774 4345; x_wconf 88' lang='lat' dir='ltr'>apud</span> <span class='ocrx_word' id='word_1_268' title='bbox 798 4256 996 4325; x_wconf 82' lang='lat' dir='ltr'>Clementem</span> <span class='ocrx_word' id='word_1_269' title='bbox 1019 4258 1269 4327; x_wconf 79' lang='lat' dir='ltr'>Alexandrinum</span> <span class='ocrx_word' id='word_1_270' title='bbox 1288 4263 1391 4329; x_wconf 71' lang='lat' dir='ltr'>Siron.</span> <span class='ocrx_word' id='word_1_271' title='bbox 1415 4263 1484 4330; x_wconf 78' lang='lat' dir='ltr'>Vll.</span> 
     </span>
     <span class='ocr_line' id='line_1_37' title="bbox 296 4384 470 4451; baseline 0.011 -1"><span class='ocrx_word' id='word_1_272' title='bbox 296 4384 369 4451; x_wconf 56' lang='grc' dir='ltr'>ΡΨ·</span> <span class='ocrx_word' id='word_1_273' title='bbox 463 4410 470 4424; x_wconf 91' lang='grc'><em>·</em></span> 
     </span>
    </p>
   </div>
   <div class='ocr_carea' id='block_1_9' title="bbox 0 0 1667 5022">
    <p class='ocr_par' dir='ltr' id='par_1_18' title="bbox 0 0 1667 5022">
     <span class='ocr_line' id='line_1_38' title="bbox 0 0 1667 5022; baseline 0 0"><span class='ocrx_word' id='word_1_274' title='bbox 0 0 1667 5022; x_wconf 95' lang='lat' dir='ltr'> </span> 
     </span>
    </p>
   </div>
  </div>
 </body>
</html>
