3296 5022
266 327 309 395 dd
700 351 743 396 so
766 346 1032 397 panormeorum

263 517 413 591 κπῖῆναιῖ
451 520 625 582 &macter
646 523 681 583 in
707 521 893 586 huiusmodi
914 543 947 587 re
966 522 1101 587 verbum
1123 523 1309 588 antecedens
1330 523 1364 584 in
1391 540 1460 606 psr·

263 625 413 710 ticipium
436 626 641 690 convertitur.
665 626 725 689 Ab·
747 633 776 690 et
797 629 941 710 carpende
959 635 1001 705 te,
1030 629 1142 694 Graece
1159 628 1294 693 dicitur:
1318 626 1460 691 άτελδῖιν

263 728 431 809 άπαγξαι,
457 738 489 796 et
509 734 555 796 sic
576 731 688 808 ἐλθεῖν,
715 734 889 811 παρελθών,
915 735 1085 814 προσελθών
1106 740 1139 798 et
1158 734 1259 810 μολών
1284 738 1316 799 et
1337 731 1458 804 άναςάς

263 844 296 901 et
318 837 426 914 λαβών
447 836 527 901 locis
547 839 724 902 innumeris
744 841 848 922 posita
866 839 1029 927 leguntur.
1060 838 1165 921 Quam
1184 860 1276 925 saepe
1291 838 1459 920 προσελθων

263 944 297 1008 in
319 943 378 1009 hoc
400 944 590 1008 brevissimo
613 942 723 1008 libello
745 943 896 1009 recurrit?
945 963 949 971 ·

308 1154 389 1219 Ibid.
421 1154 473 1219 καῖ
506 1157 631 1233 ὀψωνεῖν
664 1156 763 1236 ἑαυτῷ
791 1157 844 1222 καῖ
869 1159 1074 1236 αὖλκτρῖδΑΟ
1098 1159 1306 1244 μισθοῦσθαι]
1350 1157 1458 1225 Scribe

263 1263 388 1339 ὀψωνεῖν
413 1262 505 1333 αὐτὸς
531 1262 649 1342 ἑαυτῷ,
681 1262 741 1328 hoc
770 1266 857 1329 enim
887 1266 994 1349 ipsum
1023 1270 1090 1331 etat
1118 1265 1266 1344 βδελυρὸν
1288 1260 1335 1329 δ’τι
1363 1263 1458 1336 αὐτὸς

263 1370 398 1448 ὠψώνει,
430 1389 493 1435 non
525 1389 581 1454 per
610 1369 792 1446 servulum,
826 1376 864 1435 ut
895 1390 1006 1436 omues
1039 1371 1241 1437 honestiores.
1291 1370 1459 1437 Praeterea

262 1476 385 1562 corrige
407 1475 605 1553 αὐλητρίδα,
639 1477 790 1561 quoniam
820 1499 883 1539 κννυ
906 1482 1034 1541 tantum
1065 1476 1198 1542 tibicina
1226 1478 1383 1545 conviviis
1404 1475 1457 1542 ad·

261 1581 365 1646 hiberi
388 1580 526 1659 solebat,
557 1584 649 1647 onius
669 1585 714 1647 rei
737 1583 856 1667 ubique
878 1589 953 1648 suut
976 1583 1071 1649 obvia
1093 1581 1256 1669 exempla,
1289 1582 1374 1668 apud
1395 1581 1458 1648 Xe·

260 1685 469 1772 nophontem,
494 1686 679 1764 Platonem,
704 1689 948 1773 Aristophanem
972 1696 1003 1754 et
1024 1689 1082 1753 ubi
1103 1686 1187 1754 nonl

276 1894 279 1900 ’
309 1894 385 1983 Gap.
410 1896 483 1961 XII.
509 1898 680 1976 Ἀκαιρῖας.

308 2004 360 2068 καῖ
386 2002 558 2078 άκνκυότας
582 2003 633 2067 καῖ
658 2003 879 2079 μεμαθηκότας
904 2005 1068 2072 άνῖςασάαι
1094 2002 1129 2079 ἐξ
1151 2006 1253 2085 doxis
1280 2003 1454 2090 διδάσκων]

261 2109 451 2174 mendosum
473 2113 521 2173 est
544 2108 708 2176 άνῖςατῖαι
731 2107 897 2185 διδάσκων,
933 2109 997 2175 dici
1024 2116 1129 2196 potest
1156 2111 1304 2179 άνῖςαται
1329 2107 1456 2186 διδάξων

262 2214 317 2281 sed
347 2213 540 2298 simpliciore
577 2217 767 2281 correctione
801 2222 833 2281 et
868 2217 1011 2282 Atticam
1041 2216 1167 2283 dicendi
1195 2217 1456 2284 cousuetudinem

261 2319 379 2385 melius
401 2319 554 2384 referente
573 2321 826 2385 emendaverim:
852 2321 973 2393 άναςάς
997 2322 1031 2400 ἐξ
1049 2324 1150 2403 dcxii
1170 2321 1331 2388 διδάσκειν.
1363 2325 1455 2389 Ἀνα·

261 2424 320 2498 τάς
345 2424 484 2490 declarat
504 2427 539 2489 in
562 2428 709 2491 concione
729 2425 841 2512 populi
862 2426 943 2493 hanc
966 2449 1034 2493 rem
1058 2432 1121 2515 agi.

306 2638 343 2704 lu
366 2637 548 2705 delinitione
576 2644 631 2710 τῆς
656 2639 798 2717 άκαιρῖας
829 2639 998 2705 scribitur:
1030 2644 1046 2716 ἦ
1079 2641 1137 2718 μὲν
1167 2636 1216 2705 οὖν
1240 2642 1369 2720 άκαιρῖα
1392 2641 1456 2710 isla

261 2742 443 2820 ’θΠΙτευξις
465 2749 607 2809 λυποῦσα
626 2744 696 2815 τοὺς
714 2744 1014 2824 ἘΝτυγχάνεντας.
1049 2747 1138 2823 „Imo
1157 2769 1226 2811 cero
1241 2746 1455 2825 ”6Νπευξνς,”

259 2851 375 2916 dixerit
397 2850 541 2935 quilibet.
576 2852 618 2914 At
641 2846 845 2916 Gasaubonue
867 2853 1007 2917 intonat:
1035 2870 1153 2929 „urum
1175 2870 1366 2919 uurmmuu.
1400 2857 1455 2919 Aa

259 2956 314 3022 tici
336 2957 560 3037 ἐπιτυγχάνειν
579 2978 639 3039 pro
663 2955 866 3036 ἐντυγχάνειν
891 2965 1038 3041 usurpant
1057 2965 1091 3022 at
1118 2957 1207 3022 Picto
1230 2967 1311 3024 recto
1333 2960 1454 3042 cepam.

259 3079 341 3129 seeo
372 3079 472 3127 eumd
496 3060 647 3137 ε’πῖτευξις
672 3084 732 3144 pro
755 3061 917 3140 ἔντευξις.”
952 3061 1037 3142 Quid
1066 3062 1244 3130 faciemus?
1278 3064 1370 3132 More
1399 3064 1455 3132 Sc

260 3170 376 3233 cretico
399 3172 559 3242 excripsi
585 3166 651 3244 περὶ
677 3169 794 3243 αὐτοῦ,
824 3173 856 3233 et
885 3171 1029 3254 primum
1051 3169 1192 3235 Editoris
1221 3172 1319 3237 verba
1347 3172 1454 3238 andis·

258 3290 349 3338 mus:
376 3270 579 3348 ,,Ἐπι’τευξις
605 3273 736 3356 (inquit)
766 3297 826 3338 κου
854 3298 978 3358 prorius
1008 3276 1085 3339 idem
1113 3283 1156 3340 eat
1186 3283 1274 3362 atque
1300 3277 1463 3356 ἔντευξις,“

258 3379 311 3443 ced
343 3378 435 3458 mapa
457 3375 621 3442 socessi0.”
656 3374 732 3443 Ores
756 3380 891 3466 credam.
935 3380 1062 3446 Dicitur
1091 3382 1252 3464 ἐπιτυχεῖν
1282 3386 1465 3470 suasorie·

249 3485 387 3570 fortuna
408 3484 442 3547 ire
460 3484 589 3569 aliquem
610 3483 752 3549 incidisse
775 3491 807 3550 et
832 3488 991 3566 ἐπιτυχεῖν
1011 3510 1089 3559 τινας
1107 3489 1281 3571 improbrare,
1306 3490 1449 3567 obticere,

257 3591 410 3677 consequi,
441 3590 586 3673 adipisci,
619 3591 752 3654 mociaci
782 3594 861 3677 quod
886 3593 1008 3679 quiaque
1029 3595 1108 3676 peiit
1130 3596 1178 3658 cci
1206 3596 1324 3679 erpetit.
1364 3596 1452 3661 Ἐπῖ-

258 3697 358 3776 τευξις
382 3717 506 3783 semper
524 3701 571 3761 est
590 3698 637 3761 rei
659 3717 756 3780 quam
784 3704 873 3783 optes
896 3699 1013 3782 adeptio
1032 3699 1085 3765 vel
1109 3700 1286 3784 impetratio.
1321 3705 1452 3781 Ἐντυγ-

257 3805 365 3885 χάνειν
395 3808 453 3867 τινῖ
485 3807 532 3867 est
560 3802 598 3867 de
620 3801 777 3868 industria
807 3805 934 3889 aliquem
958 3806 1129 3882 convenire,
1161 3808 1298 3871 accedere
1325 3810 1368 3872 od
1394 3809 1452 3874 oli·

256 3934 353 3996 quem,
384 3909 644 3986 necessitudinem,
669 3909 806 3972 notitiam
829 3911 961 3996 aliquam
985 3934 1049 3974 crim
1073 3912 1174 3997 obque
1198 3915 1383 3993 contradere,
1414 3921 1452 3980 ut

257 4018 281 4080 oi
307 4016 550 4097 ἐντυγχάνοντες
567 4017 608 4095 τῷ
627 4014 745 4095 βιβλίῳ
764 4022 839 4081 sunt
861 4019 997 4096 lectores,
1024 4017 1197 4103 eodemque
1221 4039 1314 4084 sensu
1332 4023 1452 4106 passim

258 4119 389 4197 ἔντευξις
412 4123 550 4207 ponitur.
593 4121 665 4186 Non
687 4130 820 4208 possunt
843 4125 945 4211 igitur
975 4124 1038 4188 duo
1059 4124 1215 4190 vocabula
1237 4131 1305 4190 tam
1329 4127 1454 4193 diversa

257 4231 341 4293 inter
362 4248 395 4292 se
417 4233 543 4295 mutare
564 4227 673 4293 locum
697 4233 729 4294 et
751 4229 920 4294 reddemus
950 4227 1166 4315 Theophrasto
1187 4230 1222 4295 id
1245 4231 1328 4316 quod
1348 4231 1452 4298 solum

257 4353 371 4401 sanum
394 4354 430 4399 ae
452 4338 576 4397 rectum
599 4339 647 4398 eet
666 4334 843 4411 ἜΝτευξις
863 4340 1004 4399 λυποῦσα
1029 4336 1099 4409 τοὺς
1124 4337 1424 4415 'successtiones
