3388 5010
642 365 794 411 tuorumve
819 365 855 409 nr
879 364 1031 411 numurus.
1359 349 1424 411 287

238 535 376 600 matium
407 530 511 618 Epist.
544 535 576 596 7.
603 530 663 597 vol.
688 529 742 598 lV.
765 534 806 609 2,
837 551 870 618 p.
899 538 939 598 ll
962 530 1073 606 liert,
1098 535 1164 597 340
1190 548 1242 617 ap.
1268 529 1425 616 dlignium

238 638 335 705 habet
356 635 479 723 aliquot
503 635 672 721 proverbia
694 634 813 723 quibus
832 635 1036 722 significatur
1058 653 1155 722 prava
1176 636 1285 721 pravis
1303 637 1424 703 sociau-

239 743 279 809 da
303 762 388 810 esse:
415 741 571 807 »accessit
589 740 665 807 huic
685 740 821 828 patellae
841 740 975 828 dignum
996 739 1208 827 operculum”
1234 737 1331 829 (εὗρεν
1345 741 1362 814 i
1375 754 1425 806 to·

239 848 302 923 rius
332 847 369 913 ri
400 847 530 931 πῶμα),
554 844 767 932 »perforatam
792 864 906 912 narem
935 844 1049 911 debilis
1071 844 1268 930 guberuator
1293 845 1425 929 regat”,

240 971 375 1019 »caecus
398 969 511 1017 caecos
531 949 628 1016 ducat
650 952 683 1015 iu
702 948 862 1016 foveam.’'
886 950 943 1017 llis
956 949 1103 1017 additur:
1130 949 1289 1016 »similem
1304 948 1423 1014 habeut

237 1056 328 1123 labra
355 1055 539 1122 lactucam”
569 1074 609 1120 ex
640 1053 761 1120 Lucilio
792 1064 958 1133 sumtum,
994 1056 1014 1119 i.
1047 1074 1076 1122 e.
1109 1054 1192 1119 dura
1226 1053 1316 1119 labra
1338 1054 1425 1119 inve·

237 1162 334 1227 niunt
357 1160 498 1237 durum,
530 1157 637 1225 mollia
661 1157 756 1224 molle
779 1148 948 1245 pabulum,
981 1160 1092 1225 asinus
1114 1157 1254 1224 carduos
1277 1158 1422 1224 devorat.

237 1264 286 1330 lta
307 1273 515 1350 eomparatur
532 1262 698 1329 labrorum
717 1281 793 1330 curn
809 1262 917 1349 pabuli
929 1263 1080 1338 duritiem
1104 1263 1282 1330 rusticitati
1304 1271 1425 1337 terrae,

236 1368 279 1435 de
301 1387 366 1454 qua
387 1367 600 1454 conqueritur
622 1367 858 1456 Hieronymus,
882 1367 1092 1435 conveniebat
1111 1370 1256 1435 rusticus
1275 1367 1425 1434 sacerdos

238 1474 425 1560 Lupicinus.
447 1476 487 1538 dt
510 1474 537 1538 si
559 1471 785 1559 proverbium,
807 1483 845 1539 ut
867 1472 1018 1539 lluellero
1040 1473 1188 1554 videtur,
1212 1471 1291 1538 luit:
1315 1473 1425 1537 »simi-

237 1579 303 1645 lem
327 1576 446 1643 habent
469 1577 628 1643 lactucam
653 1575 742 1643 labra
766 1576 952 1644 comedente
973 1577 1127 1666 (dativus)
1151 1581 1240 1644 asino
1265 1577 1425 1643 cardons·

237 1683 363 1749 dictum
387 1700 450 1746 non
473 1690 522 1747 est
544 1684 577 1747 in
601 1680 682 1748 duas
705 1701 758 1749 res
781 1700 863 1769 quae
887 1690 960 1769 apte
983 1685 1229 1761 consocientur,
1254 1682 1311 1750 sed
1335 1701 1425 1748 cons·

239 1796 375 1874 paratur
398 1785 561 1852 labrorum
586 1786 775 1854 deformitas
798 1807 874 1854 oum
894 1788 1040 1853 asininis.
1065 1787 1107 1855 Ut
1127 1806 1185 1854 sua
1204 1787 1253 1851 vis
1268 1788 1313 1853 sit
1323 1785 1426 1863 dicto,

240 1911 302 1957 non
334 1890 423 1957 labra
454 1910 529 1958 cum
561 1890 679 1972 latoris,
714 1912 772 1959 uec
802 1891 956 1980 pabulum
989 1912 1063 1958 cum
1088 1891 1223 1980 pabulo,
1256 1891 1310 1959 sed
1336 1891 1426 1971 labra

237 2015 314 2062 cum
347 1993 463 2084 pabulo
485 1996 703 2083 cumponenda
727 2007 820 2074 sunt;
850 1998 986 2064 similem
1010 2006 1140 2065 nonest
1164 1999 1271 2074 asino,
1297 1996 1352 2064 sed
1374 1999 1426 2063 sui

238 2099 390 2167 similem.
437 2101 570 2167 Brevius
598 2101 648 2178 id,
680 2111 717 2168 ut
740 2105 773 2168 in
797 2101 884 2169 dioto
907 2104 1051 2169 omnium
1075 2105 1153 2169 trito
1176 2122 1343 2180 sermone,
1380 2105 1426 2167 si·

238 2205 429 2291 gnificatur,
450 2226 553 2292 quare
573 2208 819 2292 explicationem
840 2207 964 2274 addidit
976 2208 1208 2297 Hieronymus:
1233 2210 1425 2274 »unisonar-

238 2310 321 2377 duos
346 2311 573 2388 comedente''‚
598 2311 725 2378 malim:
751 2311 809 2377 »de
831 2314 923 2379 asino
945 2333 974 2379 e.
993 2333 1022 2378 c.
1048 2312 1105 2400 (sc.
1128 2311 1325 2395 sumtuml.''
1354 2313 1425 2394 Qun

237 2416 481 2502 opportunitate
503 2415 639 2483 Crassus
662 2415 842 2496 virdunense
866 2416 925 2483 hoo
949 2415 1156 2504 proverbium
1180 2417 1341 2484 audiverit
1361 2419 1424 2490 sic.

241 2528 279 2587 ut
308 2522 412 2587 risum
443 2522 474 2587 ei
498 2523 712 2608 exprimeret,
743 2522 864 2588 trustra
888 2525 1094 2608 quaerimus,
1120 2522 1175 2588 sed
1200 2542 1261 2587 nou
1286 2531 1353 2587 tam
1377 2522 1426 2588 la·

241 2635 319 2691 tuns
346 2624 408 2692 luit
435 2625 626 2693 sinedubio
650 2626 763 2706 homo,
797 2635 833 2692 ut
863 2646 938 2693 cum
963 2646 1020 2712 per
1045 2634 1143 2691 totam
1168 2628 1266 2692 vitam
1292 2646 1354 2692 non
1381 2628 1425 2691 ri·

241 2731 358 2810 sisset,
394 2730 493 2797 semel
528 2731 619 2797 asino
648 2731 799 2818 adspectu
832 2729 959 2797 solitam
990 2731 1196 2796 severitatem
1227 2728 1421 2816 deponeret;

242 2834 301 2901 hoc
326 2836 531 2922 proverbium
555 2837 595 2903 de
618 2839 708 2902 asino
732 2844 877 2902 sumtum
902 2837 947 2901 ita
970 2844 1042 2921 apte
1067 2834 1183 2921 aliquis
1203 2854 1240 2901 en
1259 2845 1427 2921 praesente

242 2942 431 3027 usurpavit,
470 2949 506 3007 ut
535 2942 599 3007 sihi
629 2951 810 3028 temperare
843 2959 906 3006 non
939 2949 1056 3027 posset.
1104 2939 1208 3006 Verba
1239 2940 1425 3028 illeronymi

244 3053 334 3113 sunt:
368 3047 426 3112 »ln
460 3066 531 3114 mea
554 3047 640 3114 onim
667 3048 770 3134 patria
794 3045 989 3112 rusticitatis
1013 3045 1184 3111 vernacula
1208 3044 1293 3112 Deus
1317 3054 1427 3111 venter·

242 3160 292 3218 est
314 3156 348 3217 et
371 3152 405 3216 in
428 3150 512 3217 diem
539 3152 677 3227 vivitur;
697 3160 729 3219 et
751 3152 894 3219 sanctior
916 3158 966 3216 est
990 3148 1058 3225 ille,
1082 3150 1137 3235 qui
1159 3148 1258 3217 ditior
1280 3160 1340 3216 est.
1366 3151 1422 3215 dc·

244 3256 342 3323 cessit
373 3255 449 3322 huic
478 3256 613 3343 patellae
643 3246 733 3323 iuxta
765 3258 881 3323 tritum
909 3253 1016 3341 populi
1044 3273 1193 3321 sermone
1223 3254 1426 3341 proverbium

243 3361 379 3447 dignum
412 3362 618 3448 operculum,
651 3362 829 3448 Lupicinus
853 3357 1021 3437 sacerdos,
1046 3358 1224 3425 seeundum
1249 3358 1328 3424 illud
1350 3380 1427 3445 quo-

242 3486 335 3553 que,
359 3465 486 3552 dequo
509 3465 664 3533 semel‘in
689 3466 755 3533 vita
778 3466 928 3532 Crassum
953 3466 998 3531 ait
1023 3465 1133 3530 risisse
1157 3463 1316 3530 Lucilius:
1341 3465 1427 3529 simi·

242 3571 308 3639 lem
333 3569 451 3637 habeut
475 3570 564 3638 labra
589 3570 748 3638 lactucam
774 3574 865 3637 asino
887 3568 1024 3636 carduos
1043 3567 1241 3635 comedente.
1275 3567 1431 3634 Videlicet

247 3683 284 3743 ut
309 3675 503 3763 periuratum
524 3694 637 3744 navem
659 3675 773 3743 debilis
792 3674 989 3762 gubernator
1013 3683 1104 3759 regat
1127 3681 1160 3739 et
1180 3692 1295 3739 caecus
1319 3692 1430 3739 caecus

243 3781 345 3849 ducat
365 3783 398 3847 in
420 3780 566 3861 loveavn,
594 3781 734 3869 talisque
756 3782 800 3847 sit
816 3788 938 3854 rector,
965 3777 1078 3865 quales
1098 3776 1143 3844 illi
1165 3780 1219 3863 qui
1237 3781 1430 3861 reguntur?

293 3887 439 3953 Poteram
472 3886 565 3974 plura
597 3896 744 3973 tangere,
777 3884 833 3952 sed
864 3882 1011 3950 consultu
1041 3903 1078 3948 ea
1104 3883 1325 3969 praetermisi,
1350 3903 1431 3969 quae

251 3990 328 4058 olim
361 4011 380 4059 a
416 4012 468 4058 me
505 3999 643 4059 tractatu
666 3999 743 4057 sunt
767 3991 799 4056 in
821 3989 1062 4067 Coniectaneis,
1087 3989 1150 4053 nisi
1175 3987 1229 4053 ubi
1255 3987 1294 4053 ad
1320 3998 1431 4054 notan-

177 4132 183 4138 -
250 4095 324 4163 dam
348 4096 432 4163 hanc
455 4096 631 4163 editionem
655 4114 786 4162 necesse
808 4103 889 4161 erat.
921 4095 991 4160 Non
1017 4095 1050 4158 in
1073 4095 1182 4160 animo
1205 4102 1293 4171 erat,
1318 4094 1345 4159 si
1371 4115 1433 4160 un·

249 4221 346 4288 quam
380 4200 421 4268 ad
450 4200 622 4268 editionem
647 4201 881 4287 pervenissem,
910 4200 1113 4266 coniecturas
1138 4218 1155 4263 a
1179 4216 1231 4263 me
1256 4201 1434 4285 propositas

250 4308 283 4372 in
308 4315 495 4374 contextum
517 4307 659 4392 recipere
683 4324 813 4379 omnes;
844 4310 906 4370 don
931 4314 1085 4390 tauquam
1111 4303 1350 4371 emendationes
1373 4304 1434 4372 du·

249 4410 301 4478 lvio
342 4412 481 4479 maiores
514 4431 532 4476 a
563 4430 615 4478 me
647 4410 908 4497 proponebantur
940 4410 1061 4484 multa;
1107 4411 1161 4476 sed
1192 4418 1301 4476 tamen
1336 4411 1433 4477 etiam
