3242 5014
697 358 870 409 sensuros.
988 412 990 416 ,
1313 344 1378 410 165

193 550 275 616 equo
303 528 447 595 Troiano.
494 525 722 612 Neoptolemus
749 527 914 616 pugnandi
943 526 1056 594 avidus
1083 528 1230 612 precibus
1259 531 1376 619 fatigat

192 633 360 721 Ulyssem,
391 638 429 698 ut
458 652 524 698 sese
556 633 684 697 emittat
713 633 814 709 foras,
847 630 917 698 όδέ
944 656 986 710 με
1007 630 1101 709 μόλα
1124 631 1217 698 πόλλ’
1241 634 1376 702 ἱκέτευεν

193 739 320 805 ίππόόεν
343 736 496 817 ἐξέμεναι.
530 735 569 800 In
590 738 682 801 cuius
703 739 806 823 igitur
827 757 925 803 manu
947 741 1015 802 erat
1034 741 1091 802 sut
1109 737 1251 804 clausam
1270 745 1376 807 tenere

192 846 323 908 ienuam
346 848 403 908 aut
425 841 602 918 recludere,
631 861 728 925 penes
758 861 833 906 eum
856 848 924 908 erat
944 862 1072 907 summa
1092 845 1222 927 imperii
1244 850 1276 909 et
1299 849 1377 911 soei·

193 968 287 1014 orum
309 950 378 1012 vita
400 953 433 1012 et
454 946 549 1012 salus.
583 944 646 1011 Sed
668 945 782 1011 molles
804 951 837 1012 et
860 945 1024 1013 delicatuli
1042 946 1139 1012 salici
1157 948 1239 1014 hane
1258 951 1379 1014 incom-

194 1060 262 1119 tum
295 1052 537 1139 simplicitatem
570 1072 633 1118 non
666 1052 841 1137 capiebant.
891 1052 978 1117 Audi
1011 1051 1150 1118 alterum
1182 1054 1379 1139 exemplum.

195 1156 307 1246 Odyss.
331 1158 375 1223 H.
399 1156 476 1224 225.

693 1259 796 1327 ἰδόντα
818 1283 860 1338 με
882 1260 935 1325 καί
958 1262 1043 1327 λίποι
1064 1261 1139 1328 ἀἷοίν

330 1375 437 1444 κτῆσιν
461 1367 537 1445 ἑμην
558 1363 664 1443 δμῶοίο
687 1389 723 1431 τε
747 1365 800 1431 καὶ
824 1366 975 1449 ὑψερεφὲς
998 1366 1088 1446 μόρα
1111 1367 1210 1445 δῶμα.
1279 1396 1287 1403 ·

239 1472 430 1560 Indignatur
459 1471 695 1557 Aristophanes.
742 1468 847 1551 Quid?
876 1470 1036 1537 Haeccine
1057 1475 1261 1558 potissimum
1284 1473 1381 1562 Ulys-

195 1598 264 1643 sem
278 1577 386 1643 videre
407 1582 552 1661 expetere
572 1581 645 1641 ante
663 1577 772 1664 omnia
791 1574 898 1650 κτῆσίν
916 1599 951 1640 τε
965 1574 1070 1653 δμῶιίι
1082 1574 1137 1642 πεί
1157 1597 1219 1643 non
1230 1579 1381 1662 patriam,

196 1700 258 1748 non
280 1686 420 1747 κτοοοιαί
441 1680 528 1747 Audi
548 1682 675 1765 ipsum:
695 1683 916 1745 ''AMeINON
936 1675 1011 1746 “AN
1030 1678 1108 1746 *HN

531 1785 655 1866 πατρίδ’
680 1785 756 1864 ἕμην
778 1782 897 1864 ἄλοχόν
919 1808 965 1850 τε.
980 1784 1005 1872 ¹)

196 1892 305 1974 κομιδῇ
333 1890 397 1973 reip
428 1889 629 1972 σμικρολόγος
658 1891 808 1971 φαίνεται
840 1888 1020 1970 προτοίτοον
1051 1897 1111 1956 τῶν
1137 1894 1301 1973 φιλτιίτοον
1325 1895 1382 1968 την

197 2003 314 2071 κτῆσιν,
344 1998 383 2069 cir
407 1994 495 2076 παροδ
518 1993 682 2075 Μενανδριρ
706 1994 869 2073 Σμικρίνης
892 1994 923 2058 ἐν
946 1994 1187 2076 Ἐπιτρέπουσιν.
1234 1997 1284 2064 Ex
1306 2018 1382 2065 suae

197 2103 311 2167 aetatis
333 2100 463 2165 modulo
485 2103 609 2166 animos
631 2120 668 2164 ac
689 2104 813 2165 mentes
834 2103 893 2164 τῶν
916 2102 1014 2179 ἡρώιον
1036 2101 1171 2166 metitur
1193 2107 1226 2166 et
1246 2102 1329 2168 nihil
1351 2105 1382 2170 ei

196 2208 347 2272 interesse
369 2205 497 2271 videtur
520 2203 732 2270 Smierinesne
754 2203 904 2289 loquetur
925 2224 965 2268 an
987 2204 1089 2271 heros.
1125 2204 1382 2273 Ptolemaeorum

197 2330 290 2376 nemo
319 2328 475 2393 umquam
504 2311 551 2374 ita
577 2309 726 2373 dixisset:
759 2308 867 2386 credo,
898 2308 954 2374 sed
984 2309 1062 2392 quid
1085 2309 1125 2374 ad
1145 2308 1325 2375 Homerum
1348 2312 1383 2377 id

197 2411 333 2481 attinet?
355 2413 498 2479 Eandem
521 2435 559 2478 en
582 2418 677 2478 cantu
700 2433 794 2479 avem
815 2433 965 2500 moseos
988 2412 1100 2501 Odyss.
1126 2424 1159 2478 Β.
1186 2412 1262 2479 133.

424 2518 518 2582 κακόν
542 2517 574 2582 δέ
597 2540 638 2594 με
660 2516 754 2582 πόλλ’
776 2518 930 2583 ἀποτίνειν
953 2518 1083 2599 Ἰκαρίῳ.

198 2621 336 2708 simplex
356 2623 472 2688 horum
495 2622 665 2689 verborum
687 2623 843 2689 sententia
863 2622 1070 2707 Aristophani
1092 2623 1232 2687 νἀἅιοοτο
1251 2630 1283 2689 et
1301 2626 1383 2690 inte·

196 2728 326 2795 leranda
351 2730 422 2795 visa
450 2731 515 2792 eet:
547 2726 573 2791 εί
604 2725 672 2806 περὶ
694 2725 866 2808 χρημάτων
889 2726 982 2804 ἔλεγε
1004 2725 1205 2807 σμικρολόγος
1226 2725 1267 2793 ἂν
1290 2729 1382 2811 ἓφαί·

197 2856 275 2899 νετο.
320 2831 431 2916 Itaque
459 2852 500 2896 ne
528 2829 563 2895 id
592 2828 681 2896 fieret
710 2836 909 2896 commentus
939 2837 987 2896 est
1013 2831 1240 2917 Aristophanes
1263 2833 1303 2899 de
1324 2854 1382 2899 suo

197 2936 371 3002 mirificum
394 2936 553 3020 quoddam
569 2940 607 3001 et
629 2938 831 3020 perineptum
855 2933 1041 3014 ὑπίρβατον,
1071 2935 1109 3001 de
1132 2955 1195 3021 quo
1218 2936 1300 3002 infra
1322 2939 1384 3002 erit

197 3042 322 3107 dicendi
341 3040 440 3106 locus.
474 3039 569 3105 Nunc
592 3038 745 3105 Zenodoti
765 3043 931 3123 peccatum
954 3060 994 3104 ex
1013 3040 1125 3106 eodem
1144 3039 1231 3107 fonte
1248 3041 1383 3107 ductum

195 3148 411 3233 inspiciamus.
458 3143 549 3210 Iliad.
573 3153 608 3209 Γ.
634 3143 710 3209 422.

331 3250 508 3333 ἀμφίπολοι
532 3251 589 3329 μὲν
612 3248 724 3316 ἔπειτα
746 3251 816 3321 toris
839 3247 889 3315 ἐπὶ
915 3247 994 3331 ἔργα
1016 3247 1186 3332 τρόποντο,

332 3359 349 3430 ἡ
375 3355 400 3419 δ’
425 3357 467 3429 είς
491 3354 641 3439 ὑψόροφον
664 3354 806 3432 όόλαμον
828 3356 876 3421 κίε
899 3355 951 3420 δῖα
972 3362 1134 3435 γυναικῶν.

332 3469 371 3542 τῇ
395 3461 423 3525 δ’
446 3459 508 3541 ἄρα
531 3461 635 3542 δίφρον
657 3462 771 3526 ἑλοῦτα
793 3461 1000 3542 φιλομμειδὴς
1024 3461 1191 3542 Ἀφροδίτη

332 3566 412 3630 ἀντί’
438 3564 649 3645 Ἀλεξάνδροιο
672 3567 727 3631 όεόο
750 3565 900 3641 κατέόηκε
924 3563 1079 3646 φέροντο·

331 3665 401 3733 ἔνθα
424 3667 524 3748 κιόόιζ
548 3668 655 3743 Ἑλένη
679 3669 766 3749 κούρη
791 3669 864 3740 Διὸς
888 3667 1042 3749 αἰγιόχοιο

331 3773 402 3838 όττε
424 3772 521 3839 πόλιν
545 3773 696 3848 κλίνασα,
722 3773 811 3840 πότον
834 3774 860 3838 δ’
884 3774 1021 3848 ἠνίπαπε
1038 3773 1136 3853 μοίόρ.

196 3879 335 3945 adhaec
363 3880 561 3944 Aristonicus
589 3880 744 3964 excerpsit
772 3900 810 3943 ex
832 3878 1009 3944 Aristarchi
1031 3879 1286 3944 commentariis:
1316 3879 1379 3945 όπδ

234 4102 258 4163 l)
277 4098 371 4149 Sumsit
387 4098 444 4146 haee
459 4095 631 4158 Aristophanes
647 4110 674 4143 ex
693 4095 766 4144 iliad.
783 4095 811 4145 Ε.
831 4096 888 4144 ale.

359 4176 478 4244 πατρίδ’
495 4176 562 4241 ίμὴν
578 4172 680 4240 ἄλοχόν
697 4192 729 4223 τε
747 4176 795 4225 arei
813 4172 948 4242 ὑψερεφὲς
970 4174 1044 4239 μίγα
1062 4173 1151 4234 diua.

198 4267 233 4312 est
250 4266 329 4312 autem
346 4259 486 4311 versiculus:

399 4344 494 4405 κτῆσιν
509 4339 576 4405 ίμὴν
594 4338 686 4399 δμῶάς
702 4356 733 4389 τε
754 4341 799 4389 καί
818 4337 952 4408 ὑψερεφὲς
967 4338 1039 4404 μόρα
1058 4338 1145 4400 δῶμα.

199 4427 224 4474 in
241 4431 341 4490 utroque
358 4425 460 4476 carmine
479 4422 612 4481 κνιιλιηός.
629 4423 677 4473 eid.
697 4424 766 4474 lliad.
786 4424 818 4474 Τ.
835 4424 894 4475 333.
912 4423 997 4491 Odyes.
1014 4421 1053 4475 H.
1072 4424 1120 4474 225
1137 4428 1161 4473 et
1178 4423 1209 4474 Τ.
1222 4423 1281 4474 ⁶26.
