3340 5014
595 411 789 462 rmconomoa
813 412 847 459 nr
871 411 1000 459 enrrrm.
1330 398 1390 462 lot

206 581 292 652 ναάων
320 578 379 659 οἷς
410 579 540 662 ἕξετε,
573 601 631 669 pro
659 578 702 656 alr
726 581 807 649 llum
831 581 909 663 εἶτά,
934 582 1018 672 qttttd
1042 580 1221 652 absurdum
1240 582 1303 651 eal.
1351 581 1392 652 tlt

205 709 295 777 saepe
319 688 394 757 alibi
420 689 450 756 δι
472 698 503 756 et
527 686 563 766 ἐξ
584 686 718 755 contusa
742 686 801 753 has
823 688 933 756 turbas
953 688 1122 768 dederunt,
1168 690 1343 758 Aeschines
1358 690 1393 756 io

208 793 284 862 Tim.
322 798 341 881 §
376 798 431 862 25.
462 794 534 860 τότε
564 794 621 873 ἤδη
651 793 769 861 κελεύει
801 793 906 873 λέγειν
934 803 993 863 τῶν
1022 795 1129 862 dator
1152 796 1318 873 Ἀθηναίων
1341 795 1393 864 τὸν

203 901 387 982 βαλόμενον
409 897 467 975 οἷς
498 899 652 982 iissre,
676 910 709 967 el
735 905 753 986 §
780 904 822 968 32
846 902 1029 985 δοκιμασίαν
1052 902 1280 983 ἐπαγγειλάτω
1303 904 1393 978 ’Δάη-

203 1009 291 1077 ναίων
313 1010 328 1075 ά
352 1007 541 1089 βουλόμενος
572 1003 631 1082 ele
655 1005 798 1085 ἓξετιν,
822 1016 854 1073 et
880 1007 956 1075 atini
981 1010 1111 1097 passim.
1161 1009 1281 1076 Deinde
1311 1016 1392 1095 φρα·

202 1114 283 1199 τρίζη
305 1115 459 1181 vitiosum
486 1123 546 1181 cst.
578 1112 764 1181 llindorfius
788 1111 827 1180 ad
852 1112 1135 1201 Harpocratiouem
1160 1124 1193 1182 ct
1217 1115 1395 1183 lleineltius

203 1223 234 1287 iu
258 1222 426 1309 Epimetro
450 1219 463 1286 l
488 1240 518 1306 p.
540 1224 604 1286 tlt
629 1220 750 1306 imponi
774 1219 837 1285 sibi
862 1221 947 1307 passi
968 1229 1045 1287 sunt
1068 1241 1085 1287 a
1110 1220 1196 1287 futili
1220 1223 1393 1310 magistro,

202 1330 295 1395 cuius
327 1326 407 1394 haec
438 1336 487 1393 est
522 1325 787 1392 annotatiuncuta
823 1325 908 1412 apud
940 1326 1139 1413 Stephanum
1174 1328 1391 1418 Byzantinum

203 1456 232 1522 p.
257 1439 335 1502 671.
361 1433 490 1513 ἐλέγετο
505 1432 537 1500 δὲ
557 1430 719 1516 φράτηρ
742 1432 796 1498 καὶ
814 1431 985 1516 φράτωρ.
1009 1434 1099 1500 tint&
1116 1436 1223 1515 τὸμὲν
1241 1434 1393 1519 φράτηρ

200 1543 351 1624 άρχαῖον,
375 1539 497 1623 άάτεριν
521 1538 553 1605 δὲ
576 1538 722 1620 νεώτερον.
736 1537 925 1618 -λέγεται
948 1541 1001 1606 καὶ
1025 1540 1204 1625 φρατρίζ
1208 1566 1268 1607 ειν
1290 1541 1326 1606 τὸ
1349 1542 1394 1614 εἰς

200 1649 296 1724 αὐτην
319 1646 453 1713 συνιέναι
476 1644 530 1711 καὶ
552 1646 639 1725 μετά
660 1649 715 1712 τοῦ
737 1656 768 1711 Α
791 1644 993 1729 φρατριάζ
998 1669 1074 1724 ειν,
1097 1640 1170 1729 άπερ
1189 1647 1311 1724 τάνηάες
1330 1653 1394 1720 τοῖς

200 1751 580 1832 Ἀττικαῖς-ἐλέγοντο
603 1752 710 1821 δὲκαὶ
734 1755 911 1835 φράτραι
936 1752 989 1817 καὶ
1012 1756 1181 1836 φάτραι.
1214 1752 1297 1820 Sunt
1314 1752 1392 1820 haee

200 1859 291 1947 plena
315 1877 478 1927 errorum.
526 1858 737 1925 Athenienses
769 1877 897 1924 summa
927 1859 1110 1925 constantia
1137 1876 1249 1926 omnes
1274 1860 1393 1948 ultique

199 1964 353 2033 dicebant
383 1964 508 2047 φράτηρ
537 1964 708 2048 φράτερες,
729 1963 869 2044 εἰσάγειν
891 1964 935 2039 εἰς
959 1966 1029 2040 τοὺς
1053 1963 1223 2048 φράτερας.
1271 1967 1394 2034 Aristo·

199 2070 324 2160 phanes
346 2071 438 2137 toto.
464 2073 542 2137 tot:

313 2175 448 2261 φυσάτω
471 2175 623 2250 τάττοις
645 2177 720 2259 παρ’
744 2177 892 2257 ἡμῖνκαὶ
916 2181 1087 2261 φανοῦνται
1111 2175 1273 2261 φράτερες.

200 2291 231 2352 et
255 2284 288 2350 in
312 2281 412 2349 Bonis
434 2286 519 2351 tta:

476 2386 508 2462 tc
532 2389 663 2466 ἓττάτης
685 2391 724 2464 ὣν
747 2390 800 2456 οὐκ
823 2390 921 2473 ἔφυσε
943 2388 1121 2473 φράτερας,

201 2504 232 2564 et
251 2495 342 2563 alibi.
379 2496 440 2561 Pro
455 2494 578 2579 φράτηρ
602 2497 767 2584 sequiores
791 2493 938 2562 Graeculi
958 2495 1083 2579 φράτωρ
1096 2495 1204 2561 dicere
1221 2508 1396 2585 coeperunt

201 2601 308 2668 fallaci
333 2601 499 2688 analogiae
522 2603 628 2688 specie
651 2601 776 2688 decepti
788 2651 797 2681 ,
822 2603 935 2684 ῥητωρ,
955 2601 1116 2684 τράκτωρ,
1137 2603 1281 2684 αι’κητωρ,
1299 2606 1345 2670 sie
1363 2613 1395 2671 et

200 2706 341 2792 φράτωρ.
390 2707 449 2773 nst
481 2707 583 2792 igitur
624 2707 750 2792 φράτωρ
782 2707 970 2790 νεωτερικάν,
1014 2711 1082 2774 siue
1116 2710 1302 2791 ταραφάιρά
1336 2716 1395 2777 τῶν

200 2813 360 2896 νεωτέρων.
396 2811 438 2880 Et
461 2813 525 2879 illis
549 2813 679 2901 quidem
698 2812 813 2880 licebat
837 2813 945 2880 dicere
969 2812 1052 2901 quod
1074 2814 1209 2892 vellent,
1234 2814 1290 2882 sed
1309 2815 1393 2903 quod

201 2940 264 2987 non
289 2919 407 2987 licebat
431 2939 507 2986 suas
531 2918 689 3006 loquendi
706 2918 817 2986 sordes
842 2920 1004 2987 veteribus
1028 2918 1242 2986 affricuerunt
1265 2929 1296 2987 et
1323 2921 1394 2990 ubi·

202 3045 344 3114 cumque
368 3025 491 3110 φράτηρ
515 3032 548 3093 et
569 3025 723 3112 φράτερες
748 3026 833 3114 apud
857 3026 1008 3113 autiquos
1032 3027 1207 3114 scriptores
1231 3026 1397 3114 legebatur

202 3152 301 3200 suum
326 3133 489 3200 novicium
518 3139 551 3199 et
581 3134 732 3199 vitiosum
757 3131 884 3217 φράτωρ
908 3140 939 3198 et
963 3131 1113 3215 φράτερες
1145 3132 1396 3203 substituerunt.

203 3238 378 3306 durissime
408 3238 441 3306 in
474 3239 567 3307 libris
597 3239 799 3328 perantiquis
822 3247 854 3305 et
879 3236 1125 3324 diligentissime
1148 3240 1279 3327 seriptis
1304 3252 1396 3309 vetus

203 3343 308 3412 lorma
340 3343 449 3413 illoesa
475 3347 588 3413 erasit.
637 3345 774 3412 Protulit
805 3342 958 3411 nonnulla
991 3343 1174 3412 llindorfius
1206 3345 1245 3412 ad
1286 3345 1395 3437 Steph.

204 3451 299 3519 Thes.
326 3471 355 3517 u.
372 3452 506 3536 ωράτηρ.
543 3451 605 3520 Sed
619 3452 779 3540 plerisque
798 3451 942 3517 omnious
960 3450 1038 3518 locis
1050 3450 1237 3518 mendosam
1259 3451 1394 3521 lorrnam

203 3558 359 3645 reperies.
406 3558 527 3640 Quales
550 3557 635 3645 apud
655 3557 903 3645 Aristophanem
923 3555 1074 3641 φράτερες
1092 3567 1124 3625 et
1139 3556 1298 3642 φράτερας
1311 3580 1398 3628 nunc

204 3674 295 3732 recte
317 3663 456 3751 legitur,
482 3673 597 3751 quater
621 3665 653 3731 iu
678 3666 800 3752 optimo
824 3664 1009 3730 Rauennate
1024 3663 1173 3748 φράτορες
1190 3673 1222 3731 et
1241 3665 1399 3751 φράτορας

206 3769 327 3838 diserte
350 3771 508 3858 scriptum
533 3779 598 3849 est,
631 3769 845 3857 similiterque
876 3768 960 3856 apud
986 3767 1138 3837 Oratores
1162 3790 1273 3839 ornnes
1296 3780 1399 3839 caete·

206 3895 325 3963 rosque
356 3878 488 3964 passim.
542 3877 647 3946 Semel
682 3878 770 3944 l'lato
802 3896 879 3942 usus
910 3883 960 3942 est
995 3876 1028 3941 in
1062 3870 1191 3942 Timaeo
1223 3899 1253 3966 p.
1277 3882 1330 3945 21.
1362 3889 1421 3945 B„

208 3979 294 4051 εἶτεν
317 3977 367 4049 οὖν
388 4006 436 4058 τις
459 3989 518 4049 τῶν
537 3985 715 4068 φρατόρων.
741 3982 794 4049 ubi
820 3982 1121 4070 praestantissimus
1135 3980 1216 4049 liber
1234 3983 1400 4051 Parisinus

207 4100 237 4155 A
260 4089 347 4156 aolus
370 4090 527 4167 servavit,
551 4087 636 4157 εἶπεν
659 4086 708 4157 οὖν
731 4090 774 4166 δη
797 4112 844 4162 τις
867 4094 926 4154 τῶν
948 4086 1162 4170 φρατέρων.
1211 4089 1297 4177 Ergo
1319 4090 1402 4175 φρά·

207 4217 291 4277 τιρις
315 4194 459 4283 undique
483 4206 559 4263 sunt
574 4194 752 4285 expellendi
773 4202 880 4283 spreta
905 4192 990 4260 iutili
1008 4196 1200 4262 auctoritate
1217 4196 1399 4265 scribarum

210 4300 248 4367 ad
262 4319 354 4368 suam
380 4300 528 4390 loquendi
549 4301 835 4379 consuetudinem,
860 4300 911 4367 ἔτι
931 4303 986 4378 την
1009 4302 1183 4381 συνήθειαν,
1205 4303 1401 4388 serenatam.

211 4404 385 4474 Videamus
413 4406 453 4475 de
482 4408 588 4476 verbo.
637 4408 746 4477 Solum
777 4404 978 4493 φρατριάζειν
1006 4405 1141 4495 probum
1175 4418 1207 4475 et
1231 4430 1345 4477 sanum
1370 4417 1403 4477 et

213 4514 384 4603 antiquum
417 4526 484 4595 est,
516 4523 548 4583 el
570 4515 749 4602 φρατράζειν
774 4523 809 4582 ut
830 4513 957 4600 φράτωρ
980 4521 1030 4581 eal
1053 4520 1113 4581 τῶν
1134 4514 1283 4601 νεωτέρων
1302 4540 1405 4600 ταρα-
