3242 5014
797 366 971 416 nummos.

847 632 915 702 Ill.

724 856 808 913 Nor
842 867 882 915 rr
919 857 1035 914 conr.
1074 815 1080 825 ⁴

430 1058 576 1135 Φεύνεπ’,
600 1057 823 1140 ’Λριςιέρχειοι,
849 1060 899 1123 ἐπ’
924 1057 1013 1139 εὐρέα
1036 1064 1115 1123 νῶτα
1139 1057 1298 1133 θαλάσσης

466 1160 608 1227 Ἐλλάδα
632 1167 688 1234 ric
710 1162 815 1239 ξουθῆς
839 1163 997 1244 δειλότεροι
1022 1163 1165 1242 κεμάδος.

430 1265 700 1345 γωνιοβόμβυκες,
724 1267 970 1344 μονοσύλλαβοι,
995 1262 1052 1331 οἷσι
1076 1265 1200 1344 μέμηλε

475 1370 511 1435 rb
536 1379 633 1436 com
658 1370 768 1435 καὶτὸ
793 1379 913 1436 (ΣΦΩΝ
938 1371 990 1436 καὶ
1015 1370 1050 1434 rb
1073 1379 1156 1436 MlN
1180 1370 1230 1445 ἠδὲ
1253 1369 1288 1434 τὸ
1311 1378 1403 1435 NIN.

340 1475 388 1540 De
408 1496 442 1540 re
464 1478 553 1540 tenui
576 1475 694 1540 dicturi
714 1475 797 1540 nihil
819 1476 1063 1541 reformidamus
1087 1479 1143 1540 aut
1165 1474 1224 1540 has
1246 1480 1301 1539 aut
1320 1474 1373 1539 his
1392 1475 1476 1538 sirni-

295 1579 342 1645 les
362 1580 556 1644 urbanorum
577 1579 747 1643 hominum
769 1579 898 1645 facetius
921 1588 953 1646 et
975 1579 1105 1664 lepores.
1151 1578 1197 1642 Ut
1219 1580 1253 1642 in
1275 1577 1361 1645 bello
1384 1579 1476 1643 sicin

295 1686 507 1771 grammatica
528 1683 610 1748 nihil
629 1687 788 1749 contemni
816 1690 954 1769 oportet,
985 1705 1042 1749 nec
1065 1685 1253 1768 quisquam,
1277 1685 1334 1767 qui
1355 1684 1477 1747 minuta

296 1789 373 1854 haec
395 1791 565 1873 spreverit,
589 1808 745 1872 nmquam
767 1788 896 1853 fecitis
919 1810 952 1853 re
975 1791 1085 1852 critica
1104 1808 1216 1872 operae
1237 1789 1389 1871 pretium.

342 1891 404 1972 Qui
427 1892 508 1957 hanc
527 1894 773 1978 grammaticam
792 1899 892 1958 artem
912 1892 1003 1957 nobis
1018 1912 1037 1957 a
1052 1892 1235 1977 primordiis
1253 1890 1475 1965 condiderunt,

297 1996 480 2061 incredibile
511 1996 600 2061 dictu
628 2002 676 2061 est
705 2000 739 2060 in
769 1997 885 2082 quibus
915 1997 954 2061 ab
980 1998 1072 2060 initio
1095 1996 1232 2060 tenebris
1254 1993 1358 2060 ueluti
1380 2000 1476 2060 tenta

297 2099 397 2164 bundi
428 2102 517 2164 riam
546 2102 760 2183 quaesiverint
789 2104 877 2166 etin
899 2106 1032 2184 quantos
1061 2119 1179 2164 errores
1201 2120 1234 2163 se
1257 2099 1422 2163 induerint
1441 2096 1477 2163 li·

297 2204 428 2269 brorum
456 2210 602 2270 ueterum
632 2204 756 2268 mendis
787 2204 926 2289 decepti,
958 2205 1055 2270 donec
1077 2203 1252 2268 Aristarchi
1274 2202 1428 2283 ἀγχίνοια
1448 2205 1478 2265 et

298 2328 412 2373 sanum
442 2307 600 2373 iudicium
633 2306 717 2386 φόως
748 2306 897 2386 ἑταίροισιν
926 2308 1037 2382 ἔθηκεν.
1083 2310 1133 2373 Ec
1158 2330 1209 2371 cor
1234 2307 1395 2383 Zenodoti,
1427 2307 1478 2391 qui

297 2431 354 2496 per
383 2416 484 2475 totam
515 2413 619 2476 ritem
648 2411 726 2496 quid
755 2415 920 2477 interesset
945 2415 1029 2478 inter
1049 2415 1102 2477 νῶϊ
1124 2448 1167 2460 -
1188 2414 1254 2476 νῶϊν
1277 2417 1309 2476 et
1330 2413 1418 2492 σφιῖἵί
1437 2444 1477 2459 -

297 2518 396 2597 σφῶϊν
419 2520 452 2580 et
475 2518 623 2594 σφῶϊ-
649 2521 734 2597 σφωε
757 2536 821 2581 non
840 2519 947 2601 potuit
972 2520 1156 2602 perspicere.
1201 2515 1309 2581 Huius
1330 2519 1365 2580 in
1389 2535 1427 2581 ea
1446 2534 1478 2579 re

298 2639 416 2685 errores
437 2620 639 2685 Aristarchus
662 2622 823 2698 abstersit,
848 2621 903 2685 sed
924 2623 992 2706 ipse
1013 2620 1215 2686 Aristarchus
1237 2622 1271 2684 iu
1292 2640 1356 2686 uno
1378 2639 1478 2686 errore

297 2728 439 2801 tenetur,
469 2744 565 2808 quem
594 2728 715 2808 aperire
744 2725 930 2790 conabimur
958 2730 991 2790 et
1018 2725 1139 2790 tollere.
1186 2722 1224 2788 In
1252 2723 1343 2788 ssim.
1376 2734 1418 2789 A.
1447 2719 1477 2787 8.

293 2827 470 2894 Ζοιιοάοιεο
499 2827 598 2893 editio
630 2828 676 2913 (id
699 2834 747 2893 est
768 2828 844 2894 libri
866 2833 1004 2907 veteres,
1029 2850 1108 2914 quos
1130 2828 1306 2895 Zenodotus
1327 2832 1427 2896 testes
1448 2832 1478 2891 et

294 2938 436 2998 auctores
457 2931 659 3017 sequebatur)
682 2936 872 3017 scripturam
895 2935 1086 2999 exhibebunt
1108 2933 1207 2998 hane:

472 3037 521 3108 σίς
544 3036 603 3116 τοὶς
629 3045 733 3101 ΟΦΩΙ
758 3040 828 3102 θεῶν
852 3035 921 3118 ἔριδι
944 3036 1069 3114 ξυνέηκε
1088 3036 1268 3117 edixerim
1581 3112 1582 3117 η

293 3140 475 3207 emendarit
495 3141 697 3206 Aristarchus
719 3145 879 3207 incertum
901 3163 918 3208 e
940 3142 1072 3208 librisne
1093 3163 1133 3208 an
1154 3162 1194 3206 ex
1212 3140 1342 3228 linguae
1360 3138 1479 3206 Home-

266 3244 377 3324 *ricae
406 3245 554 3310 interiore
582 3248 716 3311 notitia:
748 3248 796 3319 τίς
828 3246 887 3327 πάρ
920 3254 1037 3312 corne
1069 3267 1124 3333 pro
1141 3255 1256 3311 'cuni
1280 3250 1312 3310 st
1334 3245 1479 3331 apposuit
1581 3234 1582 3317 ἶ

294 3346 404 3419 διπλῆν
426 3349 678 3428 περιεςιγμένην,
711 3353 802 3416 cuius
824 3372 924 3436 quum
947 3354 1145 3418 Aristonicus
1166 3353 1324 3416 rationem
1346 3351 1479 3435 aperiret
1581 3366 1582 3439 q

293 3472 333 3517 ex
355 3449 600 3519 Commentariis
626 3457 836 3522 Aristarcheis
858 3456 936 3523 haec
958 3457 1058 3523 ferme
1081 3459 1239 3523 enotavit:
1264 3458 1281 3531 η
1306 3455 1401 3530 διπλῆ
1426 3476 1479 3520 πε·
1581 3468 1582 3475 ’

291 3556 468 3636 ’ριεςιγμένη
491 3554 538 3623 ὅτι
561 3557 722 3634 Ζηνόδοτος
744 3561 863 3643 opace
889 3570 1003 3626 ΕΦΩΙ.
1027 3568 1138 3636 κακῶς.
1164 3565 1181 3636 η
1206 3562 1269 3640 γὰρ
1300 3562 1406 3640 σφῶΐ
1429 3556 1479 3624 δύο

293 3660 424 3734 ππώσεις
448 3662 629 3743 ἐπιδέχεται
654 3665 773 3741 ὑμεῖς
797 3689 832 3729 σε
856 3666 908 3731 καὶ
935 3667 1062 3743 ὑμᾶς,
1088 3662 1126 3731 ὧν
1149 3664 1299 3744 οὐδέτερον
1322 3664 1480 3745 ἁρμοστει.

293 3765 329 3830 πὸ
352 3765 384 3831 δὲ
408 3774 526 3832 cosse
548 3771 691 3847 μᾶλλον,
725 3762 752 3857 (δ
776 3770 862 3850 edd.)
885 3770 987 3850 πρΙπιυ
1011 3771 1056 3839 tet
1081 3770 1239 3850 προσώπου
1262 3769 1314 3834 καὶ
1338 3770 1480 3845 σημαίνει

293 3869 329 3935 τὸ
363 3871 524 3944 αὐτούς.
561 3892 641 3957 quae
670 3896 755 3939 nuno
783 3876 933 3941 mendose
963 3878 1080 3960 scripte
1110 3881 1143 3940 et
1173 3875 1306 3940 disiecta
1333 3873 1481 3939 inlibris
1581 3868 1582 3903 ³

294 3976 569 4043 circumferuntur.
616 3980 817 4046 Aristarchus
847 3980 947 4045 dixit:
982 3981 1016 4045 πὸ
1052 3989 1169 4046 cosse
1192 3978 1335 4057 σημαίνει
1358 3977 1394 4041 πο
1415 3979 1481 4042 αὖ·

293 4080 404 4157 πούς,
426 4102 491 4148 non
518 4083 620 4160 αὐτώ,
651 4084 735 4169 quod
757 4089 823 4149 erat
845 4085 979 4163 melius,
1011 4107 1149 4171 namque
1171 4086 1276 4150 utitur
1298 4082 1481 4169 aequalium

294 4190 327 4250 et
347 4186 550 4271 popularium
572 4187 702 4275 lingua,
735 4189 819 4274 apud
850 4209 927 4275 quos
957 4190 1001 4254 rat
1031 4188 1120 4256 δυ’ἰκιὶ
1147 4210 1210 4255 non
1234 4196 1322 4256 erent
1344 4192 1378 4254 in
1400 4208 1479 4262 usu,

294 4295 328 4355 et
350 4293 479 4356 omnine
501 4293 703 4358 Aristarchus
731 4297 818 4359 omni
840 4290 998 4360 scribendi
1021 4294 1181 4383 elegantia
1204 4295 1377 4361 destitutus
1398 4290 1480 4358 nihil

295 4392 383 4459 aliud
406 4399 530 4479 quaerit
553 4417 650 4482 quam
672 4400 942 4484 perspicuitatem.
