3242 5014
661 342 871 394 ammianum.
1291 324 1357 395 237

166 514 286 579 oriente
321 512 446 580 Σκύθαι
480 511 609 591 νομάδες
645 519 721 580 sunt
750 521 782 581 ct
812 510 972 581 Caucasus
1001 517 1127 602 propria
1158 520 1205 583 ita
1234 516 1356 597 dictus,

167 621 259 691 αὐτὸς
284 620 446 693 Καύκασος
470 625 508 686 ui
531 626 580 686 est
601 641 648 688 vs.
670 618 753 699 719,
778 621 835 685 ubi
854 639 964 686 revera
983 626 1058 686 sunt
1077 617 1211 687 Caucasi
1231 642 1359 690 summa

167 728 350 805 cacumina,
376 764 419 775 -
443 726 537 792 hodie
569 727 682 791 actm
704 733 853 804 vocatur,
884 725 969 791 unda
992 726 1095 792 fontes
1117 731 1169 791 roi
1193 726 1357 807 ’Τβριςοῦ,

166 835 222 919 qui
243 832 339 899 hodio
361 833 480 898 Kabasa.
1124 834 1127 839 ’

210 938 303 1006 Hauc
332 941 420 1004 mam
451 935 504 1016 lo,
540 937 731 1004 Prometheo
762 937 890 1016 relicto,
926 936 1051 1026 ingredi
1081 936 1184 1004 debet.
1230 937 1357 1006 houlta

165 1044 262 1112 tellus
289 1050 347 1111 esi.
394 1044 543 1110 Primum
566 1045 674 1110 veniet
696 1043 736 1110 ad
760 1041 891 1117 Σκύθας
911 1043 1068 1121 νομάδας,
1091 1035 1121 1108 οἳ
1139 1045 1282 1116 πλεκπάς
1305 1044 1355 1114 ςέ-

165 1177 227 1231 aaa
258 1151 413 1231 πεδάρσιοι
437 1151 551 1216 valcoa’
573 1151 623 1214 ἐπ’
647 1150 804 1223 εὐκύκλοις
827 1149 930 1233 ὄχοις·
962 1151 1084 1216 ilsunt
1106 1153 1163 1237 qui
1186 1151 1355 1232 άμαξάβιοι

164 1257 250 1345 apud
272 1256 470 1324 Strabonem.
517 1254 654 1344 sagittis
677 1256 843 1322 metuendi
865 1260 940 1323 sunt
963 1261 1057 1341 atque
1076 1276 1147 1322 eam
1167 1257 1208 1323 ob
1226 1279 1356 1325 oausam

164 1364 199 1431 Io
222 1384 273 1430 eos
297 1365 417 1429 evitare
440 1362 543 1428 debet.
579 1360 681 1449 haget
702 1359 814 1439 littus,
839 1361 923 1447 quod
944 1360 1123 1449 Aeschylus
1144 1363 1240 1450 paulo
1257 1366 1356 1431 nimis

163 1470 360 1536 occidentem
389 1487 499 1536 versus
529 1468 686 1544 removit;
721 1469 890 1533 asinistra
921 1467 991 1541 σοὺς
1025 1467 1181 1548 Χάλυβας
1212 1469 1353 1537 habebit.

163 1574 211 1642 Hi
240 1578 344 1664 igitur
371 1577 457 1640 intra
486 1572 655 1661 Scythiam
686 1572 783 1657 idque
812 1575 1007 1652 rectissime,
1042 1594 1118 1640 nam
1147 1573 1290 1663 legimus
1320 1578 1355 1640 in

164 1680 251 1768 Sept.
274 1701 322 1746 vs.
348 1677 433 1745 710:
466 1678 547 1757 ξένος
570 1678 602 1743 δά
625 1679 750 1759 κλήρους
776 1678 915 1763 ἐπινωμᾷ
940 1678 1087 1757 Χάλυβος
1112 1678 1239 1746 Σκυθῶν
1263 1679 1352 1747 άποι·

164 1812 224 1862 ⁸04.

207 1892 344 1960 Remota
368 1890 548 1968 Maeotide,
573 1910 671 1976 quam
694 1889 872 1977 Aeschylus
893 1895 932 1955 ut
954 1890 1096 1957 diximus
1119 1891 1198 1958 alibi
1221 1893 1353 1962 colloca·

161 2003 227 2077 vit,
259 2000 404 2085 pervenit
433 1996 467 2063 Io
498 1997 537 2062 ad
570 1995 621 2060 σον
654 1994 799 2075 ’Τβριςήν
823 1997 985 2074 ποταμὸν·
1016 1996 1101 2061 hunc
1123 1999 1268 2083 trajicere
1290 2022 1353 2067 non

161 2112 279 2193 potest,
303 2107 411 2190 itaque
433 2102 515 2190 legit
538 2101 701 2168 dexteram
724 2104 843 2187 ripam,
868 2102 966 2169 donec
988 2101 1028 2168 ad
1049 2099 1183 2168 Caucasi
1200 2125 1352 2172 cacumen

159 2213 338 2300 pervenerit
367 2209 452 2297 quod
474 2208 569 2275 hodie
592 2208 713 2273 aava.
760 2207 901 2274 Putabat
923 2212 1032 2273 autem
1055 2207 1233 2296 Aeschylus
1256 2231 1352 2297 supra

160 2314 321 2406 Chalybas
355 2321 388 2383 st
420 2314 558 2403 Scythas
591 2312 743 2380 nomadas
778 2310 957 2380 Caucasum
990 2314 1147 2398 pertinere
1176 2335 1277 2401 usque
1310 2315 1350 2382 ad

132 2430 283 2491 montes
305 2423 388 2500 iera,
414 2423 471 2508 qui
492 2425 602 2506 postea
624 2416 784 2504 Carpatici
806 2419 894 2485 dicti.

204 2528 266 2594 Per
292 2548 402 2614 aspera
431 2523 565 2593 Caucasi
595 2524 698 2591 tendit
721 2523 755 2590 Io
779 2525 818 2591 ad
841 2526 1035 2603 Amazonas,
1059 2545 1140 2609 quac
1162 2520 1350 2593 Colchidam

158 2633 319 2710 incolunt,
339 2630 489 2712 Κολχίδος
510 2636 572 2710 aaa
595 2628 713 2705 ἔνοικοι,
732 2627 877 2710 παρθένοι
896 2630 1013 2712 μάχας
1033 2627 1172 2711 άπρεςοι,
1192 2635 1347 2697 uiestrs.

159 2737 235 2809 415.
282 2737 353 2805 Has
377 2738 498 2804 ducunt
519 2737 629 2804 Ionem
653 2736 694 2803 ad
717 2736 886 2802 Tauricam
910 2733 1141 2803 Chersonesum
1148 2755 1157 2814 ;
1182 2736 1264 2802 hanc
1286 2739 1348 2825 igi-

157 2850 212 2910 tur
233 2842 411 2930 Aeschylus
441 2844 541 2909 nimis
568 2844 723 2909 orientem
754 2863 864 2909 versus
885 2842 1054 2928 promovit.
1102 2841 1215 2909 Phasis
1238 2848 1348 2910 autem

158 2957 206 3017 est
235 2950 322 3015 idem
353 2950 408 3034 qui
437 2953 546 3034 postea
570 2947 702 3026 Tanaim
727 2948 841 3014 Phasis
863 2945 920 3012 ille
943 2967 1017 3011 cum
1041 2947 1163 3014 Paluda
1186 2946 1347 3016 Maeotida

158 3060 190 3122 at
219 3055 359 3140 Bosporo
382 3050 558 3120 Cimmerio
581 3053 665 3139 apud
688 3052 886 3141 Aeschylum
906 3072 971 3119 uno
993 3054 1122 3120 nomino
1144 3054 1345 3139 comprehen-

156 3162 293 3238 duntur;
319 3167 366 3226 eat
388 3159 471 3225 illud
494 3157 608 3241 ῥεῖθρον
629 3157 760 3239 ήπείροιν
779 3154 860 3240 άρος,
886 3158 969 3245 quod
991 3165 1190 3226 memoratur
1208 3181 1255 3226 aa.
1269 3156 1345 3226 790.

155 3266 277 3333 Eodem
307 3265 403 3331 modo
436 3263 614 3351 Aeschylus
645 3267 679 3329 in
709 3264 814 3331 Persis
837 3286 884 3333 va.
910 3261 977 3331 745
1000 3267 1034 3329 in
1056 3286 1159 3331 unum
1182 3269 1347 3355 conjungit

156 3371 348 3439 'Phracicum
371 3370 567 3456 Bosporum,
592 3369 786 3458 Propontida
809 3377 841 3437 et
863 3369 1127 3457 Hellespontum:

339 3471 402 3549 isac
426 3477 653 3550 Ἑλλήσποντον
676 3477 735 3557 ἱρὸν
756 3476 861 3543 δοῦλον
883 3473 921 3550 ὣς
946 3475 1146 3556 δεσμώμασιν

337 3581 450 3658 ήλπισε
474 3583 603 3662 σχήσειν
627 3581 731 3664 ράονπα
755 3580 904 3664 Βόσπορον
926 3580 988 3664 lica
1012 3579 1096 3647 θεοῦ.

201 3687 351 3758 Catemm
374 3709 489 3755 rerum
512 3690 641 3774 quidem
665 3693 730 3766 ost,
756 3690 839 3774 quod
861 3687 1041 3754 Brunclsius
1063 3685 1166 3765 vidit,
1197 3686 1346 3753 lacunam

154 3817 221 3863 asae
243 3802 315 3882 post
337 3818 383 3862 rs.
398 3793 479 3873 791,
503 3794 558 3860 aad
580 3793 731 3860 credibile
753 3799 801 3861 eat
823 3815 890 3861 csse
910 3814 982 3861 eam
1001 3812 1176 3880 paucorum
1194 3813 1346 3859 versuum

153 3905 298 3980 tautum3
323 3902 468 3987 sequitur
491 3902 578 3965 enim
601 3898 713 3965 πόντον
737 3906 859 3978 περῶσα
883 3898 1054 3978 φλοῖσβον,
1077 3918 1135 3964 nac
1154 3901 1263 3964 tamen
1282 3919 1347 3966 cre·

153 4007 290 4073 diderim
313 4007 387 4093 plus
411 4004 510 4072 semel
532 4025 620 4071 mare
643 4008 802 4092 traJccisae
822 4004 940 4072 Ionem.

199 4111 383 4198 Sequuntur
412 4108 548 4189 Graece,
584 4108 767 4199 Gorgones,
805 4108 948 4198 Grypes,
982 4110 1162 4195 Arimaspi,
1197 4106 1346 4176 Plutonis

152 4218 271 4286 fluvius
301 4222 384 4284 circa
413 4216 550 4282 fluvium
574 4215 690 4282 Indum
714 4222 752 4282 ut
774 4218 885 4303 opinor
907 4217 1112 4303 superiorem.
1160 4214 1345 4282 Promethei

153 4328 240 4392 euim
263 4325 361 4392 rerba
382 4327 457 4388 aunt
479 4343 527 4388 ve.
553 4320 637 4388 803:

403 4425 567 4506 άξυςάμοιος
592 4430 654 4508 γάρ
679 4432 771 4504 Ζηνὸς
795 4429 977 4508 άιιλαχχεῖς
1004 4428 1096 4499 κύνας
