3330 5012
293 345 358 406 tot
658 354 831 402 neronom
855 354 891 400 er
915 354 1109 402 rnuurntort.

290 522 350 591 οὖν.
389 523 472 588 Tum
506 538 581 588 vero
615 520 664 588 vei
695 520 901 589 scribendum
934 522 997 590 erit
1024 521 1075 587 διδ
1098 525 1152 587 τοῦ
1174 519 1337 602 moerebo
1359 519 1478 587 omisso

290 626 382 708 ὅμοια
406 626 454 693 eei
479 627 546 711 ipsn
571 623 667 692 verbu
689 630 744 691 τοῦ
766 627 939 708 χρντνρίον
953 626 986 690 in
1006 623 1151 693 dativum
1170 624 1324 691 mutnodn
1343 624 1394 695 tei
1410 644 1478 691 om·

291 733 369 799 nino
399 729 545 799 delenda.
584 729 649 796 iioo
675 730 897 816 praetulerim.
923 734 979 795 oe.
1002 729 1186 815 Legendunr
1210 728 1365 795 arbitror:
1391 729 1479 809 ὑμεῖς

229 908 242 931 5
290 837 322 904 bd
355 837 386 911 ἔς
418 860 453 901 τε
480 835 516 900 τό
540 833 656 913 μίλλον
680 834 776 900 καλόν
800 834 831 909 ἔς
854 859 890 901 πε
913 837 948 901 rb
972 836 1089 901 αὐτίκα
1111 837 1156 913 μὴ
1178 831 1308 916 αίτχρθν
1330 830 1377 921 (lt.
1401 832 1421 898 Ι.
1445 842 1480 903 et

291 940 394 1008 iuturi
424 938 550 1006 bonesti
585 946 618 1004 et
647 941 824 1025 praesentis
852 958 916 1005 nou
941 938 1100 1007 inhonesti
1124 939 1229 1004 bobito
1250 938 1383 1026 ratione)
1406 960 1479 1018 τρο-

288 1046 414 1126 μνόνπες
438 1046 481 1126 τῶ
503 1044 558 1119 ἤδη
582 1043 722 1125 προθύμῳ
745 1042 913 1126 ἀμφότερα
929 1046 1122 1123 κτήσασθαι,
1147 1042 1399 1121 Λακεδαιμονίοις
1411 1042 1478 1111 xri.

292 1149 383 1231 Quod
413 1152 447 1214 in
481 1147 572 1213 iibris
595 1146 690 1213 bodie
714 1146 834 1232 iegitur
857 1147 978 1235 duplici
1003 1149 1080 1214 vitio
1103 1147 1246 1228 iaboret3
1273 1166 1348 1215 unm
1372 1155 1404 1214 et
1424 1164 1478 1211 er·

291 1253 412 1321 tiendus
440 1254 476 1319 πό
510 1255 540 1325 ἐς
569 1251 687 1329 μέλλον
719 1253 815 1318 καλόν
845 1252 954 1319 abesse
985 1255 1097 1339 nequit
1119 1260 1151 1319 et
1175 1252 1356 1333 προμνθνπες
1379 1268 1478 1317 seusu

289 1363 343 1425 ποῶ
368 1358 558 1440 προελόμενον
582 1354 761 1422 adhibitum
788 1354 924 1442 prodigii
951 1358 1053 1423 instar
1074 1366 1133 1424 est.
1169 1355 1227 1427 Sin
1246 1353 1425 1437 retruderes
1444 1356 1477 1428 ἐς

290 1463 325 1531 τὸ
355 1463 470 1542 μέλλον
501 1461 597 1529 καλίν
620 1461 666 1527 sie
691 1461 898 1546 interpretari
922 1463 1002 1530 veiis
1028 1471 1063 1528 ut
1087 1461 1261 1530 iubeantur
1281 1461 1479 1546 nnirnispro

289 1568 372 1634 retis
405 1586 475 1634 esse
509 1564 550 1633 nd
581 1565 751 1633 honesturn
784 1566 1061 1653 amplectendum,
1096 1566 1156 1634 boo
1190 1574 1223 1633 et
1254 1585 1311 1653 per
1341 1585 1376 1632 se
1406 1565 1477 1632 sine

290 1671 435 1758 exempto
465 1670 588 1737 dieitur
610 1678 643 1737 et
665 1668 745 1736 nibil
770 1669 810 1736 ab
832 1670 1043 1756 sequentibus
1065 1670 1173 1739 differt
1195 1672 1238 1753 τῷ
1260 1671 1315 1748 ἤδη
1336 1669 1477 1751 τροθόμρ

290 1777 456 1853 κτήσατθε.
481 1779 535 1842 bi.
560 1775 643 1860 Lege
666 1774 719 1839 καί
743 1769 827 1854 οἷπερ
847 1773 981 1857 ῶρμηντο
1001 1774 1041 1841 δι’
1063 1777 1187 1843 ἐκεῖνον
1209 1776 1395 1856 πορευθῆναι.
1422 1776 1475 1839 76.

289 1879 451 1962 ὀρύξαντες
481 1879 534 1946 καί
567 1877 846 1959 ξοντεκμνράμενοι
876 1881 932 1946 ναί
963 1879 1011 1947 vei
1035 1882 1215 1948 insiticium
1238 1888 1298 1961 est,
1312 1878 1361 1946 tei
1385 1896 1477 1945 roeo·

290 1984 360 2052 buii
382 1984 488 2051 iocum
513 1983 654 2061 obtinet,
685 1982 769 2068 quod
793 1982 833 2048 nd
858 1983 990 2050 modum
1013 1989 1066 2052 τοῦ
1088 1985 1309 2067 τεκμαίρεσθαι
1334 1983 1476 2070 pertine·

292 2090 347 2157 bat
379 2109 407 2153 ν.
437 2108 468 2156 o.
499 2091 602 2167 μήκει.
633 2092 687 2153 87.
718 2088 841 2166 νομίσαι
865 2088 896 2154 δὲ
921 2089 1061 2175 (δίκαιον)
1085 2098 1157 2163 ταῖς
1180 2090 1237 2168 μὲν
1259 2088 1375 2169 τύχαις
1398 2086 1480 2153 ἐνδί-

291 2195 404 2276 χετθαι
428 2191 627 2276 τφάλλεοθαι
650 2191 721 2265 τοὺς
745 2193 936 2274 ἀνθρώπους,
960 2202 1031 2269 ταῖς
1055 2194 1087 2259 δὲ
1109 2197 1249 2272 μνῶμαις
1272 2193 1344 2267 τοὺς
1364 2191 1478 2264 αὐτοὺς

291 2299 341 2367 ἀεὶ
373 2297 522 2379 ἀνδρείους
555 2299 641 2377 ὀρθῶς
665 2292 762 2375 εἶναι,
787 2298 841 2363 καί
865 2301 908 2378 μὴ
932 2299 1074 2380 ἀπειρίαν
1096 2304 1150 2366 ποῶ
1167 2298 1306 2381 ,ἀνδρείου
1329 2297 1476 2378 παρόντος

292 2400 562 2485 προβαλλομένους
594 2399 716 2473 είιιόπῶς
746 2401 785 2467 ἀν
819 2400 850 2467 θν
871 2425 928 2468 τινι
952 2404 1065 2478 κακοὺς
1089 2403 1242 2483 γενέσθαι.
1265 2403 1288 2468 G
1310 2410 1344 2468 et
1367 2402 1395 2468 G
1418 2406 1477 2467 ba·

290 2507 368 2574 bont
397 2508 483 2589 ὀρθῶς
515 2504 682 2586 ἀνδρείους,
714 2525 797 2591 quae
830 2507 968 2573 varietas
1000 2509 1032 2573 in
1064 2508 1142 2574 ineis
1166 2505 1367 2593 interpolatis
1391 2502 1477 2571 baud

291 2611 478 2697 infrequens
501 2619 560 2676 est.
597 2608 658 2676 Sed
685 2610 910 2697 interpolatum
936 2609 1041 2677 iocum
1066 2632 1136 2679 esse
1160 2609 1313 2678 fatebitur
1329 2610 1478 2696 quisquis

289 2720 377 2799 ὀρθῶς
388 2715 537 2798 ἀνδρείους
551 2713 736 2801 perpendet.
762 2714 825 2780 Fae
837 2715 907 2788 τοὺς
919 2717 1005 2797 ὀρθῶς
1017 2716 1166 2797 ἀνδρείους
1180 2716 1263 2782 idern
1276 2735 1345 2782 esse
1355 2734 1393 2780 eo
1406 2716 1477 2787 τοὺς

290 2825 330 2897 ῶς
351 2821 482 2899 ἀληθῶς.
507 2818 625 2885 Verum
643 2817 696 2884 bie
710 2818 797 2884 nulia
809 2838 906 2885 eausa
918 2828 989 2886 eret
1000 2839 1060 2887 eur
1073 2840 1179 2887 rernm
1195 2821 1379 2887 virtutemn
1398 2817 1477 2884 tatsr

290 2925 499 2992 discerneret.
525 2922 737 3010 Opponuutur
749 2924 775 2989 oi
789 2923 1001 3006 σφαλλόμενοι
1013 2934 1045 2992 et
1056 2927 1083 2991 οἱ
1095 2924 1187 3006 ὀρθοί.
1205 2925 1364 3011 Legamus
1376 2924 1479 3009 igitur

291 3029 361 3102 τοὺς
373 3028 486 3103 αὐτοὺς
499 3028 546 3094 ἀεί
560 3029 658 3108 ὀρθοὺς
669 3025 760 3095 εἶναι.
776 3027 837 3094 Sed
851 3028 927 3114 quid
942 3028 1002 3094 sibi
1018 3030 1084 3094 vuit
1098 3027 1128 3094 ἓν
1139 3029 1210 3094 πινιί
1224 3029 1293 3095 Nisi
1307 3046 1357 3095 me
1369 3027 1478 3093 otnnie

290 3132 407 3200 feliunt
429 3130 675 3217 corrigendum:
696 3133 749 3198 καί
770 3134 814 3211 μὴ
834 3133 993 3213 ἀπειρίαν,
1018 3140 1071 3200 τοῦ
1088 3134 1221 3215 ἀνδρείου
1233 3133 1393 3215 παρόντος,
1406 3154 1478 3214 προ·

290 3237 505 3318 βαλλομένους
524 3236 645 3312 statem
658 3237 787 3311 ἀνέντος
800 3238 914 3310 κακοὺς
926 3238 1077 3316 γενέσθαι.
1104 3238 1172 3304 bion
1196 3238 1422 3319 προγενόμενα
1434 3236 1479 3302 ie·

291 3340 444 3429 gendum.
488 3341 601 3408 Dicere
633 3340 761 3428 quidem
794 3342 950 3428 potuisset
980 3338 1055 3407 deon
1085 3342 1263 3422 θμάρτομον
1293 3340 1478 3423 πρίτορυνιί

291 3446 435 3528 ἐμπειρία
458 3446 693 3528 προσγίγνεται.
730 3445 791 3513 Sed
818 3447 879 3533 ipsi
898 3465 1026 3512 errores
1047 3448 1079 3512 in
1094 3446 1347 3533 possessionibus
1366 3464 1478 3512 nurne-

293 3553 360 3620 rari
391 3571 454 3617 nott
485 3558 631 3637 possunt.
657 3555 711 3617 89.
737 3550 770 3616 b.
795 3552 847 3619 καί
872 3550 983 3618 οίονπαι
1006 3557 1126 3634 σφεῖς
1150 3552 1202 3616 καί
1226 3552 1257 3616 ἐν
1280 3551 1330 3632 τςῖιι
1346 3550 1478 3631 ναυτικῷ

292 3657 429 3732 ποιήσειν
457 3655 493 3723 τὸ
525 3655 612 3721 αῶτό.
648 3656 719 3721 bion
750 3656 904 3723 ἰη-καί
927 3655 1041 3723 οὐκῶν
1065 3658 1212 3733 ἀνιῶνται
1235 3652 1478 3734 μόρμίλλοντάς

292 3786 323 3829 τι
347 3758 431 3838 ἀξιον
453 3764 507 3826 τοῦ
531 3760 619 3841 παρά
641 3762 720 3826 πολὺ
744 3758 1062 3842 πράξεινάνθίςατθαι
1082 3759 1322 3846 niteris—quid
1341 3757 1479 3837 τίίάξιον

292 3871 346 3934 τοῦ
370 3864 456 3947 παρά
481 3864 560 3931 rond
585 3862 670 3931 baud
695 3863 788 3931 ineiie
812 3864 944 3933 dixeris.
980 3863 1064 3946 Quid
1088 3864 1141 3931 bio
1160 3867 1268 3952 aptius
1288 3884 1357 3931 esse
1376 3871 1481 3950 potest

293 3990 390 4061 qoem
415 3974 469 4037 τοῦ
492 3969 696 4051 παραβίλοοί
723 3968 772 4036 (ii.
800 3968 963 4057 bristopb.
991 3970 1083 4057 Vesp.
1113 3974 1187 4036 129.
1211 3979 1244 4036 et
1262 3973 1393 4036 Isoornt.
1416 3971 1480 4045 126

294 4098 324 4145 t.
350 4075 379 4142 εί
398 4099 477 4150 τινες
502 4071 577 4140 οὕτω
601 4076 738 4157 χαλεπῷ
760 4075 813 4141 καί
842 4075 1015 4157 παραβόλῳ
1037 4074 1206 4156 πράμμαπι
1229 4073 1363 4144 πιςεύειν
1379 4071 1481 4150 ἀξιοῶ·

294 4205 350 4248 τιν.
386 4178 505 4245 Eodem
538 4199 634 4246 seusu
666 4180 781 4247 Noster
809 4179 840 4246 in
869 4181 907 4245 V.
935 4186 1008 4245 tte.
1033 4180 1311 4261 παραβεβλημένα
1335 4178 1417 4246 dixit
1439 4176 1480 4245 de

294 4284 393 4351 stulto
425 4283 590 4351 bieiiorum
619 4283 750 4351 fiducie.
787 4289 824 4349 ln
848 4284 1007 4351 sententia
1033 4304 1146 4352 maneo
1169 4284 1295 4351 πίπτειν
1319 4280 1378 4350 oet
1400 4304 1480 4354 τινος

295 4389 328 4455 in
361 4386 500 4476 pedestri
525 4391 669 4456 oratione
691 4386 861 4455 terendum
884 4409 946 4455 non
971 4409 1040 4456 esse
1063 4397 1095 4456 et
1120 4408 1177 4475 pro
1201 4388 1309 4456 ἔπεσεν
1332 4388 1480 4457 ἔπταρεν
