3296 5022
431 907 914 999 coulnchnuba
951 908 1223 1003 LATINA.

681 1174 968 1210 “m-

810 1404 836 1466 l.

705 1637 743 1683 ah
766 1637 944 1685 invisitatum.

274 1820 378 1903 Quam
400 1821 518 1886 minna
537 1821 581 1887 stt
601 1819 649 1886 rel
670 1829 778 1886 nostra
799 1827 905 1887 aelate
925 1820 1068 1887 conditio
1088 1824 1269 1891 neminum
1291 1831 1416 1911 poetae,

227 1926 283 1992 cui
308 1933 379 2012 post
402 1924 569 1993 Horatium
595 1923 691 1990 libuit

836 2029 1009 2098 decurrere
1033 2051 1165 2119 campo,

343 2154 399 2221 per
421 2150 517 2221 quem
541 2151 678 2219 mugnus
699 2154 797 2221 equos
821 2137 993 2203 Auruncae
1019 2136 1106 2204 derit
1130 2138 1302 2216 alumnus,

227 2259 303 2308 curn
327 2248 453 2307 constat
478 2241 563 2306 inter
585 2258 717 2318 omnes,
741 2242 797 2325 qui
822 2238 970 2325 diligenti
995 2240 1103 2308 studio
1126 2242 1166 2309 ad
1190 2244 1340 2311 intimam
1361 2244 1415 2311 ha·

228 2364 302 2411 rum
326 2354 511 2412 saturnum
536 2346 729 2411 sententiam
755 2354 924 2430 penetrare
947 2348 1053 2413 conati
1079 2355 1176 2424 sunt,
1199 2356 1269 2415 tuns
1294 2368 1415 2438 napea

227 2452 309 2519 rime
332 2450 480 2538 pluribus
511 2449 651 2517 ostendit
683 2447 819 2515 Senonas
851 2468 959 2529 rneus,
991 2450 1124 2518 scholae
1152 2452 1285 2520 Latinae
1309 2463 1416 2524 recwr

227 2558 261 2623 in
283 2555 400 2644 oppido
434 2555 611 2632 herenaar,
642 2555 869 2622 dissertatione
885 2574 944 2621 sna
962 2556 1169 2633 Academica,
1190 2558 1415 2627 obseruationes

224 2663 351 2729 criticas
381 2661 559 2728 continenti
592 2661 624 2725 ln
656 2660 787 2726 Saturna
818 2660 858 2724 I).
883 2658 974 2725 lunii
1004 2659 1170 2727 inventis
1194 2662 1347 2750 (Traiect.
1371 2664 1414 2730 ad

108 2812 114 2821 ·
225 2766 374 2834 Rhenum
398 2765 483 2852 apud
508 2765 645 2832 llenrinlr
669 2773 701 2830 et
725 2763 768 2830 lil.
795 2764 908 2852 1873).
958 2766 995 2830 ln
1019 2784 1082 2850 qno
1113 2763 1195 2831 libro
1223 2783 1285 2835 non
1310 2786 1412 2853 parton

225 2872 269 2937 ita
292 2870 431 2937 feliciter
453 2880 485 2936 et
510 2869 674 2955 ingeniose
693 2870 853 2944 correxit,
879 2878 914 2934 nt
934 2871 1043 2936 omnia
1063 2868 1144 2937 laeta
1164 2869 1204 2936 de
1224 2868 1278 2935 illo
1298 2872 1414 2940 invene

223 2976 378 3062 augurari
415 2974 506 3041 nobis
538 2974 653 3052 liceat,
689 2983 723 3040 ct
751 2974 845 3041 lacile
873 2974 902 3040 ei
934 2974 1176 3054 condonemus,
1209 2976 1237 3042 sl
1269 2975 1322 3042 hie
1347 2976 1412 3045 illic

224 3082 332 3147 minus
367 3079 448 3148 benc
484 3099 550 3147 rem
581 3081 738 3164 gesserit,
772 3086 822 3157 et,
853 3079 936 3166 quod
969 3079 1074 3166 paullo
1104 3081 1256 3166 granius,
1290 3080 1412 3148 alneis

222 3186 404 3254 sanhslruis
428 3206 489 3252 non
513 3185 708 3252 abstinuerit
729 3204 872 3251 nonnum.
921 3185 1013 3252 Falsa
1034 3194 1216 3253 commenta
1241 3188 1309 3274 ipse
1329 3186 1412 3255 dele·

223 3292 270 3359 bit
301 3290 386 3357 dies:
419 3310 495 3357 nera
527 3290 713 3357 manebunt.
762 3289 839 3355 Mihi
872 3289 911 3355 de
936 3291 1012 3356 loeis
1035 3290 1227 3377 quibusdam
1252 3290 1411 3358 medicam

221 3416 356 3464 manuus
387 3396 555 3483 hucusque
585 3396 706 3462 lrustra
738 3395 1000 3487 exspectantibus
1037 3393 1196 3462 disserere
1226 3396 1259 3461 in
1302 3397 1410 3462 animo

220 3510 289 3579 est,
314 3500 494 3587 laciamqne
525 3501 655 3568 initium
682 3501 722 3567 ab
747 3501 809 3578 iis,
834 3520 917 3586 quac
941 3502 988 3566 sic
1012 3501 1132 3585 scripta
1156 3499 1310 3584 leguntur
1341 3500 1408 3568 Sat.

219 3606 247 3685 1,
271 3610 316 3674 bt
337 3626 425 3693 sqqa

355 3711 430 3796 quis
453 3709 587 3779 totidem
611 3711 714 3778 erexit
738 3709 848 3786 villas,
873 3710 947 3796 quis
971 3707 1091 3775 lercnla
1114 3717 1237 3795 septem

354 3821 479 3882 secreto
501 3815 627 3881 cenarit
651 3814 752 3881 avus?
774 3834 862 3880 nnnc
885 3812 1028 3900 sportula
1051 3813 1157 3900 primo

357 3919 470 3987 limine
492 3939 592 4007 parva
615 3938 724 3995 swan,
746 3917 860 3985 turbae
883 3918 1037 4006 rapienda
1061 3927 1187 4003 luntas
1206 3925 1284 3985 cett.

220 4024 269 4091 sd
292 4024 376 4091 sedet
400 4026 521 4091 hunam
545 4025 697 4092 Wsrnnan
722 4024 756 4089 in
785 4023 958 4089 norisdnra
991 4022 1131 4090 editione
1157 4023 1295 4110 (Lipsiae
1319 4022 1404 4108 apud

218 4129 431 4197 Weidnerum
458 4133 558 4214 1873)
583 4127 748 4195 adnotavit
773 4128 875 4195 »sedet
894 4158 936 4194 =
954 4126 1041 4194 steht
1066 4128 1120 4216 (an
1144 4127 1217 4194 dem
1248 4126 1404 4212 gewbbn·

219 4233 343 4303 »lichen
380 4234 499 4322 Platae)
531 4234 594 4300 wie
628 4233 711 4301 auch
743 4229 830 4311 εἷμαι
869 4233 960 4321 (sicl)
992 4234 1035 4299 im
1072 4232 1323 4312 Griechiscben,
1357 4232 1402 4301 cl.

219 4339 454 4428 »Naegelsbach
474 4359 514 4406 zu
532 4338 622 4405 honr.
646 4346 700 4420 15,
715 4345 791 4408 abb.
823 4338 980 4406 dehulicb
995 4338 1034 4428 (l)
1048 4339 1089 4419 ll,
1111 4344 1175 4407 120
1195 4361 1287 4407 coma
1306 4338 1400 4415 redet,

219 4445 296 4525 an,
323 4451 364 4515 74
388 4450 421 4512 in
444 4466 574 4533 aaronem
601 4446 693 4533 sane,
706 4446 838 4513 miserae
859 4466 1034 4534 monaque
1053 4445 1176 4513 sedehat
1196 4443 1301 4533 pellor
1322 4442 1403 4509 nmi—
