3330 5012
479 685 485 693 ⁵
620 749 1110 845 susceperuut

399 920 403 927 ⁵
503 982 869 1063 suruouoorcu
899 980 960 1062 su
991 980 1220 1062 coluros.

649 1278 797 1330 scerrsrr
818 1266 851 1329 Ο.
877 1267 914 1329 G.
938 1264 1074 1328 OOBET.

593 1596 596 1601 ,
731 1556 1003 1588 -00—

632 1740 636 1747 ’
724 1790 912 1861 curus
948 1790 1004 1860 v1.

597 2009 644 2075 Au
666 2007 837 2077 Pcurtecur
860 2006 962 2079 Orsus
986 2008 1135 2077 Moesus.

355 2225 479 2278 Pluersu
496 2224 667 2276 Ohseroncnsis
683 2223 786 2275 Morslis
802 2239 831 2275 cx
846 2239 894 2277 rec.
911 2226 1029 2277 liuuourr
1045 2225 1191 2279 Ηιιοωι.
1214 2225 1283 2279 Irus.
1302 2226 1375 2282 lete.

671 2306 789 2357 Volumeu
807 2308 831 2359 1.
852 2311 885 2376 (p.
904 2309 1010 2365 1-171.
1027 2312 1061 2372 r.)

318 2498 484 2567 Plutarchi
507 2499 682 2580 librorum,
706 2501 763 2588 qui
786 2509 927 2568 aetatem
951 2501 1115 2580 tulerunt,
1140 2501 1174 2569 iu
1194 2496 1364 2588 (lodicibus
1383 2497 1459 2569 iiss.

273 2622 336 2671 ucu
367 2604 480 2673 eedem
513 2607 658 2674 omnium
690 2605 832 2673 conditio
855 2615 916 2674 est.
961 2605 1023 2672 Atii
1044 2608 1131 2674 enim
1154 2615 1232 2675 suut
1257 2607 1460 2693 integerrimi

271 2715 305 2778 et
327 2709 603 2792 emendatissimi,
633 2711 688 2778 ulii
713 2710 840 2779 mendis
861 2709 1092 2798 erroribusque
1113 2712 1254 2798 cooperti
1278 2720 1312 2777 et
1334 2710 1460 2778 lacunis

271 2817 392 2903 possim
417 2812 560 2893 hiantem
584 2822 663 2885 sunt
684 2817 783 2883 etiem
806 2814 863 2903 qui
889 2815 1031 2884 medium
1056 2820 1187 2887 teneuut
1210 2823 1242 2883 et
1265 2814 1354 2883 vitiis
1376 2813 1462 2881 leiso-

270 2926 346 3007 reci
376 2917 423 2987 iili
454 2918 584 3007 quidem
615 2921 671 2989 sed
701 2920 820 3008 quibus
848 2919 970 2988 mederi
1000 2923 1116 3009 possis.
1160 2921 1291 2988 Primus
1314 2920 1461 2987 omnium

270 3024 340 3107 περὶ
370 3024 488 3092 soiius
520 3023 652 3106 ἑγονῆς
682 3024 807 3093 libellus
835 3025 915 3092 levis
946 3025 1046 3113 opeliu
1073 3023 1242 3112 Sophistue
1264 3024 1461 3112 loquacioris

270 3128 411 3216 pessime
432 3129 467 3196 iu
491 3128 663 3197 codicibus
687 3127 817 3197 habitus
839 3138 889 3198 est
912 3138 1078 3218 sceteique
1100 3131 1204 3208 vitiis,
1227 3149 1364 3218 quorum
1385 3146 1461 3216 pers

270 3252 401 3301 omnem
427 3232 619 3303 emendandi
640 3253 753 3302 curam
778 3236 902 3322 respuit
920 3236 1112 3323 praesertim
1133 3235 1166 3302 iu
1187 3232 1265 3302 iocis
1285 3232 1460 3313 lacunosis,

270 3336 328 3406 ubi
351 3336 431 3405 nihii
454 3338 614 3426 inteiligas
637 3348 765 3425 prester
785 3338 845 3406 hoc
868 3359 968 3407 uuum
992 3358 1096 3427 neque
1116 3338 1252 3427 iuteiiigi
1273 3340 1336 3407 iste
1354 3359 1460 3427 ueque

269 3443 391 3530 corrigi
413 3442 594 3512 ullomodo
617 3463 718 3532 posse
755 3445 864 3512 ineuis
883 3444 972 3511 labor
994 3453 1046 3512 est
1069 3443 1191 3512 urendo
1214 3452 1247 3512 et
1266 3443 1404 3512 secundo
1424 3453 1459 3511 et

269 3548 421 3617 omuibus
450 3546 555 3617 modis
581 3547 682 3617 exiies
709 3549 861 3637 antiquae
891 3549 1071 3637 scripturae
1099 3548 1234 3617 lacinias
1257 3548 1402 3618 vexando
1424 3547 1459 3617 isi
1488 3534 1493 3545 ¹

268 3652 355 3742 quod
386 3654 462 3722 oiim
486 3654 643 3722 omissum
667 3662 717 3722 est
739 3658 773 3721 ct
796 3653 1048 3722 intermortuum
1072 3650 1250 3723 reiociiiere
1272 3653 1364 3722 relic.
1398 3653 1460 3722 Est

266 3759 356 3827 euim
380 3758 463 3841 hoc,
488 3758 575 3847 quod
599 3759 711 3841 aiunt,
735 3759 924 3828 medicinam
945 3763 1212 3848 succensetur,
1236 3758 1407 3849 ruleetque
1423 3759 1457 3826 io

269 3862 320 3932 his
344 3861 564 3934 Getuliiuuum
587 3862 667 3931 iilud

541 3969 638 4036 mirer·
662 3967 803 4051 Getulis,
827 3969 952 4037 οοοίννοο
973 3969 1124 4059 ineptire,

539 4083 568 4139 et
590 4074 673 4160 quod
695 4075 780 4142 uider
800 4075 921 4162 perisse
940 4075 1101 4162 perditum
1121 4074 1231 4143 οινοον.

314 4175 435 4245 conire
460 4175 532 4243 iibri
556 4186 728 4266 sequentes
750 4185 815 4253 πῶς
838 4179 887 4247 δεῖ
909 4179 961 4247 τὸν
983 4179 1045 4248 νέον
1067 4178 1248 4260 tempsisse
1266 4179 1404 4257 οὶκούενν,
1424 4187 1457 4247 ei

267 4280 335 4362 περὶ
359 4285 414 4348 τοῦ
434 4282 573 4361 ἀκούειν,
597 4284 774 4351 rarissimis
794 4284 959 4352 erroribus
982 4284 1136 4352 maculati
1155 4294 1233 4353 suut
1251 4293 1285 4352 et
1303 4283 1457 4373 pleraque

267 4386 376 4455 omuie
407 4388 578 4455 senissima
609 4396 642 4454 et
666 4389 876 4475 integerrima
899 4387 970 4458 esse
993 4387 1127 4457 videbis.
1164 4388 1307 4472 Quartus
1329 4396 1393 4464 cuc
1415 4387 1455 4456 aiv
