3276 5006
520 371 563 421 ιυ
587 368 721 417 secem
747 365 971 416 reomsrcwrr.
1283 342 1347 408 109

155 548 225 613 σθαι
243 565 335 629 saepe
347 550 503 624 τραπῆναι
524 544 693 624 usurpent,
718 537 773 603 sed
791 537 964 618 τρέψασθαι
982 557 1018 602 so
1037 557 1130 602 sensu
1146 556 1185 599 ne
1200 530 1351 600 Graeculi

156 652 286 736 quidem
310 648 466 715 dicebant.
1211 653 1216 657 ·

201 859 239 923 ln
272 858 398 943 Sopatri
430 853 564 942 epistole
589 853 649 931 46,
684 852 737 918 54.
762 853 883 918 editur:
916 853 970 927 rio
995 853 1051 930 μὲν
1075 853 1351 930 coelementato

158 969 175 1039 ἦ
200 973 255 1040 τῆς
280 961 439 1034 πολιτείας
463 960 610 1038 άπονθμει
635 957 725 1035 τάξις
743 967 806 1029 τοῖς
830 957 949 1039 μείζοσι
972 957 1058 1038 παρά
1081 963 1140 1023 τῶν
1162 957 1350 1033 ἐλαττόνων,

158 1076 213 1145 τὴν
244 1070 271 1133 δ’
294 1066 396 1142 ἄλλον
431 1067 593 1147 θεραπείαν
625 1063 669 1128 Ἢ
704 1072 814 1146 τυχεῖν
848 1066 946 1138 αὐτῆς
981 1063 1206 1141 άξιΩΕΟΤοιν
1234 1060 1278 1127 Ἢ
1314 1062 1351 1127 δι’

160 1175 312 1257 ὠφέλειαν
342 1180 400 1238 τῶν
428 1170 606 1253 άρχομίνων
631 1170 661 1235 ἐν
685 1168 755 1235 είδει
779 1168 951 1251 φαρμάκου
975 1168 1183 1250 προσάγομεν.
1217 1166 1254 1233 Si
1275 1168 1353 1249 hoec
1441 1240 1445 1247 ‚

159 1280 340 1367 intelligere
368 1281 420 1344 vis
451 1280 497 1343 its
526 1277 646 1342 scribe:
678 1274 734 1347 rio
765 1274 790 1339 δ’
813 1272 914 1351 άλλνν
947 1275 1128 1356 θεραπείαν,
1145 1272 1220 1339 ἪΝ
1243 1281 1354 1353 τυχεῖν

160 1387 257 1460 αὐτοῖς
282 1384 381 1462 albot
397 1380 517 1460 Ὦπιν,
542 1382 579 1446 δι’
602 1382 756 1460 ὠφέλειαν
779 1382 843 1444 κτὲ.

206 1489 243 1554 ln
273 1510 340 1574 sqq.
374 1488 507 1554 emenda
536 1494 624 1550 ΤΟΥ
630 1494 652 1551 C
676 1487 707 1550 ἕν
732 1484 859 1563 δυνάμει
883 1486 1061 1562 καθομιλεῖν
1083 1504 1140 1570 pro
1162 1492 1247 1560 τοῖς,
1278 1484 1354 1567 quia

162 1602 195 1661 et
218 1597 299 1660 ratio
322 1598 354 1659 et
379 1613 455 1658 usus
478 1591 641 1678 postulent
662 1595 700 1656 ut
723 1593 902 1669 καθομιλεῖν
919 1604 995 1657 τινΛ
1020 1591 1145 1656 dicetur
1165 1589 1204 1655 de
1223 1609 1278 1666 eo,
1302 1588 1354 1673 qui

162 1722 274 1764 ιαοναιιι
295 1706 324 1763 et
346 1698 570 1763 οοιιεαοθαιίθαίι
591 1696 740 1760 motae
761 1697 889 1782 aliquem
911 1697 1020 1781 ceperit
1042 1702 1070 1760 et
1091 1695 1156 1760 ον’νε
1169 1695 1301 1776 oratiam
1320 1715 1355 1756 αο

163 1804 392 1871 benevolentiam
410 1804 470 1867 αι’θῖ
489 1802 677 1880 concitare,
702 1807 740 1867 ut
758 1802 939 1868 Alcibiades
958 1802 1076 1868 dicitur
1086 1801 1138 1867 τὸν
1151 1797 1354 1882 Φαρνάβαζον

164 1911 457 1988 καθομιλῆσαι.

211 2118 248 2183 ln
271 2117 451 2206 fragmento
475 2117 677 2198 Διιοτοχθνεος
700 2118 905 2197 Πυθαγορείου
930 2115 990 2195 48,
1015 2115 1069 2181 62.
1093 2116 1138 2195 μίν
1158 2119 1355 2190 ΝΕνικιῖοθαι

167 2222 256 2288 etet
289 2231 388 2297 νικῆν,
421 2243 568 2308 praesens
593 2226 751 2309 praesenti
771 2222 996 2308 respondebat:
1028 2223 1136 2308 itaque
1159 2243 1273 2308 repone
1295 2223 1356 2288 for·

165 2349 254 2395 mam
276 2328 427 2394 Doricam
450 2329 598 2403 κικῆσθαι.

211 2434 291 2499 Ibid.
315 2455 347 2519 p.
371 2433 453 2510 264,
480 2432 512 2498 5.
538 2435 571 2498 οὐ
594 2432 658 2514 γάρ
679 2443 757 2515 μιῖον
780 2435 865 2498 αὐλῶ
889 2431 941 2498 καί
967 2433 1114 2513 άρμονίας
1136 2433 1158 2496 ά
1181 2439 1223 2497 τοῖ
1247 2435 1356 2511 coeco

165 2538 321 2616 βασιλέως
352 2538 551 2616 ποταθχατις
579 2539 697 2620 ὀφείλει
721 2547 851 2604 τΡΕπεν
873 2537 933 2609 τάς
957 2536 1068 2618 ψυχάς
1092 2542 1151 2602 τῶν
1173 2561 1358 2615 ποταυχατ-

166 2643 281 2721 μένων,
317 2645 392 2729 quie
406 2645 488 2729 ⁸boni
513 2645 599 2730 regis
623 2643 789 2729 adspectus
820 2645 943 2707 animos
964 2643 1162 2707 intuentium
1184 2664 1247 2709 non
1269 2646 1359 2709 vertit

168 2751 222 2816 sed
250 2750 390 2827 oblectet,
424 2749 548 2815 duobus
568 2748 707 2814 literulis
735 2748 934 2833 transpositis
955 2745 1128 2833 legendum
1151 2757 1282 2814 πΕΡπεν
1303 2770 1360 2835 pro

170 2865 308 2921 τΡΕπεν.

213 2960 291 3025 Post
320 2979 423 3045 penos
454 2960 580 3025 scribit:
614 2958 690 3024 οἱδὶ
715 2957 864 3022 ἐπιείκεια
895 2956 947 3021 καί
972 2959 1189 3035 εὐγνωμοσθνα
1215 2958 1361 3047 (αορνιθθαε

170 3072 198 3128 et
219 3065 386 3144 ctoeeotio)
418 3062 561 3145 πάρεδροί
587 3064 665 3135 τινές
690 3066 749 3130 ἐντι
774 3065 833 3137 τοῖς
858 3060 1068 3140 δικαιοσύνας,
1095 3063 1117 3128 ά
1145 3065 1203 3142 μὲν
1225 3065 1260 3129 τδ
1283 3066 1359 3131 άπθ·

169 3178 277 3250 τροπον
307 3173 366 3242 τοῖς
399 3170 534 3248 βλάβας
564 3171 800 3248 μαλθΛΙΝοιοα
831 3168 896 3235 κτὲ.
946 3166 1010 3234 sed
1039 3170 1198 3246 μαλθαίνυ
1227 3178 1361 3238 nonest

170 3272 330 3341 Graecum
363 3274 577 3342 vocabulum:
614 3277 736 3362 corrige
769 3275 1009 3353 μανιθιιθοοιοα
1032 3296 1148 3358 poenae
1177 3262 1360 3342 atrocitatem

169 3381 320 3463 αιθθθρονιο.

213 3591 251 3655 ln
273 3591 342 3658 loco
359 3591 540 3674 Ἐκφάντου
562 3592 765 3674 Πυθαγορείου
786 3591 846 3669 48,
873 3590 926 3655 64.
946 3591 1087 3678 legimus
1105 3611 1179 3677 pag.
1192 3590 1274 3670 267,
1298 3592 1359 3659 10:

167 3697 312 3779 βασιλῄρι
335 3696 367 3762 δὲ
390 3698 444 3763 τὸν
465 3699 655 3776 θμιλιίοοντα
675 3695 785 3781 Φθοιθς
809 3720 845 3761 τε
861 3693 1010 3776 άχράντω
1029 3696 1077 3760 δεῖ
1092 3694 1230 3775 μετέχει
1250 3696 1360 3766 ἐπιςά·

169 3809 254 3880 μΕΝ
277 3826 314 3866 τε
337 3802 429 3868 αὑτὸν
454 3799 512 3884 ὅτῳ
535 3808 593 3868 τιῖν
618 3800 722 3867 άλλυν
747 3802 807 3867 ἐντί
833 3801 976 3881 θειθτερος
1000 3794 1057 3880 θοῳ
1081 3823 1116 3863 τε
1140 3796 1240 3880 άτεροι
1261 3803 1357 3868 αὑτῶ.

169 3906 272 3973 Periit
293 3913 420 3993 propter
443 3908 668 3993 compendium
690 3907 830 3992 syllaba:
856 3906 949 3970 scrib.
970 3903 1185 3982 ἕπιςάμενΟΝ
1210 3904 1304 3970 αὑτθν
1323 3931 1359 3972 τε

170 4011 227 4095 ὅσῳ
251 4014 314 4078 κτὲ.

215 4225 296 4290 Ibid.
321 4223 381 4302 48,
408 4222 460 4288 65.
485 4245 559 4311 pag.
584 4221 667 4300 269,
693 4221 746 4288 28.
772 4222 814 4287 τά
838 4222 865 4287 δ’
889 4217 947 4286 θοα
971 4222 1047 4299 βίας
1073 4260 1114 4270 -
1140 4224 1232 4289 ἐνίοτε
1257 4224 1356 4309 ἑκάςῳ

170 4330 229 4396 τάν
260 4328 326 4409 περί
355 4329 414 4417 τάν
438 4332 573 4408 μίμαοιν
596 4329 764 4410 προθυμίαν
787 4328 995 4412 άφαιρέεται·
1027 4329 1121 4408 χωρίς
1153 4330 1269 4403 εὐνοίας
1292 4334 1357 4416 γάρ

170 4435 339 4518 άμάχανον
362 4437 591 4513 ἕξομοιυθῆναι,
619 4437 662 4501 ‘A
687 4432 811 4512 μάλιςα
835 4434 958 4500 πάντων
987 4434 1133 4516 άφανίζει
1158 4436 1192 4500 τὸ
1214 4437 1357 4521 φοβεράν.
