3340 5014
287 333 350 395 tee
774 352 975 400 urseruuturt

330 517 511 587 Habeamus
533 538 611 608 ergo
634 520 765 588 Cratero
785 529 818 588 et
841 520 977 588 Gueeiliu
1000 529 1032 589 et
1050 519 1223 589 Plutarcho
1241 521 1398 608 gratiam,
1417 522 1475 609 qui

283 624 485 692 luculentum
529 628 742 714 antiquitatis,
768 636 1013 694 monumentum
1054 627 1153 695 veluti
1190 646 1247 714 per
1282 647 1399 696 manus
1433 627 1475 695 ad

285 740 428 799 nostram
453 740 591 801 aetutem
620 741 888 821 propagaverunt.

330 943 412 1011 Sunt
436 953 545 1012 autem
571 945 604 1011 in
635 945 710 1012 ritis
742 957 769 1012 x
793 942 966 1012 Oraturum
990 944 1090 1010 etiam
1114 944 1224 1033 plura,
1256 946 1395 1032 quaein
1417 953 1474 1022 τῆς

284 1056 436 1134 Κρατεροῦ
469 1059 655 1131 συναγωγῆς
688 1050 848 1138 descripta
879 1071 950 1117 esse
973 1049 1060 1117 haud
1084 1050 1307 1138 improbabilis
1330 1052 1474 1139 suspicio

283 1167 343 1224 est.
390 1157 424 1223 ln
450 1157 514 1222 vita
539 1156 763 1223 Demosthenis
788 1178 860 1245 pag.
887 1161 963 1223 847.
988 1178 1016 1222 n.
1041 1156 1177 1242 legitur:
1207 1152 1278 1238 εἶχε
1305 1156 1337 1223 tt
1364 1157 1417 1223 nei
1444 1157 1472 1248 (ό

284 1264 492 1351 Δημοσόόνης)
516 1264 673 1348 ἀδελφὴν,
699 1262 734 1341 ἐξ
757 1261 790 1342 ἧς
815 1265 868 1329 καὶ
887 1264 1001 1347 Λάχου
1021 1262 1209 1335 Λευκονοέως
1231 1261 1342 1349 (scrib.
1357 1262 1473 1343 Λάχη-

283 1394 335 1444 τος
368 1375 423 1436 τοῦ
466 1371 650 1459 Λευκονοῶς)
684 1371 708 1457 ¹)
752 1370 936 1455 άδελφιδοῦς
979 1371 1064 1452 αὐτῷ
1108 1367 1301 1450 Δημοχάρης
1337 1367 1471 1447 ἐγένετο.

285 1476 495 1555 Demochare,
536 1478 661 1563 inquii,
691 1487 823 1544 auctore
853 1478 1005 1551 ’Λόηναῖοι
1036 1474 1155 1551 σι’τησόν
1178 1499 1214 1541 τε
1247 1476 1277 1540 ἐν
1300 1475 1473 1556 Πρυτανείῳ

283 1591 346 1658 τοῖς
378 1582 545 1663 συγγενέσι
576 1589 630 1650 τοῦ
662 1583 870 1662 Δημοσθένους
902 1580 1009 1649 ἔδοσαν
1038 1581 1090 1647 καὶ
1120 1581 1205 1662 αὐτῷ
1236 1580 1471 1656 τετελευτηκότι

284 1689 339 1764 την
362 1687 465 1756 εἰκόνα
488 1688 636 1756 άνέόεσαν
654 1690 684 1754 ὲν
707 1691 810 1774 άγορρῑ
833 1688 883 1755 ἐστὶ
904 1689 1030 1769 Γοργόου
1050 1685 1220 1769 ἄρχοντος,
1246 1685 1345 1752 idest
1365 1683 1475 1775 Olym·

285 1793 378 1882 piade
401 1794 521 1861 CXXV.
551 1803 563 1860 l
592 1814 676 1861 anuo
701 1793 761 1878 hg}
783 1815 811 1860 a.
836 1792 910 1859 Dhr.
935 1791 1139 1859 Demostheni
1171 1792 1288 1878 igitur,
1319 1789 1473 1878 quemad·

287 1900 416 1966 niodum
443 1899 594 1977 Aristidi,
621 1898 692 1987 pius
715 1920 812 1987 quum
836 1898 1047 1986 quodraginta
1070 1899 1164 1964 annis
1187 1906 1258 1985 post
1283 1905 1418 1963 mortem
1441 1903 1474 1963 et

285 2006 347 2093 ipsi
378 2015 411 2072 et
447 2007 584 2093 posteris
616 2005 752 2073 honores
784 2017 862 2072 sunt
895 2003 1008 2070 hahiti.
1056 2004 1128 2092 lpse
1159 2001 1373 2070 Demochares
1410 1999 1474 2066 mio

285 2120 417 2178 auctore
451 2120 522 2199 pust
550 2129 652 2177 annus
682 2109 793 2178 decent
825 2109 901 2178 tulit
929 2110 1065 2177 honores
1092 2108 1239 2176 eusdem:
1266 2103 1287 2190 ᾧ
1311 2107 1363 2174 καὶ
1388 2106 1473 2188 αὐτῷ

285 2219 383 2286 πάλιν
406 2218 421 2283 ό
445 2218 506 2290 uide
537 2218 654 2300 Λάχης
687 2216 892 2301 Δημοχάρους
916 2218 1100 2289 Λευκονοεὺς
1124 2218 1262 2300 ᾐτήσατο
1286 2214 1397 2295 δωρεάς
1422 2212 1472 2279 tet

285 2322 466 2406 Πυόαράτου
496 2322 643 2405 άρχουτος
670 2324 790 2408 δεκάτῳ
818 2321 920 2407 ὕςερον
950 2325 1023 2391 ἔτει.
1071 2322 1153 2387 Tum
1188 2327 1259 2407 pust
1292 2338 1395 2407 pauca
1429 2320 1474 2384 ita

286 2432 410 2518 pergit:
436 2430 490 2496 καὶ
513 2431 560 2502 ἔτι
583 2430 626 2497 τά
648 2432 850 2514 ψηφίσματα
875 2431 948 2511 ὑπὲρ
971 2427 1156 2511 άμφοτόρυν
1178 2423 1474 2506 άναγεγραμμέυα,

285 2544 319 2602 et
342 2537 374 2602 in
400 2535 463 2602 tine
485 2539 592 2624 operis
616 2538 797 2625 exemptum
822 2539 993 2622 utriusque
1031 2533 1190 2622 plebisciti
1219 2539 1382 2599 serratum
1407 2538 1475 2605 est,

284 2662 359 2710 oum
385 2642 480 2710 tertio
504 2642 723 2731 psephismate
754 2641 924 2710 stratoriis
949 2642 1096 2729 Lycurgo
1120 2639 1238 2705 oraturi
1271 2638 1415 2724 praemia
1444 2645 1476 2703 et

286 2749 422 2816 honores
454 2748 669 2816 decernentis.
724 2750 808 2817 Haeo
839 2750 947 2816 onmia
983 2749 1115 2814 Cratero
1147 2743 1305 2811 debentur
1336 2751 1477 2829 suntque

284 2854 371 2922 heetu
405 2855 593 2932 utilissima.
632 2854 685 2922 hie
719 2854 783 2922 iiiie
817 2854 969 2922 mendosa
1000 2861 1108 2919 tamen
1138 2861 1171 2916 et
1203 2851 1329 2917 lacunis
1353 2848 1475 2915 hiantia

285 2970 317 3027 et
345 2960 544 3047 negligenter
568 2960 663 3028 edita.
710 2961 746 3027 ln
768 2962 873 3049 primo
894 2959 1003 3027 editur
1018 2956 1204 3041 Τιμοχάρης
1224 2955 1376 3038 Λάχητος
1397 2966 1476 3023 Λευ·

285 3066 404 3142 κονοεός
428 3088 485 3154 pro
517 3068 709 3150 Δημοχάρης
740 3070 827 3155 turpi
859 3085 978 3133 errore.
1027 3066 1063 3131 iu
1094 3062 1237 3131 seeundo
1261 3060 1474 3150 supplendum

285 3172 432 3257 εὖεργότη
455 3174 507 3238 καὶ
532 3174 699 3258 συμβούλῳ
722 3173 866 3254 γεγονότι
889 3178 1051 3239 πολλῶν
1074 3171 1142 3235 καὶ
1169 3175 1302 3236 καλῶν
1324 3170 1367 3250 τῷ
1391 3166 1477 3247 δάμῳ

285 3282 328 3363 τῷ
351 3281 526 3357 Ἀθηναίων.
574 3279 756 3347 Notandum
783 3288 833 3347 est
859 3278 986 3346 dicendi
1010 3295 1113 3363 genus
1146 3276 1178 3342 in
1213 3275 1385 3362 proximis:
1413 3274 1477 3339 άνό

285 3383 324 3453 ὧν
347 3387 490 3467 ἐξέπεσεν
506 3387 563 3453 ert
587 3393 645 3454 τῶν
668 3386 913 3454 καταλυσάντων
937 3385 990 3451 τόν
1009 3385 1122 3463 δῆμον·
1147 3381 1199 3448 καὶ
1223 3384 1262 3455 ὡς
1283 3382 1477 3456 κατῆλόεν

285 3492 337 3559 ἐπὶ
362 3493 525 3567 Διοκλέους
549 3491 697 3576 ἄρχοντος
722 3494 791 3561 dard
814 3497 883 3559 τοῦ
907 3493 1036 3571 δήμου
1059 3489 1240 3560 συςεόλαντι
1259 3489 1315 3564 την
1335 3486 1476 3562 όιοόκησιν

285 3601 351 3667 me
400 3601 454 3667 sie
476 3601 615 3671 άττιιιιςό
639 3599 762 3667 dieitur
785 3601 923 3668 ἱκτεσεῑν
948 3597 1008 3664 ὑπό
1030 3620 1109 3669 τινος
1131 3604 1165 3661 et
1185 3593 1245 3662 ὑτό
1263 3616 1341 3666 τινος
1361 3605 1476 3658 κατελ·

287 3708 357 3774 irio.
407 3706 532 3774 Turhas
552 3705 628 3773 dare
650 3706 729 3774 solet
751 3707 784 3773 in
804 3705 853 3772 his
877 3723 986 3771 socors
1005 3701 1186 3769 scribarum
1204 3701 1311 3778 natio,
1334 3698 1375 3767 ei.
1393 3717 1477 3785 quae

285 3813 326 3880 de
348 3815 390 3880 iis
421 3814 612 3901 scripsimus
642 3814 674 3879 in
710 3812 782 3879 Ver.
817 3811 916 3878 Leett.
950 3831 981 3897 p.
1006 3814 1059 3877 ὃὸ.
1106 3805 1207 3873 ΜυΙῑο
1236 3806 1398 3891 integrius
1427 3812 1477 3870 est

287 3919 458 3988 Stratoclis
491 3917 674 4006 psephisma
706 3918 745 3985 de
775 3918 924 4007 Lycurgo
955 3925 1097 3981 oratore:
1137 3913 1211 3980 ’Eri
1236 3909 1476 3994 ’λναξιιιράτους

286 4024 434 4107 ἄρχοντος
458 4024 600 4115 (Diymp.
633 4023 770 4091 CXVilI.
796 4027 830 4110 2)
865 4023 916 4090 dari
947 4029 1003 4097 τῆς
1027 4021 1217 4102 ’Δυσιογςόδος
1242 4015 1333 4094 ἕκτης
1355 4041 1477 4100 τρυτα·

286 4132 369 4206 νεόοις
396 4139 596 4214 Στρατοκλῆς
626 4131 806 4211 Εὐθυδήμου
835 4129 996 4210 Διομειεὺς
1028 4123 1124 4195 εἶπεν.
1171 4126 1220 4193 Ex
1250 4124 1385 4213 reliquis
1409 4122 1479 4191 leve

325 4328 349 4389 t)
371 4325 429 4376 Duo
448 4323 532 4391 δῆμοι
548 4327 574 4377 in
592 4327 680 4379 Attica
692 4316 759 4377 Οἷοε
772 4326 961 4391 appellabuntur
978 4340 993 4374 κ
1006 4322 1142 4375 solitudine
1156 4328 1181 4372 ut
1193 4321 1310 4372 restitute
1326 4319 1375 4370 lori
1385 4331 1478 4368 nomen

286 4409 406 4462 hebentes
424 4410 456 4458 τό
473 4409 649 4478 Κεραμεικὸν
665 4400 731 4460 Odor
754 4418 780 4461 et
803 4409 835 4457 τὸ
853 4405 1021 4457 Δεκελεικὸν
1045 4394 1119 4454 Odor.
1149 4404 1264 4454 Tertium
1281 4411 1319 4451 est
1335 4415 1429 4451 nomen
1447 4399 1479 4446 τὸ

287 4492 397 4544 Λευκιόν
414 4483 495 4561 Odor,
510 4496 578 4545 unde
594 4491 781 4559 Λευκονοεύς,
799 4489 974 4557 Λευκουυῖυς,
991 4487 1143 4538 Λευκονοεῖ.
