3388 5010
505 1006 798 1101 LUCILIANA
820 1007 885 1100 ΕΤ
911 1005 1196 1101 LUOIANEA.

700 1278 990 1349 ...ρρ-

297 1549 459 1620 dormianus
478 1550 652 1621 Muellerus
671 1573 747 1621 cum
767 1555 802 1620 in
822 1551 958 1621 historia
979 1552 1171 1644 philologiae
1190 1552 1443 1623 Nederlandicae

249 1662 283 1725 a⁰
310 1662 395 1726 1869
419 1660 480 1727 sibi
504 1658 677 1727 dicendum
703 1644 851 1748 puldret,
878 1661 1040 1728 neorinem
1065 1682 1152 1729 nunc
1174 1661 1207 1728 iu
1229 1660 1291 1727 boo
1312 1661 1444 1748 regione

249 1772 377 1833 exstare
408 1751 617 1856 probabiliter
648 1764 760 1833 batiae
790 1767 952 1854 peritum,
982 1787 1033 1834 me
1057 1766 1096 1835 ad
1122 1767 1331 1835 scribendum
1355 1767 1444 1835 exci-

252 1871 354 1952 tarit,
379 1882 416 1938 ut
440 1892 522 1960 quae
545 1871 745 1960 aliquamdiu
770 1874 802 1938 in
816 1873 947 1941 scriniis
965 1875 1107 1961 reposita
1128 1872 1277 1941 haberem
1298 1873 1339 1941 ad
1357 1893 1443 1940 com·

251 1997 383 2045 munem
409 1979 557 2045 notitiam
582 1977 763 2066 proderem.
810 1979 851 2046 dt
883 2000 959 2046 cunr
981 1979 1093 2068 pedem
1116 1979 1298 2047 intulissem
1320 1981 1352 2046 in
1369 1999 1441 2047 eam

251 2085 433 2171 regionem,
465 2104 561 2171 quarn
596 2086 665 2172 ipse
693 2084 871 2172 possedisse
895 2086 982 2152 solus
1006 2085 1066 2153 sibi
1093 2085 1264 2154 ridebatur
1287 2094 1320 2155 et
1348 2106 1443 2154 nemo

250 2190 352 2279 ipsius
383 2189 513 2277 quidem
550 2190 671 2257 indicio
706 2191 824 2259 melius
858 2191 1072 2270 elaborasset,
1097 2193 1202 2280 palam
1229 2192 1383 2259 indicavit
1407 2193 1440 2259 in

251 2296 412 2363 Tetrbrreri
437 2295 557 2364 Notitia
581 2294 738 2367 librorum
763 2296 804 2363 ad
827 2297 1001 2365 editionem
1024 2309 1209 2386 paratorum
1225 2299 1345 2389 (blensc
1359 2298 1442 2365 llaio

250 2422 279 2468 a.
315 2402 414 2493 1869)
450 2401 511 2469 sibi
536 2401 709 2469 consilium
733 2423 803 2470 esse
827 2402 942 2471 edendi
966 2403 1143 2483 Lucilium,
1168 2404 1208 2472 ad
1232 2405 1327 2473 cuius
1350 2405 1443 2473 deca·

249 2506 322 2576 dem
347 2510 485 2598 primam
512 2518 580 2576 tum
606 2510 815 2578 coniectanea
839 2509 995 2597 quaedam
1020 2510 1060 2577 ad
1087 2508 1294 2578 Academiam
1317 2510 1442 2578 liootri·

249 2633 365 2681 narum
390 2611 658 2682 Nedcalandicam
682 2615 844 2682 missurus
864 2636 951 2683 eram
975 2616 1119 2706 (accepta
1139 2625 1215 2683 stunt
1235 2617 1268 2683 in
1289 2635 1444 2684 consessu

251 2740 294 2789 m.
319 2718 443 2810 lunio).
492 2718 677 2788 Absterruit
701 2741 752 2787 nre
777 2740 795 2787 a
828 2723 990 2811 proposito
1014 2723 1159 2788 omnium
1186 2721 1441 2808 fragmentorum

249 2825 445 2894 edendorum
469 2846 531 2893 non
558 2837 623 2893 tom
649 2827 793 2893 bluelleri
818 2845 950 2905 nomen,
971 2846 1143 2913 quomunc
1163 2825 1387 2914 illegloriatur
1401 2828 1442 2915 ¹),

250 2952 346 3021 quarn
378 2931 565 3020 bibliopolae
595 2932 681 2999 inter
712 2932 855 3000 aemulos
880 2932 1098 3022 typographos
1122 2934 1333 3009 existimarim
1357 2931 1441 3000 duae

251 3045 286 3104 ut
312 3037 478 3125 prodirent
503 3036 600 3104 simul
628 3036 786 3105 editiones
806 3058 865 3104 uec
887 3037 919 3104 di
940 3058 997 3106 nec
1018 3038 1165 3106 homines
1184 3059 1242 3107 nec
1255 3058 1443 3106 concessere

249 3142 428 3211 columnae.
476 3143 611 3211 Interim
645 3142 731 3210 nullo
764 3163 862 3211 causa
893 3164 963 3212 asse
988 3143 1175 3222 ridebatur,
1213 3147 1290 3234 quin
1317 3153 1440 3233 partem

192 3281 196 3285 ’
249 3257 337 3315 certe
356 3268 490 3323 eorum,
510 3269 592 3337 quae
617 3260 728 3338 parata
749 3247 922 3327 habebam,
944 3249 1062 3338 publici
1082 3251 1165 3318 iuris
1187 3250 1338 3319 iacerem.
1363 3251 1441 3318 ilon-

248 3363 359 3422 socuta
392 3355 494 3441 igitur
524 3364 600 3422 sunt
632 3355 844 3423 Coniectauea
877 3355 916 3423 ad
942 3355 1094 3425 decadem
1119 3358 1294 3424 secundam
1319 3365 1352 3425 et
1373 3365 1442 3426 ter·

249 3462 349 3541 tiam,
375 3461 493 3548 quibus
516 3460 543 3527 si
568 3460 664 3529 vellet
687 3461 727 3528 bl.
752 3468 911 3531 aleretur.
936 3463 1046 3541 Nunc,
1070 3463 1210 3552 amplius
1231 3464 1442 3532 tribosannis

247 3577 319 3657 post
350 3566 468 3656 prodiit
498 3563 620 3633 dudum
647 3568 805 3655 promissa
828 3569 937 3637 aditio.
985 3570 1022 3637 lo
1048 3589 1111 3658 qna
1137 3589 1352 3657 magnacum
1379 3570 1442 3636 mei

248 3673 450 3761 aliorumque
476 3672 632 3740 brearcnu
652 3674 678 3761 ²)
711 3676 1039 3765 puta,blanr1ou⁸),
1063 3676 1226 3754 Gonssrm,
1252 3676 1309 3743 Ta.
1334 3676 1441 3744 blosiu-

282 3914 307 3977 1)
332 3910 531 3977 Mittbednngen
556 3927 607 3965 ron
628 3913 748 3966 Teubner
767 3917 830 3966 1872
847 3914 897 3967 Ν·.
915 3921 931 3966 4
948 3929 973 3981 p.
991 3921 1039 3968 ᾔει
1056 3916 1102 3967 der
1118 3915 1225 3967 Untera.
1243 3915 1287 3982 (L.
1305 3917 1355 3985 Μ.)
1371 3918 1442 3972 batte

245 3994 357 4045 rich-mit
371 3996 416 4047 der
432 3994 568 4062 Hoffnong
583 3996 791 4062 geeobmeiebele,
810 4010 837 4048 er
853 3999 958 4049 worden
975 3997 1044 4059 bier,
1060 3999 1110 4051 wie
1125 3999 1194 4051 beim
1206 3998 1336 4064 Lucilius,
1353 4002 1441 4055 ander-

246 4076 346 4142 rreitlge
363 4076 552 4130 Concurrenten
569 4077 616 4129 aul
628 4079 774 4130 demaelben
792 4077 882 4131 Gabiat
898 4080 1085 4131 narticlrtreten.

280 4163 308 4225 2)
326 4159 358 4209 P.
368 4159 466 4211 XXX:
485 4160 611 4226 eingeone
626 4160 768 4227 [profiteor]
785 4170 880 4213 nouem
897 4163 978 4214 molto
994 4163 1076 4228 magia
1092 4177 1170 4229 qnam
1185 4164 1285 4217 criticos
1300 4180 1360 4218 orae
1378 4166 1441 4219 Hol-

246 4242 324 4292 actiae
340 4242 414 4292 nobis
430 4240 558 4307 probarl.”

274 4326 307 4391 u)
325 4323 356 4373 P.
375 4322 488 4376 XXX1:
507 4324 590 4390 equod
607 4323 682 4389 [dnae
698 4324 777 4377 bonae
792 4325 917 4392 Madvigii
932 4327 1119 4379 emendationes
1135 4342 1151 4379 a
1165 4328 1238 4380 noble
1252 4334 1440 4400 aocoptmeoae]

246 4419 277 4457 ao
296 4405 406 4471 gratiore
422 4406 508 4457 animo
530 4406 661 4472 profiteor,
678 4421 729 4471 quo
745 4408 867 4459 molerem
885 4417 1014 4474 poetarum
1030 4409 1178 4463 Latinorum
1195 4410 1348 4479 imperitiam
1364 4414 1441 4470 etiam

245 4486 294 4539 boc
310 4487 475 4542 novissimum
492 4488 541 4541 riri
556 4488 714 4545 celeberrimi
729 4489 840 4542 declarat
856 4490 946 4561 opno.”
