3254 5034
261 343 305 409 to
756 361 956 409 uicesimum

307 527 422 618 Odyss.
448 541 489 597 ο.
516 534 594 597 577.

440 643 499 702 τῶν
523 633 645 720 ἔῷαρύν
667 638 697 701 τ’
720 634 803 702 ἔτιύν
825 635 936 702 τεκαὶ
962 636 1114 703 αἰδοίοισιν
1137 633 1245 701 ἔδωκα,

309 738 479 808 Scholion:
511 740 587 808 ούτισ
614 741 684 816 τοὺς
708 742 814 816 ίκίτας
848 741 975 822 ἔλεγον.
1007 743 1084 815 τινὲς
1116 743 1147 808 δὲ
1169 750 1226 817 τῆς
1252 737 1450 824 Ἀφροδίτην.

263 846 391 912 Excidit
417 848 627 934 praepositio:
656 848 735 921 τινὲς
760 848 791 913 δὲ
823 848 873 913 ἐπὶ
900 857 956 925 τῆς
981 848 1175 930 Ἀφροδίτης.
1224 845 1381 912 Usitatius
1405 844 1452 909 di·

263 952 362 1020 risset
386 954 535 1040 quisquis
564 963 613 1020 est
644 954 694 1019 lul
725 960 784 1020 τῶν
808 954 1002 1038 ἀφροδισίων.
1050 951 1237 1019 Ollemlelmt
1269 949 1452 1018 lastidiosas

262 1057 441 1124 aulicorum
466 1077 562 1125 aures
589 1061 722 1147 antiqua
753 1069 785 1127 et
816 1062 1003 1141 εύύυρριὶριυν
1032 1060 1134 1125 oratio
1157 1058 1309 1126 αἰδοίοισιν
1332 1056 1450 1133 ἔδωκα,

264 1171 300 1229 ut
323 1163 407 1250 apud
430 1163 636 1230 Sallustium:
660 1168 846 1252 quicumque
864 1186 977 1244 ιιιοιοοι,
1002 1174 1127 1244 ουσιαι,
1149 1187 1229 1253 peue
1253 1164 1330 1230 ύοιιο
1347 1162 1453 1250 patrio

263 1270 466 1336 laceraverat.
514 1271 626 1357 ltaque
660 1272 835 1337 commenti
868 1279 944 1337 sunt
971 1268 1092 1358 aliquid
1118 1269 1342 1355 grammatici,
1375 1265 1451 1335 ούσυ

262 1376 333 1448 τοὺς
356 1374 500 1449 ἱκέτας
524 1375 652 1454 ἔλεγον,
687 1376 770 1462 qood
801 1396 899 1464 qoam
924 1377 1138 1462 incongruum
1169 1377 1212 1442 sit
1242 1375 1341 1442 viles.
1389 1372 1451 1440 Alii

264 1489 400 1547 naturae
430 1500 588 1547 memores
620 1501 687 1547 rem
713 1501 770 1548 suo
803 1480 956 1549 vocabulo
987 1480 1247 1569 appellaverunt,
1280 1489 1317 1547 ot
1345 1478 1453 1547 Alexis

263 1585 350 1673 apud
376 1585 583 1652 Plutarchum
607 1587 644 1653 de
667 1587 738 1653 ουύ.
761 1595 843 1675 poet.
869 1607 900 1673 p.
925 1589 962 1650 71
993 1609 1020 1652 ιι.

376 1693 412 1759 τί
433 1701 533 1770 rien,
558 1693 593 1758 rt
616 1700 737 1775 φαγεῖν
749 1743 758 1773 ,
782 1693 818 1759 τὸ
841 1702 898 1770 τῆς
922 1692 1105 1776 Ἀφροδίτης
1129 1690 1319 1773 τυγχάνειν,

376 1800 419 1865 τα
441 1799 467 1864 δ’
491 1797 581 1864 ἄλλα
604 1799 775 1880 τροσύηκας
798 1795 931 1866 σ’ίταντα
950 1800 1012 1880 χρη
1036 1805 1155 1864 καλεῖν.

310 2007 357 2073 tu
384 2006 499 2096 Odyss.
526 2018 567 2076 0.
594 2012 670 2075 457.

444 2112 526 2196 tque
548 2112 597 2199 ίδη
620 2112 735 2196 πατρίς
760 2113 812 2180 καί
836 2113 966 2197 μητέρος
990 2115 1143 2199 ὑψερεφὲς
1167 2114 1226 2181 δῶ.

265 2217 429 2306 profertur
464 2218 644 2307 scripturae
679 2219 896 2306 discrepantia
930 2245 979 2303 γρ.
1016 2219 1086 2305 ὄφρ’
1120 2219 1213 2303 slepe.
1271 2214 1454 2284 llindorlios

268 2324 383 2390 »voluit
402 2325 518 2409 slepe?
553 2323 621 2390 Non
644 2323 774 2411 opinor,
799 2324 854 2393 sed
873 2324 954 2409 ίφρα
977 2325 1063 2409 tupi,
1089 2325 1174 2413 quod
1198 2324 1347 2413 vulgatae
1363 2343 1453 2412 prae·

266 2430 407 2497 tulerim.

310 2642 345 2708 ln
371 2640 499 2710 Scholio
521 2640 561 2708 ad
587 2639 701 2731 θύνει.
725 2654 764 2710 Π.
793 2648 832 2709 15
857 2644 1050 2730 praepositio
1075 2650 1107 2710 et
1132 2642 1213 2709 male
1237 2641 1380 2710 abundat
1404 2652 1454 2719 et,

266 2748 320 2814 ubi
347 2748 527 2814 necessaria
551 2757 618 2826 est,
643 2749 750 2835 periit.
799 2748 931 2815 Editur:
963 2750 1015 2817 καί
1048 2751 1073 2816 cl
1098 2749 1185 2824 κύνει
1216 2752 1351 2816 σαίνουσι
1381 2747 1454 2830 τρίς

265 2853 358 2919 αύτίν
390 2855 429 2927 ete
457 2852 496 2919 αν
525 2855 657 2932 συνήύιις
688 2855 810 2936 δρῶντες
843 2852 875 2921 οἵ
897 2880 932 2921 τε
962 2864 1112 2936 ρανητῆρες
1144 2854 1328 2922 πλεύσαντα
1361 2855 1455 2921 αύτίν

264 2956 376 3025 οίονται
400 2959 467 3040 περί
492 2961 562 3034 τοὺς
581 2960 695 3042 ἀγρούς
716 2957 805 3028 είναι.
853 2962 1069 3029 scribendum
1092 2961 1244 3029 σαίνουσιν
1268 2959 1361 3027 αύτίν
1383 2961 1454 3026 sine

267 3065 515 3151 praepositione,
549 3084 621 3131 nam
655 3085 752 3133 canes
785 3077 820 3135 ot
853 3069 998 3135 ὑλακτεῖν
1027 3090 1098 3134 τινα
1121 3069 1168 3133 sic
1192 3075 1223 3132 et
1247 3067 1361 3133 σαίνειν
1383 3065 1454 3132 τινιί

266 3169 437 3246 dicuntur,
478 3179 515 3237 ut
546 3171 653 3237 omnia
684 3192 767 3259 quae
799 3172 901 3240 cauda
934 3173 1119 3240 adnitantur.
1168 3172 1338 3260 Sophocles
1369 3170 1455 3260 apurl

265 3274 382 3345 Athen.
412 3277 476 3344 vtl.
502 3297 533 3364 p.
560 3281 625 3344 277
651 3277 684 3343 Β.

534 3385 623 3465 χορὸς
644 3384 671 3448 t’
693 3384 831 3451 ύναύδιον
854 3385 967 3467 ίχύύυν
990 3384 1138 3466 irruptae

536 3488 691 3565 σαίνοντες
713 3490 854 3573 οὐραίοισι
877 3491 933 3566 την
956 3490 1155 3572 κεκτημένην.

312 3593 428 3659 Contra
459 3594 552 3680 periit
584 3597 778 3684 praepositio
812 3598 845 3663 in
870 3617 938 3684 sqq.
973 3598 1026 3663 ubi
1055 3594 1326 3665 καταπλεύσαντα
1349 3593 1455 3682 legen·

267 3697 345 3765 dum
368 3719 427 3786 pro
450 3699 644 3769 πλεύσαντα.

313 3908 412 3976 Solita
437 3909 542 4000 ellipsi
562 3910 672 3979 erlitur
693 3912 732 3979 ad
752 3910 867 4002 Odyss.
890 3923 930 3980 Π.
952 3920 1007 3981 tr.
1032 3912 1079 3982 ίσι
1099 3919 1149 3981 νῦν
1172 3914 1257 3996 ictuc
1281 3911 1398 3995 είρηται
1414 3950 1453 3961 -

268 4014 354 4081 κατιὶ
375 4014 408 4081 δὲ
440 4020 496 4094 την
518 4019 638 4101 τρύτην
661 4022 722 4102 οὐχ
741 4021 851 4099 ύριῶς,
889 4040 945 4107 pro
968 4022 994 4086 οί
1016 4021 1169 4103 ύςερίσκοι
1193 4015 1239 4085 ύτι
1262 4020 1327 4087 uri.
1375 4018 1455 4104 Sop-

268 4122 374 4209 pletur
397 4121 517 4209 ellipsis
542 4124 597 4191 sed
621 4146 696 4192 cum
717 4127 897 4214 scripturae
918 4127 997 4192 uitio
1021 4125 1060 4193 ad
1079 4124 1192 4215 odyss.
1215 4136 1248 4195 e.
1278 4129 1357 4192 too:
1382 4126 1457 4193 ατε-

267 4226 365 4308 ρίσκος
401 4228 580 4310 τρύσκειται
614 4229 689 4314 ἄχρι
724 4232 821 4313 elxam
851 4239 953 4315 τριῶν,
999 4252 1072 4297 nam
1107 4232 1286 4317 requiritur
1322 4228 1456 4318 pluralis

267 4333 420 4413 ιὶτερίσκοι
443 4335 650 4418 τρίσκεινται.
699 4337 761 4420 Qui
786 4338 878 4406 nobis
903 4348 977 4405 nota
1002 4337 1079 4404 lecit
1103 4346 1134 4404 ol
1159 4336 1315 4424 explicuit
1337 4339 1381 4403 τοὶ
1402 4340 1456 4402 τοῦ

268 4439 454 4522 ’Λριτύρχου
484 4450 602 4524 σημεῖα
630 4443 852 4523 Aristonicus,
885 4464 959 4512 eum
993 4445 1099 4531 ipsum
1132 4444 1165 4510 in
1190 4442 1250 4509 hac
1282 4462 1316 4509 re
1341 4449 1456 4510 testem
