3340 5014
275 338 336 401 158
765 335 965 401 nasciturum

316 522 488 591 Caeterum
530 522 610 589 nihil
641 531 690 589 est
723 531 788 588 tarn
821 520 997 588 absurdum
1029 521 1107 607 quin
1138 519 1288 588 credulas
1316 522 1461 591 inveniat

270 648 365 695 aures
390 628 416 693 si
441 626 517 713 qnid
553 648 670 712 magno
701 637 733 694 et
756 628 878 715 potenti
908 628 978 691 viro
1003 624 1086 711 qood
1112 636 1206 713 turpe
1229 628 1272 692 sit
1297 627 1458 695 obiicitur.

271 732 455 800 Heraclides
481 733 632 799 Ponticus
656 734 787 819 scripsit
809 732 1052 813 conspirarint
1077 732 1253 811 Ὀλύμπιος
1274 735 1460 813 ἀπήλλαξεν

269 842 304 927 ἐκ
325 847 380 914 τῆς
404 838 500 911 οίκίας
524 840 579 914 τὴν
602 847 739 919 γυναῖκα
763 838 816 903 καί
839 837 890 902 τὸν
911 840 979 916 μεθ’
996 839 1100 915 ἡδονῆς
1121 837 1190 915 βίον
1209 839 1366 920 προείλετο
1389 838 1458 923 ᾤκει

269 970 304 1011 τε
327 946 400 1024 μετ’
432 945 611 1018 Ἀσπασίας
642 955 697 1022 τῆς
726 946 759 1011 έκ
788 944 943 1026 Μεγάρων
968 945 1092 1023 ἑταίρας
1123 945 1234 1010 καὶτὸ
1266 947 1345 1012 πολὺ
1369 947 1457 1028 μέρος

268 1058 324 1126 τῆς
347 1051 451 1124 οὐσίας
477 1052 520 1125 είς
541 1050 660 1127 ταύτην
683 1050 915 1117 κατανοίλωσεν.
963 1049 1027 1116 Nae
1051 1048 1103 1115 itte
1128 1048 1221 1115 horno
1242 1051 1340 1137 probe
1365 1072 1456 1118 nore·

270 1165 322 1223 rat
346 1155 479 1222 Periclis
500 1155 638 1223 indolem
662 1166 695 1223 et
719 1176 840 1233 mores,
865 1157 921 1241 qrri
946 1156 1074 1221 istosin
1096 1157 1275 1242 scripserit.
1312 1157 1458 1244 Arripuit

274 1262 352 1327 hacc
378 1260 560 1327 Athenaeus
593 1282 623 1341 p.
643 1267 720 1327 535.
747 1272 789 1336 c,
822 1280 885 1345 quo
909 1280 1002 1326 nemo
1022 1269 1091 1326 erat
1117 1262 1148 1325 iu
1170 1262 1264 1327 terris
1285 1260 1458 1329 homorna·

271 1367 478 1444 ledicentior,
502 1368 557 1453 ‹pni
584 1368 701 1432 iterum
729 1388 758 1451 p.
780 1369 855 1432 589.
883 1365 918 1431 ll.
944 1364 1043 1431 multa
1071 1366 1228 1452 flagitiosa
1250 1368 1280 1432 in
1303 1368 1458 1435 Periclem

271 1475 477 1560 conquisivit.
509 1472 543 1549 ἦν
575 1473 600 1538 δ’
631 1470 716 1545 οὗτος
746 1472 819 1553 οὶνέρρ
850 1475 922 1552 πρὸς
954 1458 1117 1554 ἀφροδίσια
1152 1470 1226 1561 (leg.
1258 1474 1457 1562 τάφροδίσια)

271 1579 354 1645 τοίνν
378 1580 577 1661 καταφερής,
600 1575 663 1652 ὅτις
687 1578 739 1642 καὶ
764 1588 802 1662 τῇ
822 1579 959 1643 unicolori
981 1578 1106 1658 yvonis}
1129 1586 1239 1659 συνῆν,
1263 1588 1295 1645 et
1316 1600 1354 1646 ne
1377 1578 1459 1646 forte

272 1682 399 1750 dubites
423 1682 529 1750 addit:
553 1686 592 1757 ύς
616 1684 848 1764 Στησίμβροτος
869 1685 883 1750 ί
908 1682 1022 1757 Θοίσιος
1041 1685 1134 1765 ίτορεῖ
1150 1685 1235 1751 κατίο
1256 1686 1326 1758 τοὺς
1348 1685 1459 1757 αύτούς

272 1791 357 1870 αὐτῷ
381 1787 506 1870 χρύνονς
530 1789 692 1867 μενίμενος
716 1789 768 1854 καί
794 1789 922 1869 ἑορακὼς
946 1788 1050 1855 αὐτόν.
1098 1789 1183 1874 Ergo
1205 1810 1258 1857 res
1280 1800 1369 1857 certa
1394 1800 1460 1868 est,

273 1914 346 1959 narn
371 1894 521 1980 aequales
546 1894 677 1959 inentiri
709 1905 739 1960 et
770 1892 848 1960 falsa
881 1895 1018 1959 erimina
1050 1895 1253 1962 comminisci
1276 1914 1313 1962 ex
1338 1895 1460 1963 invidia

272 2007 305 2066 et
331 1998 405 2063 odio
431 2018 491 2065 non
518 1998 631 2064 solent.
667 1998 791 2064 Nostin'
815 2019 876 2066 cur
898 2000 1060 2066 Cimonem
1085 1998 1223 2067 Pericles
1242 2000 1281 2067 alr
1298 2001 1393 2068 exilio
1413 2022 1461 2068 re·

275 2104 455 2171 vocaverit?
493 2105 561 2171 Nou
595 2104 726 2171 erubuit
757 2104 941 2171 Athenaeus
972 2105 1114 2172 scribere
1145 2105 1165 2171 l.
1188 2105 1210 2173 l.
1236 2107 1462 2188 prolivitatis

272 2219 327 2288 τῆς
351 2215 405 2276 τοῦ
434 2210 570 2289 Κίμωνος
603 2211 728 2279 καίύδον
761 2212 774 2276 ί
805 2188 957 2294 Περιιίλνῑς
979 2211 1015 2276 τύ
1038 2220 1078 2295 τῇ
1105 2213 1267 2294 Ἐλπινίκῃ
1288 2213 1459 2296 μιχθῆναι,

273 2316 327 2382 sed
358 2315 390 2381 lri
424 2337 536 2383 ornnes
570 2324 666 2384 testes
698 2316 789 2383 nihili
823 2327 880 2383 aot
912 2317 1047 2403 improbi
1080 2325 1136 2385 aut
1167 2317 1258 2383 stulti
1285 2337 1361 2383 oum
1394 2322 1463 2384 suis

273 2421 451 2488 mendaciis
476 2421 644 2489 incessant.

317 2664 445 2731 Excidit
470 2665 663 2752 praepositio
686 2669 834 2752 captiti.
860 2665 1052 2739 πλεύσαντος
1080 2664 1144 2746 γαρ
1174 2666 1270 2731 αὐτοῦ
1304 2663 1461 2737 Μέλισσος

270 2773 285 2836 ὃ
308 2770 652 2851 Ἰθαγένους-ἔσεισε
674 2773 745 2844 τοὺς
768 2771 900 2844 πολίτας
924 2771 1078 2837 έτιύέσύαι
1097 2779 1161 2843 τοῖς
1181 2771 1362 2848 Ἀθηναίοις.
1397 2771 1462 2838 lde·

273 2876 368 2942 lissus
391 2877 557 2944 occasione
583 2897 659 2943 usus
682 2884 732 2943 est
756 2897 857 2963 quum
882 2876 1022 2943 Pericles
1042 2896 1117 2942 cum
1140 2877 1308 2963 sexaginta
1329 2876 1463 2944 navibus

273 2981 335 3047 alio
367 2980 511 3048 abiisset.
561 2982 674 3069 ltaque
706 3003 764 3070 pru
796 2983 989 3054 πλεύσαντος
1018 2981 1246 3069 corrigendum
1276 2983 1464 3051 λΠΟπλού·

273 3110 398 3160 σαντος.

320 3327 366 3395 [tx
392 3329 497 3395 verbis
522 3328 684 3396 Plutarchi
708 3351 781 3417 cap.
808 3335 861 3397 td.
888 3331 955 3411 rat
979 3329 1123 3410 σύμαινα
1146 3335 1221 3405 ναῦς
1241 3331 1302 3400 ἕσιν
1321 3331 1464 3417 ύύπριρρος

273 3434 330 3514 μέν
364 3434 398 3499 τὸ
434 3434 563 3514 σίμωμα
598 3438 754 3519 κοιλοτέρα
785 3439 817 3504 δὲ
847 3438 900 3503 καὶ
934 3439 1133 3518 γαςροειδιίς,
1164 3435 1385 3504 atttendaudus
1415 3447 1464 3504 est

274 3540 363 3606 locus
387 3540 524 3607 Suidae:
559 3542 677 3622 Σοίμκ
702 3541 780 3619 εἶδος
805 3543 955 3617 ποίύονς
980 3549 1165 3622 Σαμιακοῦ,
1191 3544 1255 3609 imo
1280 3563 1367 3610 vero:
1401 3544 1464 3611 Σοί·

273 3640 472 3725 peronellae
496 3658 664 3715 ΠΛΟΙΟΤ
690 3654 875 3730 Σαμιακοῦ,
901 3658 937 3715 ut
961 3648 1045 3735 apud
1072 3648 1221 3715 Pltuliutn
1247 3669 1276 3716 r.
1302 3651 1464 3729 Σαμιαιιύν

273 3751 391 3833 τρίπον.
416 3789 457 3802 «-
491 3753 538 3819 ὑσὶ
572 3755 635 3836 γαρ
667 3756 814 3838 ἐμφερεῖς
845 3752 915 3837 εἶχε
946 3755 1006 3827 τὰς
1037 3752 1157 3837 πρῴρας
1189 3754 1233 3820 τοὶ
1255 3762 1313 3820 τῶν
1338 3758 1466 3835 Σαμίων

274 3865 419 3937 πλοῖα,
442 3867 473 3925 et
499 3858 633 3926 Snidam
658 3861 841 3951 orzanlon
859 3862 873 3927 ύ
892 3860 1199 3940 δῆμος-σάμαινα
1222 3857 1241 3927 ύ
1260 3861 1305 3931 έτι
1329 3869 1465 3929 πλοῖον

274 3964 417 4046 δίκροτον.
466 3965 603 4033 Confusa
628 3976 705 4033 sunt
728 3966 767 4034 de
792 3987 881 4034 mure
901 3976 963 4033 ΛΟ
988 3975 1018 4033 et
1044 3976 1114 4032 ΛΘ.

322 4205 359 4273 ln
385 4205 446 4274 line
473 4209 589 4293 eapitis
621 4209 845 4299 Aristophanis
878 4205 1059 4277 versiculus
1082 4207 1168 4274 inter
1190 4205 1271 4274 duos
1295 4205 1464 4273 interlocu-

278 4319 364 4380 tores
387 4312 580 4381 dirideudus
604 4324 653 4381 est
677 4317 740 4383 sic:

413 4428 454 4486 Α.
488 4419 616 4500 Σαμίων
640 4422 653 4485 ὃ
679 4419 772 4498 δῆμύς
797 4422 870 4490 ἕσιν.
902 4432 936 4486 Β.
959 4423 998 4493 ὥς
1023 4420 1306 4505 πολυγράμματος.
