3388 5010
604 366 758 413 erroreum
781 366 818 413 er
841 367 994 414 tuerent.
1329 349 1390 413 etr

205 526 268 596 snt
299 527 374 597 iibri
401 532 483 601 Non,
508 538 585 601 206.
611 541 654 602 25
680 533 812 602 habent:
837 536 1011 625 dirimentur
1035 533 1119 601 eneis
1145 534 1263 621 (nereis
1285 531 1332 610 G,
1360 531 1396 601 L.

206 655 249 701 m.
279 641 318 717 ἰ,
352 636 438 706 itari.
471 660 512 706 m.
544 645 583 715 2;
612 642 657 706 oio
685 640 772 706 Harl.
798 662 840 709 m.
870 644 912 731 1.)
938 652 1029 729 nique
1053 640 1168 709 nenos.
1217 639 1266 706 Gi.
1294 638 1397 705 Ptaut.

206 741 297 809 Trin.
331 749 413 812 tuo:
447 744 644 813 »fulmentas
676 747 802 813 iubeam
835 748 988 837 suppingi
1020 746 1159 813 sooois”.
1207 744 1257 812 ld.
1282 742 1397 810 Baeotr.

206 850 288 914 aaa:
326 850 445 936 nguine
481 872 562 918 auro
595 853 698 919 soeois
736 852 853 920 habent
886 862 1079 942 suppactum
1116 850 1256 918 sotum”.
1317 849 1398 914 Ptin.

206 951 354 1021 xxxttt.
390 960 449 1022 14:
484 960 617 1026 naumis
647 959 748 1025 eteris
768 959 920 1048 suffigere
940 957 1121 1046 crepidas”.
1170 954 1397 1026 Gasautrouuo:

205 1059 386 1127 rubeudere.
435 1062 536 1129 Loeus
559 1064 750 1144 tenuamus,
775 1066 831 1135 sed
853 1087 915 1132 non
938 1065 977 1132 de
997 1084 1072 1131 sene
1094 1083 1201 1131 sermo
1219 1071 1279 1131 est.
1307 1061 1398 1129 Prae·

206 1173 294 1233 terea
325 1167 454 1234 dativus
485 1170 518 1235 in
546 1176 638 1238 test
661 1171 715 1237 tt.
741 1178 801 1239 45:
828 1181 981 1261 »portant
1004 1171 1152 1256 ingentes
1177 1187 1311 1236 inuenere
1335 1168 1397 1254 pis·

206 1273 292 1349 oes’'‚
315 1270 355 1340 de
379 1294 444 1360 quo
465 1273 541 1342 olim
567 1277 661 1344 aditor
682 1281 848 1346 constitui.
899 1280 939 1346 dt
964 1297 1025 1343 non
1051 1284 1128 1343 sunt
1152 1275 1253 1343 dativi
1279 1275 1310 1340 in
1332 1273 1401 1349 iris,

207 1376 245 1445 V.
271 1382 348 1458 Qu
374 1380 527 1449 duellem
549 1383 597 1449 sie
622 1384 770 1470 seriptis:

342 1487 370 1551 si
394 1496 459 1553 turn
485 1490 597 1574 eorpu’
620 1488 690 1556 loeo
715 1488 856 1557 validum
882 1509 920 1557 ae
946 1490 1076 1576 regione
1100 1495 1242 1564 mearet.

270 1640 276 1649 .
341 1593 511 1679 scriptoris
535 1614 631 1682 quam
656 1617 732 1663 rora
751 1606 839 1663 ineat
863 1597 1024 1663 sententia
1047 1593 1155 1669 cordi,

207 1695 295 1787 (dibri
306 1710 447 1766 numeret
458 1750 467 1778 ,
479 1702 596 1790 monet)
609 1722 692 1790 quoe
704 1711 850 1769 contorte
862 1703 901 1769 u.
915 1699 1078 1788 explieat:
1093 1706 1266 1787 ›rapperet,
1278 1697 1400 1784 inquit.

206 1802 332 1870 datione
343 1805 576 1886 semitutum,
590 1808 717 1894 regione
726 1861 734 1885 ,
744 1808 842 1875 cordi.
858 1846 904 1859 -
917 1806 1002 1874 uicit
1015 1804 1158 1873 Lucilius
1170 1824 1205 1871 se
1216 1803 1400 1871 valetudine

207 1909 358 1997 impediri
380 1932 421 1979 ne
444 1914 585 1980 amioum
606 1914 702 1981 utitor
720 1935 816 2002 quarn
839 1933 897 2002 per
916 1912 1087 2000 epistulam
1109 1909 1261 1979 sulutet’'.
1288 1909 1400 1995 itaque

207 2017 341 2102 scriptor
360 2015 525 2087 diceretur
546 2022 648 2107 isqui
669 2021 752 2088 sorte
773 2018 901 2087 [ortona
922 2017 1090 2109 epistotam
1113 2016 1253 2104 aliquam
1274 2016 1399 2085 scribit.

207 2121 244 2191 ld
261 2123 420 2191 Latinum
444 2146 514 2194 esse
539 2147 631 2214 nego.
680 2127 722 2194 iit
744 2127 866 2215 regioni
889 2125 1041 2214 (regione)
1066 2142 1175 2190 oreore
1195 2120 1322 2189 dioetm
1343 2138 1401 2207 pro

207 2228 241 2294 in
275 2231 437 2316 regionem
470 2251 588 2300 meare.
636 2232 720 2300 Haeo
741 2242 800 2298 aut
825 2252 887 2298 non
912 2230 1062 2316 intellego
1086 2238 1143 2297 ant
1167 2237 1242 2295 sunt
1270 2227 1399 2314 imperi·

208 2335 335 2402 tissime
365 2337 498 2425 scripta.
546 2337 649 2403 Immo
681 2337 763 2404 nihil
795 2337 988 2404 mutandum
1021 2345 1087 2412 est;
1117 2334 1213 2403 eorib.
1243 2342 1400 2412 moneret,

206 2451 329 2521 mmet,
354 2442 410 2509 sed
433 2442 699 2530 distinguendum
725 2452 774 2512 est
799 2452 872 2531 post
894 2444 1073 2530 scriptoria
1098 2441 1278 2509 sententia:
1302 2441 1331 2506 si
1354 2441 1400 2527 ip·

208 2568 243 2616 se
273 2551 415 2638 scriptor
447 2571 508 2617 non
539 2554 643 2638 magis
674 2559 858 2619 senesceret
883 2570 980 2637 quam
1012 2550 1171 2617 sententia
1195 2547 1305 2617 animo
1327 2565 1400 2612 oon·

207 2666 324 2743 uentu
354 2656 442 2724 1haee
475 2657 609 2725 iuuenili
646 2679 774 2746 semper
810 2658 919 2743 vigore
953 2655 1074 2743 gaudet
1105 2662 1139 2723 et
1166 2655 1251 2721 redut
1277 2654 1400 2721 animo.

209 2762 298 2850 (Son.
325 2762 428 2850 Epist„
455 2768 492 2829 2:
523 2765 644 2831 >mertis
672 2766 811 2852 ingeniis
839 2764 1007 2829 immorari
1025 2770 1058 2829 et
1077 2762 1236 2831 innutriri
1252 2767 1401 2846 oportet,

205 2869 237 2936 'ei
259 2867 340 2936 uelis
364 2869 485 2957 aliquid
511 2870 657 2948 imitere,
680 2870 764 2960 quod
785 2874 820 2936 in
841 2871 951 2937 eninm
971 2868 1107 2939 fideliter
1127 2866 1286 2954 sedeam).
1310 2865 1405 2935 Cordi

208 2983 258 3041 est
293 2974 470 3055 toeatiuns,
503 2978 560 3064 qui
595 2977 715 3043 mansit
750 2977 784 3041 in
820 2985 892 3043 »est
926 2973 1006 3041 mitri
1038 2973 1161 3052 eordi',
1190 2972 1276 3061 quod
1308 2972 1404 3058 uulgo

210 3079 293 3148 mete
315 3082 523 3168 oomponitur
545 3103 637 3150 enm:
663 3092 713 3151 est
738 3081 816 3149 mitri
844 3080 1001 3159 laetitiae,
1025 3079 1147 3159 dolori,
1167 3079 1249 3158 reti„
1272 3081 1306 3146 in
1333 3078 1403 3166 gui-

210 3186 271 3254 bua
293 3187 424 3254 datirus
448 3187 599 3255 eiieeturn
628 3187 801 3275 signifieat.

255 3293 339 3361 Sunt
356 3296 459 3380 igitur
477 3304 619 3381 quatuor
635 3295 769 3361 omnino
788 3293 849 3361 looi
868 3291 987 3382 quihus
1000 3290 1129 3360 dativus
1140 3293 1174 3358 in
1187 3299 1205 3359 e
1217 3292 1403 3372 inuenitur,

207 3409 305 3489 atque
322 3402 357 3467 in
381 3400 433 3467 his
455 3403 619 3489 unusqui
642 3421 771 3469 omnem
797 3401 892 3468 alium
912 3399 1158 3487 explicationem
1180 3408 1236 3466 aut
1256 3397 1405 3467 emende-

206 3508 327 3574 tiouem
352 3527 415 3573 non
439 3505 602 3574 admittet.
650 3508 770 3575 Tamen
791 3526 865 3573 eum
887 3513 935 3572 tot
953 3515 986 3572 et
1008 3505 1088 3573 tales
1107 3522 1178 3571 osso
1197 3503 1284 3573 dieat
1307 3505 1347 3572 rt.
1368 3512 1405 3571 ut

209 3611 398 3681 incredibile
429 3614 481 3680 sit
504 3634 700 3702 quemquam
726 3612 910 3690 dubitasse,
938 3621 974 3679 ut
999 3611 1078 3681 mihi
1094 3609 1234 3698 ,quidem
1256 3608 1404 3687 ridetur,

208 3722 457 3806 exaggeratione
489 3722 606 3788 utitur.
655 3720 739 3789 dtibi
774 3740 850 3786 vero
882 3720 916 3783 in
950 3716 1165 3806 oppugnando
1196 3715 1402 3794 aduersario,

210 3824 282 3891 roto
305 3847 337 3914 p.
363 3831 447 3902 uuo.
471 3837 582 3915 aperte
606 3826 684 3895 tatu
708 3827 806 3905 dicit,
830 3823 1026 3894 contendens
1052 3823 1105 3915 (nd
1129 3823 1170 3890 ir.
1198 3822 1273 3910 ἳ7);
1296 3819 1405 3909 »quod

211 3929 301 3998 inere
331 3933 387 4019 qui
421 3932 567 4001 dicerent
591 3934 704 4001 soiitos
727 3936 760 4000 in
785 3932 858 4000 edd.
884 3932 1038 3999 Nonianis
1063 3950 1215 3997 numeros
1240 3929 1324 3995 notis
1348 3947 1405 3995 ex·

211 4038 309 4125 primi
346 4057 408 4104 non
447 4038 585 4117 titteris,
622 4060 677 4107 eos
712 4037 824 4106 ieieltit
856 4041 1026 4106 sententia.
1061 4076 1106 4091 -
1136 4037 1254 4103 tertius
1285 4033 1406 4101 fluetus

211 4144 392 4227 sprevuto'&
431 4146 595 4214 Postrema
617 4168 637 4213 a
662 4167 714 4214 me
739 4147 872 4224 sumsit,
896 4146 929 4211 in
954 4145 1090 4231 reliquis
1114 4142 1193 4212 nrihi
1219 4141 1405 4229 obloquitur

212 4251 299 4317 mni.
325 4251 360 4332 i,
389 4257 440 4321 td.
488 4253 555 4321 Non
582 4262 660 4343 puto
684 4273 735 4321 me
759 4273 778 4323 a
802 4272 879 4319 vero
901 4251 1129 4318 aberraturum
1155 4251 1183 4315 si
1208 4235 1345 4317 dixerim
1367 4266 1404 4317 ex

213 4356 449 4445 quinquaginta
472 4358 552 4427 iouis
574 4361 627 4427 vix
649 4378 750 4427 uuum
773 4359 930 4447 reperiri,
952 4357 985 4424 in
1008 4376 1071 4444 quo
1092 4376 1249 4425 numerus
1267 4354 1405 4435 titteris,

214 4482 276 4530 non
316 4465 424 4540 notis,
462 4467 678 4554 siguidoetur.
736 4465 815 4535 indo
858 4471 1012 4554 penetus
1049 4463 1102 4531 itia
1138 4461 1284 4532 confusio
1321 4463 1406 4531 inter
