3296 5022
290 331 333 397 26
777 344 989 402 rusciorum.

289 520 426 585 auctoris
448 539 541 585 sensu
565 519 687 605 aliquid
710 522 748 586 de
766 542 823 587 suo
843 523 985 586 inseruit.
1021 519 1106 599 Quid
1124 518 1232 585 enim?
1254 518 1343 585 Num
1360 519 1491 584 dicturi.

289 623 479 689 videbantur
507 625 678 690 Acanthii:
714 626 759 703 μὴ
789 626 929 708 wadoys
962 626 1046 702 ὑμᾶς
1076 623 1121 690 ὅτι
1154 626 1237 702 ὑμᾶς
1270 622 1476 701 θιυθοθμεθοιῗ

289 727 425 793 Etiamsi
455 729 490 793 id
518 731 669 814 suspicati
699 738 801 795 essent
829 732 1016 814 praesertim
1047 750 1147 814 quum
1177 729 1260 794 nibil
1287 729 1351 795 tals
1374 728 1478 795 adhue

288 835 430 898 minatus
453 838 535 897 esset
556 833 721 910 Brasidss,
754 840 837 899 certe
860 837 1070 919 suspicionem
1095 834 1359 900 dissimulandam
1379 833 1477 898 vidis-

288 942 369 1003 sent.
415 936 458 1002 Et
479 936 553 1002 vide
575 943 732 1021 quantum
754 938 813 1003 hoe
835 941 999 1022 sequentia
1021 938 1176 1004 debilitet.
1204 940 1257 1016 „ei
1275 961 1295 1002 o
1315 958 1359 1002 ιιιε
1369 938 1477 1021 petitis

287 1064 326 1106 ae
347 1062 434 1126 quom
455 1041 536 1105 vobis
558 1041 703 1105 ιἰιθιιοῖοιιι
717 1043 856 1126 foetam,
881 1048 979 1107 testor
1001 1042 1084 1108 Deos
1103 1042 1301 1107 immortales
1319 1063 1374 1107 me
1391 1041 1476 1106 mele

287 1145 429 1211 faciendo
452 1164 509 1210 vos
531 1146 565 1208 in
587 1147 770 1210 societatem
793 1152 934 1211 nostram
958 1147 1167 1212 coacturum’.
1215 1145 1306 1226 Quod
1329 1149 1426 1211 etiem
1447 1147 1476 1209 si

286 1250 391 1315 diesre
414 1247 605 1325 voluissent,
629 1270 709 1314 num
733 1247 891 1315 Graecum
914 1257 962 1315 est
985 1248 1061 1316 εὖνοι
1085 1249 1167 1324 θυσες
1192 1250 1336 1328 ἀξιοῦμεν
1356 1251 1402 1327 pa
1421 1272 1475 1313 κοι-

289 1355 426 1431 κυθμεοοι
450 1352 616 1445 διωθεῖσθαι
638 1373 695 1438 pro
717 1354 762 1429 μὴ
785 1356 952 1419 κοικοῦσθοιι
975 1355 1029 1420 ἔδει
1048 1354 1219 1431 διυθιθμεθοε
1236 1352 1290 1419 vel
1310 1354 1474 1419 διωθεῖσθαι

287 1454 405 1530 street
451 1455 514 1522 Sed
546 1457 624 1523 bene
657 1457 778 1522 fectum
813 1458 918 1542 quod,
957 1465 995 1523 ut
1028 1457 1165 1525 malefici
1198 1458 1320 1535 solent,
1355 1458 1477 1541 aliquid

287 1562 494 1648 praeterridit
515 1560 678 1638 falsarius,
703 1583 765 1646 qno
788 1562 889 1627 scelus
911 1562 1082 1647 patefieret.
1128 1563 1215 1629 Nsm
1234 1561 1319 1628 unde
1338 1563 1476 1647 pendent

287 1667 452 1749 Φοοθιεσθοοι
477 1670 509 1731 et
531 1665 645 1730 δίκαιον
667 1662 764 1731 siam?
787 1687 806 1731 a
828 1666 948 1748 φήσετε
971 1667 1100 1733 scilieet.
1136 1667 1258 1743 ludio,
1283 1666 1337 1731 sed
1359 1673 1397 1731 ut
1415 1666 1474 1729 hoe

288 1769 345 1837 liet
374 1776 447 1836 ante
476 1771 584 1835 omnia
612 1773 823 1861 necessarium
854 1778 902 1836 est
923 1770 1050 1836 nullum
1074 1772 1163 1837 aliud
1185 1771 1325 1837 verbum
1342 1773 1474 1835 interes·

288 1874 371 1940 dere.
416 1874 528 1959 Apage
556 1875 659 1960 igitur
691 1875 896 1958 putidissime
928 1873 986 1940 illa
1019 1874 1166 1951 θξιιθσετε
1197 1878 1240 1953 μὴ
1273 1874 1475 1950 κακούμενοι,

290 1977 374 2057 rim
396 1977 543 2054 ἀξιοῦμεν
566 1978 618 2040 τὸν
642 1979 823 2051 Θουκυδίδην
847 1979 905 2044 ὑπὸ
929 1984 988 2042 τῶι
1007 1980 1140 2059 exapta
1158 1979 1475 2059 γοοιμμοιτοκυφιθυυυ

290 2083 335 2159 μὴ
359 2082 540 2146 κοικυῦσθοιι.

333 2183 412 2253 Mox
434 2184 607 2271 legendum
629 2194 783 2265 τροσεῖιοιι
808 2190 846 2251 Δ’
866 2190 955 2252 ἜΤΙ
978 2211 1029 2265 μοι
1053 2208 1110 2272 pro
1134 2188 1165 2252 δέ
1188 2190 1221 2253 σθ
1243 2211 1305 2265 μοι.

335 2392 411 2479 Gap.
435 2392 488 2460 91.
513 2401 584 2470 μετ’
608 2397 801 2473 Ἀριοιυθθδυυ.
826 2394 866 2461 G.
885 2397 970 2472 μετὰ
994 2397 1172 2468 Ῥιοιιθιῒου.
1196 2395 1266 2462 dele
1290 2398 1316 2459 θ.

334 2601 411 2689 Gap.
436 2604 490 2668 92.
515 2602 585 2682 τοθο
609 2626 642 2666 τε
667 2603 730 2682 γὰρ
754 2605 823 2673 τοὺς
847 2604 1050 2679 &captivatae
1071 2607 1149 2668 τοῖσι
1169 2603 1203 2667 τθ
1221 2604 1392 2668 austasio
1412 2604 1475 2668 κοιὶ

289 2706 440 2788 ἐλεύθεροι
471 2706 649 2776 ιιοιθθςοοτοοι.
680 2708 739 2771 hoo
771 2715 818 2771 est
849 2708 955 2791 „quod
987 2714 1035 2773 est
1064 2707 1235 2772 ἀντίπυλοι
1266 2708 1354 2773 idem
1376 2710 1477 2772 etiam

287 2810 439 2894 ἐλεύθεροι
461 2811 523 2876 fit”.
544 2812 598 2876 sed
621 2811 674 2876 κοοθ
694 2811 840 2876 lubenter
861 2815 1020 2876 omittam.
1068 2811 1155 2891 Quae
1176 2811 1367 2895 praecedunt
1386 2814 1475 2885 'Ata-

288 2917 388 2988 ιοιθσυο
423 2916 454 2980 δὲ
488 2917 541 2981 καὶ
576 2915 698 2995 προσέτι
730 2914 853 2996 ὁμόρους
883 2914 975 2987 iaaac
1007 2914 1196 2981 —duobus
1229 2915 1393 2980 vocubulis
1422 2917 1473 2979 asi

286 3019 409 3099 τοοσέτι
432 3020 596 3085 commode
619 3040 722 3085 carere
745 3024 893 3103 possunt,
921 3018 1005 3105 quod
1027 3018 1118 3084 oredo
1141 3021 1289 3103 quemvis
1313 3040 1471 3086 eoncessu-

286 3144 360 3187 rum
382 3126 438 3207 qui
461 3130 563 3188 totam
584 3125 750 3207 pericopen
772 3144 791 3189 a
812 3123 940 3202 τθτριθο
961 3146 997 3186 τε
1017 3124 1056 3187 ad
1078 3124 1195 3200 ἀγῶνος
1220 3123 1317 3188 ἐλθεῖν
1339 3130 1390 3191 tsr
1407 3142 1471 3210 per·

289 3225 385 3312 leget

331 3432 407 3519 Gap.
433 3434 486 3500 93.
509 3431 608 3515 ι’θσσεο
632 3435 762 3514 ἔμελλον
785 3471 828 3484 -·
851 3435 929 3522 quid
951 3437 1052 3502 faeere
1075 3457 1116 3503 an
1138 3433 1237 3515 ὅστερ
1264 3433 1428 3513 datram?

329 3640 406 3728 Cap.
430 3641 484 3710 98.
507 3644 579 3731 lege
601 3649 712 3724 προτοῦ
735 3643 867 3710 εἰθθωσι.
893 3680 936 3692 -
959 3644 1030 3710 dele
1051 3643 1245 3723 ἀμυνόμενοι.
1268 3680 1310 3694 -
1330 3645 1393 3732 leg.
1414 3649 1473 3709 τοῖιν

283 3747 409 3831 πολέμῳ
432 3785 475 3798 -
499 3749 748 3829 matematicos.
773 3784 816 3798 --
839 3768 895 3833 pro
918 3749 949 3813 ἕο
968 3744 987 3829 ᾖ
1005 3747 1056 3825 dl,
1081 3740 1177 3822 teet
1197 3786 1238 3798 -—
1256 3769 1314 3834 pro
1330 3749 1392 3814 οὐδ’
1413 3744 1472 3824 οὗ,

283 3853 345 3921 ott’
368 3853 475 3925 abste

327 4059 404 4147 Gap.
431 4062 506 4129 102.
530 4060 575 4128 ὅτι
600 4063 651 4127 ἐτ’
674 4062 842 4145 ἀμφότεροι
866 4100 907 4112 -
931 4060 1048 4143 ᾤκισεν.
1094 4062 1297 4147 Amphipolis
1319 4083 1382 4128 non
1404 4067 1472 4127 erat

279 4165 386 4233 insula
407 4167 442 4230 in
462 4166 569 4233 medio
598 4166 786 4254 Strymone,
821 4171 867 4233 sie
897 4170 984 4233 enim
1014 4166 1097 4232 nihil
1127 4186 1206 4252 opus
1232 4166 1343 4232 finisset
1365 4185 1467 4231 muro.

280 4270 343 4337 Sed
365 4270 507 4336 fluminis
528 4273 700 4338 admodum
723 4274 856 4338 tortuosi
879 4274 969 4356 quasi
987 4274 1022 4337 in
1044 4273 1116 4335 sinu
1135 4271 1267 4336 iaeebat.
1303 4269 1372 4350 Qua
1390 4290 1467 4336 vero

280 4381 426 4460 apertum
455 4376 539 4442 letus
568 4378 737 4461 praebebat
766 4377 813 4442 ibi
841 4396 972 4441 murum
996 4397 1015 4442 a
1036 4378 1194 4460 superiore
1223 4375 1263 4441 ad
1285 4375 1466 4442 inferiorem
