3340 5014
295 317 357 379 112
786 314 987 380 rrrscdccarrsa

290 499 463 569 Plutarcho
474 501 603 588 cognita
615 502 725 579 inisse,
742 503 843 589 quiet
863 502 896 567 in
909 502 976 569 rita
988 498 1099 568 Niciae
1114 505 1262 574 παλαιοῖς
1276 498 1484 583 ψηφίσμασιν

291 628 384 675 usum
409 628 444 675 se
475 608 590 675 scribit
619 618 650 676 cl
681 609 803 676 Crateri
834 609 1037 688 οοναγυγην,
1061 626 1158 694 quam
1183 604 1280 672 semel
1304 606 1482 671 etiterum

289 714 409 782 diserte
444 713 605 792 laudarit,
638 714 775 783 habebat
807 715 840 781 in
869 714 1030 781 manibus.
1081 713 1146 779 lloc
1177 730 1304 799 quoqne
1337 709 1417 776 mibi
1442 709 1484 775 ab

288 819 438 887 omnibus
461 841 651 889 concessum
677 824 717 890 iri
742 823 910 900 existimo,
945 818 1153 887 Plutarchum
1181 817 1400 905 Psaphismata
1426 816 1485 884 Pe·

289 926 396 1003 richo,
433 946 534 1013 qurum
566 930 638 996 eius
673 931 772 996 vitam
801 929 985 1015 scripturus
1022 935 1122 1001 esset,
1154 924 1238 991 baud
1276 921 1487 1008 indiligenter

289 1031 464 1110 lectitasse,
484 1033 568 1119 qnod
591 1044 623 1102 et
644 1055 747 1123 perse
759 1033 890 1122 planum
906 1041 998 1099 estet
1017 1030 1138 1119 liquido
1150 1038 1283 1119 apparel
1295 1050 1334 1096 ex
1349 1030 1487 1115 iisquae

288 1157 358 1224 cap.
384 1142 438 1205 30.
475 1140 622 1227 scripsit:
657 1146 748 1208 τοῦτο
783 1141 841 1221 μέν
872 1136 921 1206 οὐν
950 1139 986 1205 ri
1023 1139 1181 1221 ψήφισμα
1211 1135 1391 1217 Περικλέους
1420 1134 1487 1205 dciv

289 1245 476 1324 εὐγνιθμσνυς
507 1247 559 1313 καὶ
586 1249 801 1331 φιλανθρώπου
826 1247 1037 1326 δικαιολογίας
1060 1244 1218 1327 έχθμενον.
1265 1243 1377 1330 ilaque
1401 1261 1487 1329 prn-

289 1349 405 1416 habilis
417 1351 589 1419 admodum
603 1354 746 1440 suspicio
757 1362 823 1431 est,
845 1373 927 1439 quae
941 1352 1162 1440 Psophismata
1175 1347 1259 1438 apud
1275 1347 1487 1416 Plutarchum

290 1458 322 1523 iu
349 1457 481 1523 Periclis
505 1459 570 1525 vila
601 1467 899 1528 commemorentur
922 1469 955 1526 et
979 1457 1202 1545 proferantur,
1233 1475 1271 1519 ea
1294 1463 1351 1520 aut
1374 1453 1487 1520 omnia

289 1570 347 1628 aut
371 1572 458 1629 certe
479 1564 629 1653 pleraque
649 1585 689 1631 ex
712 1565 837 1633 Crateri
855 1564 1043 1633 collectione
1060 1583 1130 1631 esse
1149 1561 1309 1628 desumto.
1340 1561 1490 1627 Comme-

290 1678 437 1736 moratur
467 1680 576 1738 autern
613 1670 799 1759 psephisma
829 1671 962 1738 Periclis
1001 1689 1072 1757 cap.
1104 1674 1136 1736 8.
1169 1670 1184 1735 θ
1214 1674 1365 1749 Περικλῆς
1384 1706 1431 1717 -
1449 1667 1488 1733 ol

289 1776 445 1859 ψήφισμα
479 1775 611 1859 γράψας
648 1777 770 1851 αὐτὸς
802 1776 910 1843 έκάλει
944 1777 996 1843 τὸν
1030 1775 1127 1858 άνύρα
1162 1774 1227 1865 (τὸν
1261 1772 1420 1863 Κθμοινα),
1454 1781 1487 1839 et

290 1901 361 1968 cap.
391 1888 429 1948 17
461 1883 475 1948 θ
508 1883 846 1965 Περικλῆς-γράφει
873 1879 1221 1965 ψήφισμα-πάντας
1239 1880 1400 1957 Ἕλληνας
1420 1904 1486 1946 πα·

291 1995 438 2069 ρακαλεῑν
461 1989 526 2055 κτέ.
556 1998 589 2054 el
618 2009 688 2076 cap.
717 1994 761 2056 ΞΟ
793 1991 974 2072 ἐψηφίσατο
1005 1987 1051 2077 (ἰύ
1082 1997 1131 2053 cst
1159 1987 1316 2068 ψήφισμα
1347 1984 1485 2072 έγραφε)

290 2101 381 2160 πλεῖν
410 2095 453 2167 εἷς
482 2094 621 2170 Σινώπην
650 2097 716 2161 xri.
745 2105 777 2163 et
806 2116 878 2182 cap.
906 2100 947 2162 25
975 2093 1156 2180 psephisma
1182 2094 1315 2161 Periclis
1337 2094 1377 2162 do
1401 2094 1485 2162 bello

291 2197 439 2264 Samiaco
462 2207 494 2265 et
518 2220 589 2288 cap.
616 2205 660 2267 29
683 2201 723 2268 de
746 2200 867 2267 auxilio
890 2198 1143 2288 Corcyrensibus
1169 2198 1298 2267 lerendo
1313 2211 1344 2267 et
1367 2200 1484 2268 decan·

291 2313 396 2370 latum
421 2303 498 2370 illud
522 2307 679 2388 ψήφισμα
695 2310 730 2374 τὸ
750 2305 945 2387 Μεγαρικόν,
968 2315 1000 2371 et
1019 2324 1089 2391 cap.
1104 2309 1147 2371 30
1166 2305 1305 2372 alterurn
1324 2310 1485 2391 ψήφισμα

290 2409 331 2476 de
353 2410 594 2496 Megarensibus
624 2422 656 2480 et
688 2415 816 2494 Χαρίνου
840 2414 996 2496 ψήφισμα
1020 2420 1051 2477 et
1076 2430 1146 2497 cap.
1171 2417 1208 2477 31
1240 2412 1396 2485 Γλύκωνος
1419 2414 1484 2495 φη-

289 2523 399 2600 φισμα
417 2517 534 2584 Μένωνι
554 2519 702 2586 άπέλειαν
721 2518 916 2600 γράψαντος,
936 2527 967 2584 et
985 2537 1056 2604 cap.
1072 2522 1114 2584 32
1133 2519 1309 2593 Διοπείθους
1325 2520 1483 2602 ψήφισμα

288 2634 320 2691 el
341 2626 496 2704 Ἅγνωνος
521 2634 552 2691 el
573 2645 643 2713 cap.
666 2631 707 2691 34
734 2625 787 2691 uhi
820 2623 992 2710 legendum
1017 2624 1204 2709 κληρουχίας
1229 2624 1369 2707 ἔγραφεν
1404 2625 1482 2714 (non

288 2730 479 2818 άνὲγραφει)
502 2731 686 2818 psephisma
703 2730 835 2797 Periclis
848 2730 887 2797 de
905 2730 1027 2796 colonia
1049 2731 1080 2795 in
1103 2730 1257 2814 Aeginam
1277 2729 1482 2807 deducenda.

288 2846 318 2904 et
343 2858 414 2924 cap.
452 2845 485 2902 ll
515 2837 617 2903 mulla
643 2836 860 2924 psephismata
885 2835 925 2902 de
954 2835 1087 2901 coloniis
1113 2837 1145 2900 in
1169 2836 1421 2914 Chersonesum.
1448 2837 1481 2902 in

289 2943 427 3008 insulam
452 2942 617 3013 hndrum.
643 2944 674 3007 in
708 2941 878 3008 Tlrracinrn
903 2950 936 3007 el
962 2943 993 3006 in
1022 2940 1145 3007 ltaliam
1174 2940 1383 3009 deducendis.
1431 2942 1480 3008 Ex

290 3047 341 3114 bis
374 3049 474 3134 igitur
509 3047 660 3114 nonnulla
694 3048 787 3134 paulo
817 3047 1006 3134 diligentius
1041 3048 1264 3134 inspiciamus.
1313 3048 1480 3136 Imprimis

291 3152 496 3219 memorabile
526 3163 576 3219 cst
609 3153 740 3219 Periclis
772 3156 947 3238 ψήφισμα,
982 3152 1066 3240 qnod
1099 3174 1170 3240 cap.
1198 3159 1237 3219 17
1262 3175 1281 3221 a
1307 3153 1480 3220 Plutarcho

292 3258 402 3323 irruitis
422 3268 606 3324 enarratur:
620 3261 798 3344 άρχομένυν
818 3262 850 3328 δέ
870 3260 1121 3338 Λακεδαιμονίων
1133 3259 1285 3341 ἄχθεσθαι
1301 3271 1339 3345 τῇ
1353 3260 1482 3340 αὐξήσει

290 3370 349 3430 τῶν
372 3364 538 3441 Ἀθηναθοιν
567 3365 698 3447 ἐπαίρων
729 3369 743 3433 θ
775 3379 924 3450 Περικλῆς
954 3367 1007 3435 πθν
1037 3368 1131 3446 δῆμον
1163 3367 1208 3433 έτι
1237 3372 1360 3447 μάλλον
1392 3369 1481 3448 μέγα

290 3478 410 3555 φρονεῖν
432 3471 485 3536 καὶ
513 3471 664 3550 μεγάλων
695 3474 803 3540 έαυτθν
833 3474 938 3551 άξιούν
958 3473 1156 3556 πραγμάτων
1179 3473 1298 3557 γράφει
1324 3476 1481 3556 ψήφισμα

290 3576 413 3651 πάντας
434 3578 595 3652 Ἕλληνας
618 3581 687 3652 τούς
712 3581 849 3657 θπηποπε
879 3586 1100 3654 κατοικοῦντας
1123 3579 1216 3670 (adde
1238 3581 1308 3663 τῆς)
1334 3581 1481 3663 Εὐρώπης

291 3687 307 3762 ἢ
334 3684 415 3773 (lege
438 3682 505 3769 καὶ)
526 3692 582 3760 τῆς
600 3686 711 3760 'Arica
732 3696 929 3768 παρακαλεῖν
947 3688 999 3753 καὶ
1020 3690 1132 3769 μικράν
1153 3686 1242 3755 τθλιν
1260 3687 1313 3753 καὶ
1334 3685 1482 3767 μεγάλην

289 3793 332 3864 εἷς
356 3791 511 3868 σύλλογου
530 3790 665 3870 πέμπειν
688 3794 837 3876 Ἀθήναζε
859 3796 928 3866 τούς
952 3794 1211 3874 βουλευσομένους
1236 3793 1301 3874 περὶ
1327 3795 1387 3857 τῶν
1408 3796 1482 3859 Ἑλ·

290 3904 416 3973 ληνικύν
439 3899 522 3979 ἱερῶν
545 3894 567 3965 ἃ
591 3897 790 3980 κατέπρησαν
821 3901 847 3965 ol
870 3900 1024 3980 βάρβαροι
1049 3900 1101 3965 καὶ
1126 3908 1185 3965 τῶν
1208 3902 1313 3966 θυσιῶν
1335 3891 1375 3973 θος
1398 3898 1482 3982 ὐφεθ·

291 4018 392 4068 λουσιν
416 4004 488 4083 ὐπέρ
512 4013 568 4081 τῆς
593 4004 743 4077 Ἑλλάδος
767 4004 928 4084 εὐξάμενοι
951 4013 1014 4078 τοῖς
1038 4007 1114 4078 θεοῖς
1137 4004 1188 4071 dre
1212 4007 1284 4088 πρὸς
1308 4005 1378 4079 τούς
1404 4006 1482 4087 βαρ·

291 4108 406 4190 βάρους
438 4109 594 4189 έμάχονπο
624 4112 676 4176 καὶ
708 4120 764 4187 τῆς
796 4112 955 4187 θαλάττης
986 4109 1066 4185 θπιος
1095 4111 1212 4177 πλέωσι
1244 4110 1360 4181 πάντες
1389 4112 1482 4185 dissic

292 4216 344 4281 καὶ
372 4217 427 4291 την
458 4217 571 4297 εἰρήνην
598 4215 726 4296 άγιοσιν.
770 4218 843 4284 Ἐπὶ
872 4223 979 4283 ταῦτα
1009 4218 1035 4284 δ’
1058 4217 1164 4300 άνύρες
1197 4217 1290 4283 εἴκοσι
1321 4223 1380 4282 τῶν
1412 4218 1484 4298 ὐπέρ

296 4320 488 4395 πεντήκοντα
521 4319 575 4397 ἔτη
607 4323 777 4402 γεγονότων
808 4324 1014 4407 ἐπέμφθησαν
1044 4322 1083 4391 ὧν
1106 4324 1198 4390 πέντε
1221 4324 1279 4403 μέν
1297 4325 1408 4396 Ἴωνας
1431 4323 1482 4389 καὶ

297 4433 420 4508 Διοριεῖς
444 4426 513 4500 τούς
537 4429 568 4493 έν
592 4429 685 4515 Ἀσέα
709 4431 762 4497 καὶ
786 4432 935 4509 νησιύτας
952 4431 1028 4513 άχρι
1051 4430 1176 4510 Λέσβου
1196 4430 1250 4497 καὶ
1270 4429 1370 4498 Ῥθύου
1389 4453 1485 4512 παρε·
