3244 5012
274 350 340 416 292
760 366 974 414 rnucrumm.

275 544 329 607 cit.
383 540 462 606 Mox
505 538 574 605 dele
604 539 682 619 περί.
720 576 762 587 -
804 537 892 618 Quae
931 536 1026 602 hodie
1061 536 1227 626 leguntlir,
1269 534 1328 603 εἶτ’
1364 540 1471 613 ἐπειδὴ

275 651 505 728 ἀναχωροῦντες
541 647 647 711 ὶκεῑνοί
675 650 705 708 τ’
726 643 860 724 ἔκρυψαν
877 643 930 707 καί
952 649 1044 725 σφεῖς
1066 643 1224 727 ἡσύχαζον
1241 647 1360 712 vitiosa
1382 653 1469 712 sunt.

275 753 361 819 Nam
385 777 418 815 τε
442 754 490 818 ita
511 755 653 837 positum
677 757 725 817 est
753 758 791 815 ut
821 753 948 835 utrique
967 752 1169 831 ἀναχωρῆσαι
1187 751 1368 817 rideantur.
1405 749 1470 817 Sed

211 852 215 858 ⁴
274 881 314 925 ne
355 857 612 925 Lacedaemoniis
652 856 782 942 quidem
806 860 970 933 conuenit,
1002 859 1153 942 quoniam
1176 864 1249 943 post
1271 858 1469 940 ἀναχώρησιν

274 968 341 1030 iam
372 965 489 1030 factam
520 985 559 1028 ex
589 962 689 1029 oculis
711 964 908 1050 Argivorum
928 963 1110 1029 abscedunt.
1132 1002 1174 1013 -
1193 964 1293 1030 Video
1311 985 1397 1030 nnnc
1421 986 1470 1030 sa·

273 1073 446 1137 nissimum
469 1090 536 1135 csse
559 1068 631 1149 πρὸς
651 1071 763 1148 νλργει
786 1074 819 1147 et
843 1089 861 1133 a
884 1090 937 1133 me
958 1071 1077 1135 iniuria
1098 1070 1319 1136 sollicitatum.

320 1175 358 1241 V.
384 1175 437 1241 66.
461 1174 573 1256 σχεδὸν
597 1173 660 1255 γάρ
683 1198 714 1238 τι
739 1179 802 1239 πῖον
830 1172 978 1254 ἀρχοντες
1002 1175 1158 1255 ἀρχόντων
1183 1178 1238 1241 εἰσί
1265 1178 1373 1242 καὶτὸ
1398 1178 1469 1242 ἔπι-

274 1284 369 1361 arnis
401 1284 454 1346 τοῦ
483 1277 630 1360 δρωμένου
657 1288 781 1353 πολλοῖς
807 1283 959 1360 προσήκει.
995 1281 1099 1346 Nemo
1122 1287 1171 1346 cst
1192 1282 1287 1348 hodie
1310 1285 1366 1369 qui
1388 1284 1469 1349 haec

274 1388 542 1473 interpretationis
573 1407 666 1475 egere
697 1386 812 1452 credat.
834 1384 958 1452 —Sed
989 1390 1201 1475 grammatico
1223 1387 1317 1455 aliter
1338 1392 1467 1464 rhum,

275 1497 330 1582 qui
353 1493 434 1568 πλὴν
457 1494 563 1571 ὀλίγον
587 1498 619 1558 et
641 1492 676 1557 τί
699 1492 885 1572 πρατίτεδον
905 1498 963 1557 τῶν
984 1493 1233 1571 Λακεδαιμονίων
1252 1494 1377 1561 adiecit.
1402 1494 1467 1560 Pro

276 1600 362 1680 παρὰ
386 1601 412 1665 δ’
436 1601 540 1669 αὐτοῖς
564 1598 700 1664 rescribe
724 1599 810 1678 ταρά
833 1597 861 1662 δ’
885 1597 1008 1669 αὐτούς.

320 1706 357 1770 V.
383 1703 437 1770 66.
469 1708 522 1770 οὐκ
554 1703 593 1768 ov
615 1704 767 1783 ἐδυνάμνν
791 1709 839 1770 est
861 1728 920 1769 αοα
938 1705 1107 1788 potuissem.
1144 1704 1231 1793 llrgo
1252 1712 1366 1793 potest
1402 1705 1466 1773 Sco

276 1815 425 1901 quoniam
455 1810 549 1897 plane
579 1813 773 1876 eontrarium
800 1811 934 1876 seribere
957 1810 1062 1876 voluit
1083 1811 1253 1877 reddamus
1275 1811 1324 1877 illi
1349 1833 1464 1892 suum,

275 1922 328 1985 οὐκ
360 1918 397 1984 ἀν
428 1916 584 1995 δυναίμην.
620 1914 699 1981 Mox
721 1918 756 1980 in
778 1923 836 1981 τῶν
860 1917 887 1982 δ’
911 1912 951 1981 αὖ
973 1916 1024 1980 διά
1048 1916 1084 1980 τδ
1107 1917 1283 1997 ἀνθρώπειον
1306 1919 1466 1997 κομπῶδες

274 2028 304 2097 ἐς
324 2025 367 2090 τά
387 2026 483 2089 οίκεῖα
504 2023 604 2098 πλήθη
626 2023 780 2096 ἦπιςεῖτο,
804 2022 974 2089 delendum
994 2024 1039 2098 ἐς,
1063 2029 1101 2089 ut
1118 2030 1261 2091 servetur
1279 2027 1465 2093 antithesis:

275 2133 310 2197 τί
331 2133 444 2204 πλῆθος
469 2132 621 2207 ἠγνοεῖτο,
646 2129 690 2193 rai
714 2129 814 2204 πλήθη
839 2131 989 2204 ἠπιςεῑτο.
1156 2134 1160 2145 ’

321 2237 359 2302 V.
385 2233 437 2302 69.
470 2235 707 2314 Λακεδαιμίνωι
738 2235 768 2300 δὲ
790 2275 832 2285 -
853 2237 883 2300 ἐν
905 2236 1013 2319 σφίσιν
1045 2240 1149 2310 αὐτοῖς
1174 2234 1212 2302 ὧν
1236 2240 1384 2315 ἡπίταντο
1409 2242 1466 2314 τὴν

276 2342 501 2425 παρακέλευσιν
532 2349 587 2415 τῆς
619 2344 741 2420 μνήμας
769 2343 898 2420 ἀγαθοῖς
922 2338 1002 2408 οὖσιν
1025 2345 1186 2411 ἐποιοῦντο.
1222 2344 1467 2413 Lacedaemonii

276 2471 308 2516 se
339 2452 478 2516 invicem
506 2469 615 2514 earum
638 2468 746 2514 rerum
769 2448 956 2526 admonent,
980 2450 1153 2535 inquibus
1177 2451 1326 2526 ἧπίταντσ
1351 2454 1466 2530 ἀγαθοὶ

275 2555 369 2629 ίντες.
404 2555 517 2621 Nonne
547 2554 638 2619 vides
662 2555 918 2629 intercisionem
941 2557 1126 2634 θῐάγαίοῖς
1150 2554 1213 2623 οὖσι
1237 2578 1277 2623 ne
1300 2558 1467 2625 liberalem

274 2662 404 2749 quidem
435 2662 503 2727 sine
535 2662 686 2726 orationis
716 2660 832 2726 damno
862 2680 952 2746 posse
975 2661 1190 2729 intercedere?
1217 2663 1467 2731 Meminerimus

274 2773 372 2836 etiam
403 2766 485 2833 nihil
515 2769 550 2831 in
580 2767 631 2831 his
666 2766 758 2832 libris
793 2769 919 2853 saepius
958 2769 1083 2833 evenire
1117 2788 1214 2854 quam
1244 2776 1282 2835 ut
1308 2772 1466 2837 uocabula

272 2896 331 2944 sua
361 2876 400 2941 de
429 2873 503 2939 sede
532 2875 683 2961 migrent.
726 2872 823 2939 Velut
851 2876 885 2937 in
916 2873 975 2939 hoc
1003 2877 1072 2958 ipso
1097 2878 1218 2961 capite,
1248 2880 1282 2941 in
1305 2897 1367 2963 quo
1389 2878 1465 2943 AB

273 2983 450 3060 ἀμύνασθαι
472 2980 624 3066 praebent
645 3000 702 3066 pro
727 2979 895 3059 ἀνέχεσθαι
916 2985 948 3044 et
967 2981 1109 3045 vicissim
1129 2982 1297 3063 ἀνέχεσθαι
1313 3004 1370 3069 pro
1381 2985 1466 3061 ἀμύ·

275 3074 400 3155 νατίαι..
431 3086 535 3174 Lege,
560 3086 589 3150 ίν
612 3085 720 3168 σφίσιν
742 3089 846 3157 αὐτοῖς
871 3084 925 3159 τὴν
948 3085 1174 3164 παρακέλευσιν
1197 3095 1252 3162 τῆς
1277 3090 1399 3165 μνήμας
1423 3085 1463 3153 ὦν

166 3208 174 3213 “
206 3272 211 3281 1
275 3194 424 3269 aetram
447 3192 576 3269 ἀγαίοῖς
600 3187 680 3256 οὖσιν
702 3191 871 3263 ἐποιοῦντο.
895 3190 927 3254 h.
949 3207 981 3256 e.
1005 3190 1118 3257 τούτων
1141 3189 1162 3258 ἀ
1188 3195 1338 3270 ἦτίταντο
1357 3196 1390 3260 ἀ.
1414 3198 1439 3260 ί.

320 3299 358 3364 V.
383 3296 436 3364 71.
469 3296 622 3364 Omnium
651 3295 900 3382 pulcherrimam
930 3299 1104 3363 orationem
1127 3319 1191 3364 una
1213 3299 1307 3366 litera
1325 3299 1464 3387 locuple

275 3416 342 3472 tare
371 3405 484 3481 liceat,
517 3403 567 3467 καί
601 3404 794 3483 περιίσχουσι
825 3403 909 3467 κατὰ
942 3402 977 3467 τὸ
1000 3410 1059 3468 τῶν
1083 3404 1224 3469 ἐναντίων
1247 3407 1396 3484 εὐώνυμον
1417 3409 1462 3486 τῷ

273 3511 361 3593 δεξιῷ
387 3511 437 3577 διὰ
462 3511 497 3575 τί
519 3508 728 3592 φοβουμένους
752 3510 930 3589 προςίλλειν
953 3510 995 3574 τά
1020 3512 1128 3587 γυμνά
1151 3508 1260 3580 ἕκατον
1281 3515 1319 3584 oie
1337 3512 1463 3590 μιίλιςοι

274 3629 314 3701 τῇ
337 3621 390 3684 τοῦ
414 3618 444 3682 ἕν
467 3616 553 3701 δεξιᾷ
577 3614 859 3696 παρατεταγμένου
878 3616 996 3682 ἀσπίδι.
1028 3615 1159 3683 Scilicet
1177 3639 1216 3684 ex
1235 3640 1299 3685 uno
1317 3619 1464 3686 hocloco

274 3725 451 3808 προτίλλειν
482 3745 556 3789 enm
585 3725 620 3788 in
649 3722 782 3790 modum
811 3724 1011 3807 interpretati
1042 3728 1133 3801 sunt,
1165 3738 1260 3809 quem
1283 3728 1353 3811 ipsa
1373 3724 1465 3791 uerbi

274 3833 461 3919 compositio
492 3851 554 3896 non
586 3832 718 3915 patitur.
761 3829 824 3894 Fac
852 3831 938 3893 enim
966 3827 1088 3896 τίλλειν
1111 3850 1177 3895 esse
1198 3830 1285 3895 idem
1308 3831 1392 3916 qnod
1413 3832 1463 3896 τί·

275 3939 391 4016 ίεσίαι,
417 3958 457 4003 on
481 3940 580 4002 etiam
599 3933 656 4016 τρί
675 3956 914 4020 nonnumquam
933 3954 990 4021 pro
1009 3933 1113 4000 ίπιοίε
1133 3933 1283 4021 ponitur?
1307 3936 1464 4022 liquidem

273 4045 353 4112 olim
376 4044 584 4111 coniiciebam
606 4041 799 4122 προσίλλειν,
823 4042 878 4107 sed
901 4043 1092 4126 comparatis
1114 4042 1211 4120 locis,
1238 4044 1296 4108 ubi
1319 4043 1463 4122 προστέλ-

229 4230 239 4241 ,
273 4167 339 4216 λειν
361 4149 543 4226 adhibetur,
567 4148 648 4214 hanc
671 4168 780 4215 veram
804 4147 975 4214 lectionem
1002 4168 1068 4213 esse
1091 4147 1207 4214 iudico.
1243 4149 1338 4234 Apud
1360 4148 1466 4216 Xeno

272 4257 427 4343 phontem
449 4275 565 4320 oenum
584 4254 675 4334 ἰσχία
696 4254 932 4334 τροτεταλμένα
953 4260 1028 4319 sunt
1048 4276 1135 4318 οοαωι
1155 4263 1235 4319 crete
1254 4257 1465 4333 αάἀοονσωίσε,

273 4365 344 4427 deae
366 4368 547 4445 compactae,
571 4381 649 4445 quas
672 4362 727 4446 qui
750 4380 812 4427 non
831 4360 928 4427 habet
947 4359 1064 4439 βαρέως
1087 4361 1247 4445 διαφοιτρῖ.
1274 4360 1468 4428 Hortensius

272 4468 356 4553 apud
385 4465 596 4531 Plutarchum
627 4470 661 4530 in
684 4465 776 4552 Sylla
798 4468 926 4553 urgenti
950 4466 1097 4532 Archelai
1120 4471 1277 4554 equitatui
1301 4468 1469 4548 προσετίλ-
