3200 5066
189 422 191 426 ‚
322 321 387 390 998
824 336 995 390 nummos

321 510 376 574 sed
399 528 469 573 eoos
493 514 623 593 apparet
644 508 747 574 forma
769 508 947 576 έντοιιθοειι
968 508 1082 595 Odyss.
1108 516 1144 571 Φ.
1169 504 1223 573 97.
1248 513 1279 572 at
1303 505 1382 572 127.

456 613 583 679 έιόλιτειι
605 614 723 694 Neopto
746 612 924 680 έιτοιιθςειι
946 612 1122 683 θιοῖςεθσειι
1143 634 1178 676 τε
1202 610 1328 692 conpos.

367 717 452 799 Quid
482 715 656 784 faciemus?
686 717 765 799 Quis
796 719 926 785 audebit
957 729 980 784 c
1011 737 1190 805 expungere
1213 713 1293 789 ὅπως
1317 718 1353 782 τὸ
1377 714 1489 789 tentatie

321 820 496 905 Φυλσχθῇέ
531 821 721 889 Τὶιιιίᾱίοιοο
742 824 777 888 in
799 823 858 888 tali
879 845 913 888 ra
936 820 1049 891 Oritiei
1070 843 1137 889 esse
1159 821 1261 888 solent
1282 827 1316 886 at
1339 821 1439 887 audax
1454 821 1489 884 fa

320 930 411 993 ainus
445 926 574 994 videtur
606 932 714 993 eontra
747 927 845 994 libros
876 930 1051 995 deoernere.
1093 927 1180 1014 argo
1209 930 1326 992 testem
1356 924 1490 991 idoneum

320 1032 505 1119 producam.
534 1030 672 1097 Prodest
689 1034 757 1117 ipse
775 1033 977 1099 Aristarchus
994 1033 1035 1098 ad
1052 1032 1145 1098 Iliad.
1169 1042 1208 1096 Χ.
1228 1028 1282 1097 67.
1302 1029 1489 1111 έρθοιοιιι

205 1142 213 1156 “
321 1137 339 1211 ἡ
364 1134 459 1210 θιτλιῖ
490 1128 537 1199 θτι
559 1134 666 1215 χρόιοι
689 1135 848 1210 θλλκκτοιι
871 1135 941 1201 dari
964 1141 1018 1201 τοῦ
1041 1134 1241 1217 ὀρθσουθιι
1263 1135 1316 1201 nai
1342 1137 1373 1199 έι
1396 1134 1491 1199 'Oder-

320 1239 391 1323 τιθρ
419 1240 540 1319 ,νευρὴν
564 1238 764 1305 έιτοιιθΕῙΝ”
787 1240 857 1306 dari
887 1245 941 1305 τοῦ
965 1241 1153 1308 έντοιιθῦειι.
1191 1239 1260 1306 Iam
1282 1259 1348 1306 non
1370 1244 1418 1305 eat
1435 1236 1491 1302 ulls

320 1344 476 1430 amplius,
499 1349 538 1408 ut
560 1345 686 1429 opinor,
711 1344 880 1412 dubitatio.

365 1449 526 1516 Homerus
548 1451 665 1536 igitur,
689 1454 727 1514 ut
745 1451 847 1514 Attici
865 1470 992 1527 omnes,
1016 1451 1051 1515 in
1070 1449 1122 1516 his
1141 1456 1308 1515 σὀκεθσιιθοο
1329 1459 1353 1513 c
1369 1445 1491 1515 elidebat

321 1555 501 1638 formasque
521 1572 579 1638 pro
601 1572 635 1617 re
655 1558 732 1619 nats
754 1553 957 1619 contrahebat
975 1559 1032 1619 aut
1050 1572 1113 1619 non
1132 1554 1355 1621 eontrahebat:
1377 1549 1490 1638 perinde

320 1658 446 1724 dicebat
467 1655 567 1723 τελέει
590 1662 624 1723 at
644 1665 748 1732 τελεῖ,
771 1658 931 1723 τελέισθοιι
954 1663 987 1723 et
1008 1660 1182 1735 τελεῖσθαι,
1205 1657 1346 1724 ὀλθεσθοιι
1369 1663 1403 1723 at
1421 1651 1489 1720 at

320 1762 393 1840 έμθι
421 1761 509 1837 κλέος
538 1760 642 1827 οὔποτ’
673 1762 802 1828 ὀλεῖτοιι.
836 1763 1021 1828 Promissus
1050 1765 1142 1848 ponit
1164 1762 1252 1845 θοιμᾷ
1276 1768 1309 1827 at
1332 1759 1440 1843 ὀσμθρι
1458 1757 1490 1821 si·

321 1867 492 1952 miliaque,
515 1871 554 1931 ut
575 1887 625 1931 res
648 1871 681 1932 at
701 1868 828 1933 numeri
850 1867 1002 1933 serebant.
1025 1865 1140 1947 κομθζιι
1162 1867 1259 1932 habet
1277 1872 1373 1944 κομιῶ
1393 1863 1488 1949 Odys

322 1982 362 2037 0.
388 1969 464 2035 546.
487 1968 573 2052 adada
595 1971 622 2036 δ’
647 1971 708 2050 tra
731 1977 874 2050 κομιῶ.
897 1972 987 2037 verbi
1014 1970 1143 2053 κτερθζισ
1161 1971 1308 2037 futurum
1332 1975 1381 2035 est
1401 1972 1489 2046 κτεριῶ

320 2074 412 2141 Iliad.
447 2084 484 2139 Σ.
516 2073 592 2140 334.
624 2074 659 2140 οὕ
691 2099 725 2140 σε
749 2076 817 2157 τρθι
840 2082 999 2157 κτεριῶ.
1024 2082 1057 2142 et
1078 2080 1223 2158 κτεριοῦσι
1246 2075 1340 2141 Iliad.
1365 2085 1405 2140 Λ.
1427 2070 1489 2136 455.

321 2180 530 2260 κτεριοῦσί
559 2203 600 2258 γε
629 2180 684 2246 ὀιόι
714 2180 861 2261 Ἀχοιιοθ.
894 2187 927 2246 et
957 2191 995 2246 Χ.
1029 2178 1105 2247 336.
1136 2182 1188 2246 τθι
1219 2181 1251 2247 δέ
1275 2183 1489 2260 κτεριοῦσιν

319 2283 460 2366 ’Λχοιιιθ
494 2282 549 2350 sic
580 2283 702 2365 οόεικθζοι
732 2285 830 2352 habet
851 2285 997 2350 futurum
1019 2286 1132 2351 οόεικιῶ.
1164 2285 1256 2351 Iliad.
1281 2295 1320 2350 X.
1346 2282 1420 2351 256.

592 2388 625 2453 οὐ
647 2389 710 2469 γὰρ
734 2389 795 2467 ὀρθ
819 2395 848 2453 τ’
870 2386 1031 2466 έκιιοιρλοο
1054 2393 1203 2455 ἀεικιῶ.

320 2495 368 2560 sio
397 2498 430 2559 et
459 2494 660 2571 θρλοιῖεῖσθιιι
692 2493 776 2559 dixit
804 2492 895 2559 Iliad.
926 2502 964 2558 K.
989 2493 1065 2560 311.
1092 2499 1125 2559 at
1148 2495 1392 2571 έτιιρλοιϊεῖσθιιι
1413 2487 1488 2558 Iliad·

324 2606 361 2662 Σ.
388 2595 464 2663 133.
487 2598 595 2662 omnia
614 2595 709 2682 plane
730 2603 769 2663 ut
791 2598 998 2663 Athenienses
1021 2598 1172 2664 solebant.

367 2701 430 2768 Sed
459 2702 546 2769 idem
576 2701 754 2781 Homerus,
785 2704 840 2787 qui
863 2724 902 2768 ex
923 2702 975 2768 his
996 2702 1144 2768 omnibus
1166 2704 1279 2768 tormis
1301 2711 1326 2766 c
1348 2700 1488 2771 removet·

322 2805 394 2872 aliis
423 2804 502 2871 loeis
531 2808 566 2871 in
595 2806 710 2872 iisdem
740 2817 763 2872 c
793 2828 855 2872 non
886 2809 1017 2883 eximit,
1048 2806 1102 2871 sed
1129 2810 1282 2894 geminat.
1319 2805 1384 2887 Qui
1405 2800 1490 2871 κιλέι

321 2910 401 2975 dicit
431 2910 518 2975 idem
548 2910 795 2991 τροκκλέσσετιιι
824 2931 938 2997 ponere
969 2911 1058 2977 solet.
1093 2911 1142 2975 Ex
1169 2911 1281 2987 θλλυμι
1309 2910 1410 2976 simul
1429 2905 1489 2971 ὀλέιι

320 3015 462 3079 uasoitur
480 3017 512 3079 et
533 3015 670 3092 ὀλεῖτοιι,
694 3013 793 3080 simul
816 3014 969 3093 ὀλέσσεις,
994 3014 1123 3081 ὀλέσσει.
1148 3015 1260 3102 Odyss.
1274 3027 1307 3079 Β.
1329 3014 1384 3079 49.
1402 3012 1490 3091 βίοτον

321 3117 348 3183 θ’
379 3118 441 3183 ιέιτό
472 3116 610 3196 τοθμτοιν
641 3120 813 3185 ὀλέσσει.
856 3119 913 3185 Bis
943 3119 1025 3184 dixit
1056 3118 1184 3198 ριιμέω,
1215 3120 1270 3185 sad
1292 3119 1391 3186 semel
1412 3112 1489 3183 Iliad·

322 3232 347 3287 1.
372 3219 448 3288 394.

412 3324 533 3400 Πιρλεθρ
558 3327 608 3401 θιρί
629 3349 679 3404 μοι
704 3326 814 3393 ἔπειτα
838 3335 974 3405 aureius
998 3328 1259 3406 γοομέσσετοιι
1283 3326 1387 3399 ariade.

368 3428 432 3510 our
460 3450 583 3513 semper
613 3429 723 3509 ερον,
747 3432 895 3513 asma,
921 3434 1056 3512 εροεοιλ
1080 3415 1175 3511 erist,
1191 3435 1285 3499 seem
1308 3434 1392 3499 dixit
1412 3424 1490 3498 uid·

322 3543 359 3599 Κ.
385 3531 438 3601 44.
464 3533 551 3613 ἥτθρ
575 3558 626 3599 κει
650 3534 810 3615 ὀρύσσεται
834 3538 866 3611 ἠὲ
888 3539 1017 3603 σοιθσει.
1042 3543 1074 3604 at
1098 3549 1134 3603 T.
1161 3536 1237 3603 311.

592 3638 609 3713 ἦ
634 3639 685 3705 κεί
707 3664 760 3718 μιν
783 3641 923 3721 ἐρύσσεαι
948 3637 966 3716 ἦ
988 3667 1037 3708 κει
1061 3642 1172 3714 έθσεις.

365 3742 515 3808 Vidimus
537 3743 683 3809 futurum
706 3766 772 3811 esse
794 3745 892 3823 ὀιόοι,
913 3746 1049 3825 ἐξανύω,
1072 3747 1127 3812 sod
1149 3746 1359 3812 nihilominus
1377 3746 1492 3832 ponitur

319 3852 353 3913 et
373 3845 487 3934 Odyss.
512 3869 548 3912 ιι.
575 3845 652 3914 373.
676 3848 859 3916 οόιθσσεσθιοι
883 3850 959 3917 τάδε
982 3851 1086 3933 sepau.

364 3948 464 4036 Saepe
483 3951 578 4017 τελέω
600 3952 683 4019 dixit
702 3955 756 4019 sed
776 3954 867 4021 ssiad.
888 3966 917 4020 Ψ
933 3955 1007 4023 559.
1027 3957 1087 4035 ἐγὼ
1102 3955 1135 4021 δέ
1147 3980 1180 4025 ιοε
1194 3956 1246 4021 κο)
1259 3956 1294 4022 τθ
1314 3955 1491 4021 τελέσσιι.

363 4055 449 4142 Ergo
479 4058 508 4123 si
537 4055 616 4122 iera
647 4058 793 4124 futurum
824 4065 889 4137 eet,
921 4067 959 4125 ut
989 4082 1084 4147 supra
1114 4061 1273 4139 vidimus,
1305 4059 1442 4126 nondum
1464 4051 1490 4118 id

317 4166 507 4247 argumento
538 4167 586 4229 ast
616 4163 761 4227 futurum
792 4163 938 4245 ἀμφιέσω
969 4187 1035 4231 esse
1066 4171 1226 4251 oportere,
1258 4172 1297 4230 ut
1325 4169 1360 4232 in
1387 4152 1491 4241 εἵμοιθ

317 4267 347 4329 τ’
384 4264 549 4345 ἀμφιέσω,
583 4287 720 4352 namque
753 4269 863 4335 eadem
894 4270 997 4336 forma
1026 4271 1133 4337 futuro
1164 4270 1290 4352 ὀμφιέω
1320 4266 1490 4354 responden

316 4370 480 4451 potuisset.
