3340 5014
629 363 822 411 rnrcocoorct
848 365 885 412 cr
908 366 1034 413 cnrrrcu.
1364 345 1426 411 tro

278 528 484 597 Manifestum
515 538 565 597 est
595 530 804 599 Plutarchum
835 553 936 621 quom
965 533 1042 603 hacc
1074 534 1230 602 scriberet
1253 534 1290 601 σθ
1312 559 1347 601 τε
1370 538 1425 601 τοῦ

233 634 414 716 Περικλέους
432 636 590 721 ψήφισμα
608 637 661 705 καί
685 641 792 706 τὸτοῦ
812 641 939 723 Χαρίνου
958 640 997 707 ob
1016 640 1125 708 oculos
1146 639 1307 708 hahuisse.
1332 640 1424 722 Quod

233 744 318 809 eninr
344 742 527 831 psephisma
548 744 682 812 Periclis
706 754 818 812 narrat
838 766 907 813 esse
928 748 1114 828 εὐγνώμονος
1135 748 1187 814 καὶ
1209 748 1423 831 Φιλανθροίπου

234 851 444 931 δικαιολογίας
475 849 623 935 ἐχθμινον
657 851 821 919 Plutarchi
854 851 1012 920 iudicium
1043 861 1110 929 cst,
1143 853 1199 939 quui
1223 863 1327 920 totum
1350 872 1422 939 pse·

234 955 360 1044 phisrna
384 955 592 1044 perlegisset,
618 978 757 1046 namque
788 959 819 1024 in
845 958 886 1024 iis
910 979 992 1045 quae
1017 959 1090 1025 indu
1110 958 1281 1045 descripsit
1305 958 1422 1041 κήρυκα

233 1065 415 1144 πεμφθῆναι
442 1065 515 1144 πρὸς
539 1067 651 1138 αὐτοὺς
675 1066 727 1131 καί
752 1066 824 1147 πρὸς
848 1065 1109 1144 Λακεδαιμονίους
1133 1066 1184 1131 τδν
1208 1065 1301 1131 αὐτὸν
1324 1089 1421 1142 κατη-

233 1176 384 1252 γοροῦντα
409 1177 468 1235 τῶν
491 1170 664 1252 Μεγαρέων
685 1171 772 1236 nulla
796 1172 927 1237 omnino
951 1181 999 1237 est
1016 1171 1219 1250 δικαιολογία.
1256 1170 1317 1239 Sed
1339 1171 1423 1239 inest

233 1277 266 1341 in
291 1276 333 1341 iis
357 1284 453 1362 turpe
477 1275 647 1353 mendum,
672 1275 756 1363 quod
780 1275 884 1343 ohitcr
914 1279 1067 1344 esionam.
1093 1283 1326 1360 κατηγοροῦντα
1353 1297 1422 1344 cor·

233 1390 367 1469 ruptum
399 1389 466 1448 est:
498 1401 572 1448 nam
605 1401 708 1468 neque
739 1381 872 1450 Fetialis
902 1392 951 1450 est
981 1392 1163 1465 κατηγορεῖν
1186 1394 1218 1450 et
1243 1384 1423 1471 requiritur

233 1491 396 1575 ficturum,
430 1507 492 1553 non
526 1507 688 1575 praesens.
736 1487 819 1570 Quid
862 1487 986 1555 multa?
1031 1488 1174 1556 Emenda
1210 1495 1421 1571 κατεροθντα,

232 1593 316 1681 qnod
341 1595 374 1659 in
399 1613 437 1660 ea
460 1613 497 1659 re
531 1593 673 1660 solemne
701 1602 733 1659 et
764 1592 946 1679 legitimum
980 1594 1114 1661 verbum
1146 1606 1194 1662 est
1224 1604 1256 1662 et
1277 1616 1371 1682 saepe
1403 1616 1423 1662 a

231 1699 350 1766 scribis
382 1701 545 1785 corrumpi
578 1698 721 1765 solitum.
769 1698 876 1767 Facile
912 1708 961 1767 est
997 1721 1015 1766 a
1052 1700 1217 1767 Plutarchi
1249 1700 1356 1768 verbis
1386 1721 1424 1768 ca

232 1805 514 1891 discernerequoe
527 1804 690 1883 αθσολεξεί
709 1824 746 1871 ex
769 1815 907 1893 utroque
928 1805 1323 1895 phephismatcdesoripta
1336 1815 1423 1874 sunt.

233 1912 378 1977 Primum
409 1912 637 1990 ἀποτέμνεσθαι
660 1913 716 1986 τίην
739 1911 870 1992 θργοίδα.
919 1910 973 1977 Sic
997 1921 1122 1980 veteres
1146 1912 1358 1980 Athenienses
1381 1913 1425 1981 lo·

231 2017 418 2106 quehaotor
449 2026 481 2083 et
509 2018 615 2097 ἱερὰν,
647 2016 732 2104 quod
765 2036 851 2083 nunc
876 2016 958 2084 male
982 2017 1147 2097 adhaesit,
1174 2029 1285 2085 natum
1311 2028 1425 2087 estex

231 2124 418 2210 sequiorum
442 2121 692 2198 consuetudine,
716 2123 771 2209 qui
797 2142 911 2208 agrurn
934 2123 1042 2190 Cereri
1063 2135 1093 2190 et
1119 2125 1331 2213 Proserpinae
1349 2147 1424 2193 con·

231 2239 395 2297 secretum
428 2248 491 2294 non
522 2228 669 2309 ὀργθδα
692 2226 914 2314 appellabant,
938 2228 992 2295 sed
1018 2232 1074 2306 την
1099 2239 1158 2310 γῆν
1182 2232 1237 2308 τίην
1260 2230 1343 2313 θεροθν
1366 2241 1424 2299 aut

231 2338 286 2412 τίην
309 2336 415 2417 χώραν
438 2336 493 2410 τίην
523 2333 618 2414 ίεροίν.
667 2333 897 2402 Demosthenes
921 2335 988 2416 περὶ
1012 2336 1184 2416 συντάξεως
1210 2357 1240 2424 p.
1270 2342 1342 2403 175.
1365 2333 1424 2404 olor

231 2438 253 2508 οδ
280 2442 355 2523 πρδς
386 2439 458 2513 τοὺς
484 2438 680 2522 καταράτους
711 2440 883 2522 Μεγαρέας
912 2442 1110 2526 ἐψηφίσασθε
1142 2443 1423 2525 ἀποτεμνομέ-

231 2572 318 2622 νους
344 2548 414 2624 τίρν
438 2545 611 2627 θργοέδα,
635 2545 914 2625 ἐξιέναι,κοιλυέιν,
939 2550 984 2627 μη
1001 2546 1184 2630 ἐπιτρέπειν.
1223 2547 1269 2614 Ex
1290 2548 1421 2617 Charini

232 2652 450 2741 psephismate
475 2653 616 2739 primum
643 2652 799 2721 hahemus
825 2653 974 2722 ἄσπονδον
997 2655 1054 2732 μέν
1078 2649 1155 2719 είναι
1179 2654 1232 2720 καὶ
1254 2654 1423 2737 οὶκιίρυκτον

230 2760 363 2842 ἔχθραν,
385 2755 417 2834 ὃς
436 2759 463 2825 δ’
483 2757 522 2824 ἂν
541 2759 637 2842 ἐπιβῇ
656 2770 713 2837 τῆς
730 2763 877 2839 Ἀττικῆς
897 2759 1068 2840 Μεγαρέων
1089 2756 1210 2842 θανοέτῳ
1230 2758 1420 2843 ζημιοῦσθαι.

232 2865 394 2932 Usitatum
424 2871 473 2929 cst
506 2865 537 2929 in
570 2865 627 2932 tuli
661 2885 695 2931 re
728 2865 811 2951 quod
844 2865 929 2952 apud
964 2863 1209 2933 Demosthenem
1233 2863 1354 2951 legitur
1384 2867 1424 2934 de

233 2971 353 3038 (ίοιυιιο
383 2989 414 3056 p.
436 2974 514 3036 stt.
539 2967 574 3047 ἦν
602 2972 665 3052 γοδρ
695 2971 844 3046 ἄσπονδος
876 2973 928 3038 καὶ
959 2975 1128 3054 οίκνίρυκτος
1161 2973 1232 3050 ὑμῖν
1256 2972 1329 3055 πρὸς
1352 2975 1423 3047 τοὺς

230 3076 347 3150 θεατὰς
372 3075 528 3155 πόλεμος,
554 3097 656 3163 neque
679 3087 729 3144 cst
752 3079 820 3146 veri
844 3078 950 3144 simile
972 3079 1077 3145 odium
1098 3078 1334 3145 interneciuum
1357 3077 1422 3167 ple·

232 3182 347 3249 hiscito
367 3180 497 3249 decerni
529 3182 692 3270 iudicique
724 3182 780 3249 sed
814 3185 950 3258 delirum.
985 3183 1082 3272 idque
1106 3184 1212 3271 ipsum
1245 3183 1421 3250 Charinum

230 3289 401 3377 scripsisse
425 3288 564 3354 arbitror
587 3288 736 3357 ἄσπονδον
757 3291 816 3369 μὲν
838 3286 916 3356 εἶναι
938 3290 991 3357 καί
1018 3292 1189 3372 οὶκνίρηκτον
1219 3289 1422 3369 πόλεμον,

230 3395 349 3483 quihus
386 3393 492 3461 verbis
523 3396 604 3462 scite
640 3395 834 3463 Plrrtarchus
867 3397 935 3483 ipse
969 3396 1075 3462 utitur
1106 3397 1139 3462 in
1174 3397 1239 3462 uite
1269 3395 1423 3463 Aristidis

231 3521 302 3589 cap.
328 3501 353 3567 l.
379 3503 412 3566 od
431 3499 495 3580 γοίρ
526 3501 571 3571 ἐςι
601 3511 665 3577 τοῖς
689 3503 820 3582 ἀγαθοῖς
843 3503 1012 3583 θκιίρυκτος
1036 3503 1089 3569 καὶ
1112 3502 1262 3574 ἄσπονδος
1285 3501 1423 3580 πόλεμος

231 3607 303 3689 πρὸς
327 3606 388 3679 τὰς
411 3607 498 3688 παρὰ
522 3611 580 3671 τῶν
603 3609 704 3690 φίλων
727 3607 852 3689 δωρεάς.
901 3607 1023 3675 Deinde
1043 3607 1203 3675 Charinus
1221 3608 1267 3675 ila
1285 3608 1421 3694 scripse·

231 3721 300 3779 rat:
336 3712 362 3778 οέ
391 3711 424 3777 δὲ
454 3711 603 3794 ςρατηγοί
634 3709 708 3778 έταν
738 3715 868 3793 ὀμνύωσι
900 3714 952 3780 τὸν
977 3712 1103 3797 πατριον
1127 3712 1208 3798 ίρκον
1230 3712 1423 3794 ἐπομνύντων

231 3814 277 3884 ire
302 3818 355 3883 καί
381 3818 425 3892 δὶς
449 3818 510 3885 ίυνοδ
535 3823 600 3884 πᾶν
623 3818 689 3893 ἐτος
714 3821 756 3893 είς
779 3822 834 3896 riv
858 3823 1042 3902 Μεγαρικὴν
1057 3821 1267 3900 ἐμβαλοῦσιν,
1290 3818 1421 3907 quibus·

230 3943 306 3990 cum
331 3922 441 3989 conler
473 3922 695 4013 Thucydidem
731 3925 782 3992 lV.
808 3929 851 3991 66
875 3934 1027 4007 Μεγαρῆς
1053 3925 1225 4009 πιεζόμενοι
1251 3926 1305 3991 ὑπ’
1330 3927 1422 4002 Ἀθη-

193 4034 196 4043 ’
231 4031 320 4097 ναίων
342 4033 385 4112 τῷ
409 4030 535 4113 πολέμῳ
558 4032 607 4098 olel
630 4033 703 4098 κατ’
726 4030 790 4105 ἐτος
815 4027 925 4102 ἕκαςον
940 4031 984 4105 δίς
1003 4030 1222 4110 ἐσβαλλόντων
1241 4041 1421 4119 παυςρατιᾷ

231 4137 261 4210 ἐς
285 4138 341 4212 rhu
363 4137 469 4219 χώραν
491 4137 556 4203 κτὲ.
605 4137 772 4205 Praeterea
797 4138 905 4224 arguit
925 4141 981 4213 τίην
999 4138 1139 4222 οέρχαίαν
1160 4135 1291 4206 Ἀτθίδα
1303 4137 1423 4206 locutio

230 4243 291 4308 θνα
326 4246 390 4308 πῖον
426 4241 503 4316 ἐτσς.
550 4243 673 4310 lterum
705 4252 839 4332 apparet
870 4245 1041 4331 antiquum
1075 4263 1190 4311 nomen
1224 4245 1255 4311 in
1293 4244 1419 4312 verbis:

231 4354 372 4431 ταφῆναι
395 4350 427 4415 δέ
450 4348 502 4414 τὸν
532 4347 762 4431 Ἀνθεμόκριτον
789 4352 875 4432 παροδ
899 4351 957 4422 τοὶς
983 4352 1133 4432 Θριασίας
1155 4352 1279 4429 πέλας,
1305 4351 1423 4438 quihus

233 4453 427 4522 Plutarchus
452 4454 491 4521 de
514 4475 573 4522 suo
593 4453 733 4531 audium
758 4449 792 4524 ιιί
816 4463 866 4523 νῦν
888 4458 1027 4525 Δίπυλον
1045 4456 1264 4540 θνομθζονται,
1285 4476 1425 4546 namque
