3200 5066
639 344 810 394 uouuuca.
1188 352 1190 356 ’
1253 329 1317 397 397

134 525 248 583 λοντος.
283 509 473 577 Rectissime
493 510 639 578 Dindorf.
662 516 813 580 correxit:
839 513 1024 595 ’Λρέςαοχος
1048 515 1080 581 δέ
1102 516 1155 582 καὶ
1177 516 1319 598 ‘Hecatae-

132 617 180 688 νὸς
203 613 327 695 χεύυ,
349 621 422 681 tum
445 623 602 702 expuncto
623 618 759 685 articulo
780 619 896 684 scribe:
920 615 956 683 ἵν’
980 617 997 700 ἦ
1020 621 1126 696 ένεςύις
1150 622 1218 687 cieri
1240 621 1318 701 μέλ·

130 735 245 788 λύντο.

176 746 258 893 itote
280 829 399 893 iterum
415 849 559 912 ρεαιεειιν
573 850 634 912 pro
646 829 773 913 saturo.
807 827 893 909 Quid
911 827 1030 896 diceres
1050 832 1078 896 si
1096 835 1252 918 scriptum
1271 853 1318 899 es·

131 937 197 998 set:
229 930 283 996 καὶ
314 931 365 997 tet
387 930 497 1013 κτέρεα
520 933 689 1014 κτεοεῖΖυ,
713 938 746 998 et
768 932 969 1000 contenderet
990 932 1108 1020 aliquis
1130 937 1250 1021 optime
1272 938 1318 1003 sic

130 1037 244 1115 scribi,
269 1056 407 1122 namque
429 1058 495 1103 esse
513 1060 655 1121 praeeesse
670 1060 728 1121 pro
741 1037 884 1123 futuro?
905 1036 942 1104 ei
964 1039 1046 1105 soret
1066 1042 1100 1105 in
1124 1043 1214 1105 terris
1236 1039 1318 1106 ride·

129 1148 179 1207 ret
201 1141 404 1207 Aristarchus
426 1148 460 1207 et
481 1142 626 1223 κτεμέΞο
649 1148 823 1228 reponeret.
858 1140 922 1209 Sed
942 1163 1016 1221 cur,
1046 1163 1177 1229 quaeso,
1208 1145 1318 1209 minus
1425 1158 1432 1170 '

127 1248 275 1332 Ineptum
305 1250 355 1313 est
376 1268 522 1331 μοσεναι
542 1269 604 1331 pro
624 1247 741 1331 futuro
769 1248 805 1311 in
837 1245 922 1329 χεύυ
954 1266 1051 1332 quam
1080 1249 1115 1313 in
1145 1245 1317 1329 κτεμεῐΖιοέ

127 1350 274 1418 Dindori.
300 1350 338 1416 ds
360 1349 465 1434 χεύσο
488 1353 661 1439 cogitauit,
683 1355 722 1415 ut
745 1348 858 1437 Odyss.
871 1359 910 1416 λ.
932 1349 998 1417 291
1018 1355 1066 1418 est
1084 1351 1203 1438 duplex
1219 1352 1316 1418 lectio

127 1461 223 1536 χεῦαι
253 1461 286 1521 et
316 1460 442 1535 χεῦσαι.
484 1454 547 1522 Sed
577 1458 612 1521 in
643 1456 755 1521 formIs
778 1456 918 1540 antiquis
939 1455 996 1522 ubi
1018 1457 1128 1523 subest
1150 1448 1348 1545 digamma'

127 1567 185 1626 aut
201 1560 343 1645 σνίαμύσσ,
366 1563 456 1627 utin
474 1560 620 1638 ύλέαιτο,
644 1558 817 1635 αλέασέαι,
842 1564 899 1624 aut
916 1560 1042 1644 duplex,
1062 1565 1102 1627 ut
1115 1562 1314 1641 ἱειύλεύατο,

127 1660 258 1744 ύλευαι,
282 1665 414 1743 σεύατο,
437 1662 554 1747 έχευα,
577 1664 652 1731 addi
676 1674 699 1729 C
721 1684 786 1730 noa
803 1668 917 1750 potest.
945 1665 1075 1730 Proreus
1091 1667 1220 1730 barbara
1238 1671 1315 1733 sunt

126 1775 249 1853 χεύοαι
278 1788 336 1854 pro
364 1773 480 1850 χεῦαι,
511 1773 544 1835 et
573 1765 713 1835 ύλευΟαι
742 1787 800 1853 pro
830 1764 954 1835 ἄλευαι.
988 1762 1125 1836 Perinde
1155 1774 1204 1836 est
1226 1773 1313 1837 ecsi

126 1877 198 1960 quis
220 1874 358 1942 ύστικιςέ
375 1873 475 1940 vellet
493 1870 599 1955 ixeca
618 1874 722 1939 dicere
740 1892 798 1957 pru
816 1870 906 1956 έχεα.
930 1872 1022 1956 Quod
1040 1880 1149 1940 autem
1167 1873 1312 1941 Dindorl‘.

125 1981 274 2065 opinatur
306 1978 461 2060 ..χεύομεν
481 1978 594 2066 futuri
622 1977 843 2065 εἰμαξνύοούύοοι
870 1978 981 2043 dictum
1010 2000 1072 2043 esse
1100 1980 1189 2044 etiam
1217 1976 1309 2046 Iliad.

91 2111 96 2117 ·
124 2092 164 2149 H.
188 2081 265 2149 336.

234 2187 357 2269 τύμβον
380 2187 409 2254 t·
433 2190 522 2271 ἀμφὶ
545 2190 639 2271 τυρύιν
662 2186 717 2254 ive
738 2186 922 2270 χεύομεν
944 2185 1187 2269 έξαχαχέντες.”

121 2295 208 2383 fugit
238 2315 314 2360 eum
344 2296 436 2360 ratio.
478 2293 641 2381 Inspectus
669 2294 759 2360 locus
786 2294 898 2359 statim
917 2294 1086 2380 patefaciet
1109 2315 1219 2360 omnes
1241 2315 1308 2361 esse

121 2401 317 2466 coniunctiri
338 2400 471 2466 aoristcs
493 2400 686 2477 κυκλήσομεν
705 2435 748 2447 -
767 2398 967 2475 κατακήομεν
984 2435 1028 2448 -
1043 2398 1178 2479 χεύομεν
1192 2436 1234 2447 -
1247 2398 1307 2465 esl-

120 2526 220 2582 μομεν
240 2543 283 2554 -
303 2506 468 2583 ποιήσομεν
488 2541 531 2553 -
549 2499 713 2585 έμύξομεν,
736 2501 820 2585 quod
842 2504 870 2566 si
892 2501 972 2566 forts
994 2503 1029 2567 in
1051 2504 1183 2567 caeteris
1206 2504 1307 2568 ambi·

120 2629 224 2695 guum
247 2613 328 2673 esset
351 2612 468 2694 pessit,
491 2609 526 2672 in
549 2605 748 2683 κατακούομεν
771 2609 804 2671 et
826 2604 970 2683 δείμομεν
992 2625 1043 2670 res
1060 2613 1109 2671 est
1126 2607 1305 2673 manifesta.

164 2711 392 2798 Ptaeterquam
421 2713 455 2776 in
485 2712 537 2776 his
566 2713 628 2775 tria
657 2713 733 2773 sunt
762 2709 848 2793 apud
868 2708 1049 2774 Homerum
1066 2710 1164 2776 verba
1184 2712 1219 2775 in
1242 2711 1305 2778 -ύιι

119 2815 300 2904 penultima
321 2815 428 2894 brevi,
456 2817 513 2881 ubi
536 2825 559 2880 C
581 2819 747 2879 οοαιύοιιέσν
768 2815 804 2877 iu
825 2812 935 2879 futuro
957 2812 1105 2894 eliditur,
1129 2821 1167 2881 ut
1188 2818 1223 2882 in
1245 2840 1306 2896 χα-

118 2922 207 3001 μέιυ,
229 2920 345 2998 τελέοι,
370 2920 472 2986 κοιλέυ
498 2920 701 3005 caeterisque.

134 3022 283 3107 ’Ἑεμύιι,
308 3024 342 3090 id
365 3030 413 3090 est
435 3022 533 3102 έλκυ,
565 3023 662 3089 habet
683 3023 802 3107 ubique
815 3022 964 3109 setarum
985 3021 1072 3104 ιερύιι
1095 3029 1128 3090 et
1147 3027 1181 3090 in
1203 3024 1307 3093 forma

64 3190 67 3196 .
118 3130 226 3198 media
247 3130 413 3211 εερύεσύαι.
438 3130 611 3214 eademque
633 3131 681 3193 est
701 3127 783 3193 ratio
805 3129 840 3192 in
852 3127 980 3213 fueris
1002 3126 1103 3209 ύνύο,
1134 3126 1249 3206 ἐξανύω
1274 3135 1307 3196 et

118 3235 238 3314 τανύω,
264 3234 408 3301 έντανύιι.
440 3234 562 3321 Inspice
581 3237 725 3319 potitam,
748 3231 833 3311 λαβέ
851 3230 887 3297 τὸ
905 3230 1040 3311 βιβλίον.
1064 3231 1155 3299 Iliad.
1174 3244 1213 3299 0.
1228 3232 1304 3302 351.

127 3409 129 3412 ⁴
480 3338 571 3405 ἀλλὰ
594 3338 680 3411 κύνες
703 3336 897 3417 εεμύουσι.

162 3457 204 3511 Λ.
237 3445 313 3512 454.
330 3443 436 3510 ’ύλλ’“
454 3444 545 3510 οἴκοιο)
577 3443 697 3522 ύμνςαὶ
724 3443 936 3523 ιεμύουσιν.
959 3440 1051 3509 Iliad.
1076 3452 1113 3508 Χ.
1139 3441 1192 3509 67.
1217 3443 1304 3516 κύνες

118 3550 294 3630 -ὲύμνςαὶ
325 3548 541 3630 ιεμύουσιν.
571 3559 604 3614 Ρ.
630 3546 707 3613 234.
731 3548 858 3613 εέλτετο
882 3546 975 3626 lapte
997 3547 1111 3628 Νεκμὸν
1135 3547 1188 3612 ύτ’
1211 3545 1304 3613 Δέον·

117 3678 169 3729 τοι
192 3655 355 3735 ιεμύειν.
381 3665 414 3722 Ξ.
439 3652 515 3721 422.
538 3649 716 3728 εελτύμενοι
739 3651 960 3743 ιεμύεσύαι.

163 3760 324 3828 Futurum
347 3757 463 3837 έξανύο
487 3759 538 3823 bis
559 3755 681 3845 legitur
702 3755 794 3822 Iliad.
818 3766 860 3822 Λ.
885 3754 961 3847 365.
984 3760 1017 3821 ct
1039 3765 1076 3821 Υ.
1102 3754 1178 3821 452.

274 3859 293 3939 ἦ
315 3863 367 3939 έύν
390 3865 419 3928 τ’
442 3859 595 3939 έξανύο
618 3886 658 3940 χε
682 3860 735 3927 καὶ
760 3858 860 3943 ύςερον
883 3859 1105 3940 ύντιβολύσας.

116 3969 156 4035 ad
178 3975 352 4054 utrumque
374 3966 482 4033 locum
503 3971 687 4034 annotetur:
712 3965 756 4035 έςι
780 3966 812 4031 δέ
835 3966 941 4040 terete
964 3965 1034 4033 ύνσέ
1057 3966 1234 4044 μέλλοντος.

160 4073 308 4141 Tertium
337 4074 485 4139 futurum
508 4077 557 4137 est
578 4071 679 4139 τανύο
702 4077 735 4137 et
757 4070 900 4137 έισανύο.
936 4070 1049 4159 Odyss.
1075 4081 1100 4138 Φ
1126 4069 1201 4139 174.
1225 4072 1302 4138 ἀλλ’

114 4177 208 4245 ἄλλοι
231 4178 473 4254 τανύονσιν,
496 4182 530 4242 et
551 4197 599 4244 vs.
623 4175 678 4242 92.

719 4285 780 4365 ,ού
804 4282 866 4364 γὰρ
890 4283 939 4347 tte

317 4386 435 4468 initiate
458 4386 526 4454 τύδε
553 4385 640 4466 τύξον
664 4387 762 4464 έύξοον
786 4386 1064 4454 έντανύεσύαι.
