3244 5012
255 321 321 387 332
592 339 633 384 ru
656 338 887 387 sunnonoomu
912 337 1106 386 esmumsn.

390 505 540 584 ἀγνώμων
563 530 598 569 τε
621 508 749 587 φανείς,
779 508 830 572 καὶ
854 510 905 573 τὸν
929 509 1067 588 πρότερον
1093 507 1239 585 διασύρας

437 611 659 691 γραμματικὸν
681 637 723 680 ss
731 614 769 691 ρέ
777 638 850 686 σας
874 613 1017 691 μισθὸν
1041 610 1112 676 ὅλου
1133 610 1225 682 ἔτεος.

299 717 337 783 In
365 718 504 782 carmine
535 717 667 783 obscuro
700 724 732 782 et
761 707 976 785 multifarium
1005 724 1151 803 corrupto
1182 715 1320 782 diductis
1343 716 1448 782 literis

208 892 213 897 ,
254 820 449 910 significavi,
483 841 563 905 quae
590 821 696 887 labem
720 825 891 907 suscepisse
914 823 1073 889 videntur.
1108 820 1290 905 Areliquis
1311 842 1448 886 menum

148 984 151 989 ⁴
255 929 413 1004 abstineo,
438 926 493 991 esd
515 926 575 991 hoc
594 927 705 992 videor
724 929 792 992 iure
811 929 894 994 mihi
915 928 1101 994 contendere
1120 928 1264 1012 primum
1283 947 1330 990 ve.
1350 928 1468 991 tertio·

253 1052 309 1119 pro
340 1032 451 1110 τροφός
466 1033 698 1118 ,οοτιίρθιιύιιιη
721 1051 787 1096 esee
810 1035 929 1113 τροφή,
954 1031 1120 1099 collective
1142 1031 1266 1097 dietum
1289 1030 1328 1095 de
1351 1032 1447 1094 αύιιιιι·

254 1139 313 1202 ert.
346 1136 416 1202 Hos
438 1138 541 1212 enim,
566 1157 629 1201 non
648 1137 792 1200 καινίσαι
811 1137 953 1223 aliquem
973 1138 1055 1203 ferre
1073 1139 1228 1223 magistro
1247 1141 1448 1201 menstruam

254 1242 433 1308 mercedem
455 1245 579 1325 praeter
600 1244 648 1307 rei
669 1247 818 1307 naturum
838 1244 1071 1320 demonstrent,
1093 1262 1173 1327 quse
1192 1244 1275 1309 infre
1292 1244 1448 1331 leguntur

253 1368 301 1416 vs.
326 1345 346 1412 9
370 1367 448 1432 sqq„
471 1345 529 1410 ubi
542 1346 588 1412 'de
607 1366 706 1431 puero
725 1349 871 1413 mercede
890 1347 1050 1413 freudenti
1064 1347 1258 1433 magistrum
1270 1368 1373 1415 sermo
1385 1357 1445 1416 est.

254 1451 377 1520 Deinde
395 1450 530 1516 dubium
549 1470 612 1515 uon
632 1456 698 1528 est,
712 1454 789 1536 quin
800 1474 847 1518 vs.
863 1450 881 1518 7
899 1455 1079 1537 requiretur
1094 1451 1129 1528 ἐξ
1143 1452 1249 1529 ὀλίγον
1272 1453 1444 1530 μισθοῦ.

255 1563 287 1625 et
305 1554 435 1622 taudem
457 1576 505 1621 vs.
520 1553 562 1621 12
586 1575 643 1641 pro
666 1556 793 1636 τερέσας
818 1578 893 1622 oum
915 1555 1119 1624 Boissonsdio
1141 1560 1329 1642 rescriptum
1356 1580 1446 1644 opor·

255 1668 322 1730 teet
344 1660 473 1742 ςέρεσει.
508 1660 676 1726 Praeterea
697 1661 771 1726 vide
793 1684 833 1728 ne
852 1664 921 1748 ipse
939 1662 1109 1729 verborum
1128 1666 1287 1727 structure
1304 1663 1447 1748 postulet

255 1770 375 1850 ςέρεσει
398 1762 553 1844 μισθοῦ
577 1761 647 1830 ύλσιι
672 1762 764 1838 ἔτεος.

301 1873 410 1959 Epigr.
438 1868 520 1946 169,
545 1868 566 1934 3
588 1890 634 1954 sq.

347 1974 415 2042 εἷθε
438 1976 469 2040 δὲ
492 1976 546 2040 σὺν
570 1984 706 2047 Δαναοῖς
730 1999 771 2053 με
793 1975 1030 2042 κατέκτανε
1053 1984 1140 2053 μῆνις
1166 1979 1278 2053 ἐκείνη,

392 2079 461 2162 πρὶν
482 2080 626 2160 χαλεπὸς
650 2082 740 2158 λιμὸς
761 2088 987 2160 γραμματικῆς
1011 2083 1161 2147 ὀλέσει.

348 2186 516 2253 imovero
538 2185 684 2251 ὄλεσεν.
720 2184 880 2251 Plenudes
903 2185 1029 2267 ύλέσρ.

304 2293 413 2380 Epigr.
441 2288 515 2355 183.

352 2396 411 2463 Kal
435 2396 473 2461 σὺ
498 2395 592 2476 Τύχη
616 2394 721 2459 λοιπὸν
743 2394 1010 2473 μεταβαλλομέκκ
1036 2397 1234 2478 καταταίζσιι

395 2502 472 2581 μηδὲ
495 2500 596 2579 τύχης
619 2507 676 2575 τῆς
699 2507 753 2575 σῆς
777 2497 880 2570 ύτατα
904 2502 1097 2585 petrapon-

348 2609 366 2684 t,
389 2607 458 2689 πρὶν
480 2606 547 2682 onir
570 2603 691 2686 ἔχουσα
713 2606 901 2680 καπηλεύεις
925 2607 1032 2682 μετα
1055 2614 1184 2688 γῆρας

395 2710 572 2794 θερμσδύτιρ
596 2710 735 2791 μερύται
759 2714 808 2775 νῦν
830 2711 1072 2792 ιὶικφαιισμέιη.

301 2818 511 2907 Epigramma
539 2819 695 2902 scriptum
722 2818 757 2881 in
779 2816 937 2881 Fortunae
959 2816 1070 2882 aedem
1092 2820 1252 2882 mutatum
1275 2818 1310 2881 in
1331 2837 1446 2904 caupo-

255 2944 341 2989 nem.
385 2922 447 2988 Sed
477 2921 554 3007 quid
585 2922 647 2986 sibi
670 2919 751 2986 velit
772 2921 950 3005 σσιιρσαιιιιζι
971 2936 1050 2986 Posn
1072 2928 1245 2985 senectutem
1267 2942 1329 2987 uon
1351 2922 1445 2989 intel·

256 3027 347 3114 lege,
373 3027 530 3114 siquidem
554 3030 750 3092 senectutem
772 3045 858 3092 mors
881 3029 1014 3111 excipit,
1040 3032 1072 3091 et
1094 3029 1202 3114 egitur
1224 3027 1277 3092 hic
1300 3026 1339 3093 de
1357 3030 1443 3095 vive.

257 3132 360 3213 Quare
383 3132 494 3217 procul
515 3132 613 3197 dubio
632 3151 745 3195 verum
764 3135 812 3195 est
832 3130 933 3195 κατα
958 3139 1067 3210 γῆρας.
1103 3132 1261 3216 Frequens
1279 3133 1445 3216 utriusque

255 3238 495 3323 praepositionis
527 3235 669 3302 confusio
699 3235 752 3299 hic
783 3238 892 3300 minus
921 3237 1019 3301 etiem
1042 3237 1187 3303 mirande
1210 3242 1337 3322 propter
1356 3256 1446 3321 pree·

256 3362 403 3430 gressum
427 3338 705 3420 μεταβαλλσμὲκκ.

301 3446 412 3533 Epigr.
437 3445 514 3513 221.

258 3554 375 3633 Φρίσσιι
398 3552 450 3618 σύν
471 3551 685 3633 βριτσλσιγύι·
710 3552 724 3616 ὁ
748 3549 812 3632 γὰρ
835 3553 888 3616 καὶ
913 3550 1014 3633 θῆρα
1040 3550 1188 3639 (leonem)
1212 3548 1359 3631 δαμάζει

301 3655 424 3738 ἄγριαι,
450 3656 509 3721 οὐδ’
531 3657 678 3734 ὀλίγαι
701 3656 846 3739 φείσεται
871 3657 1015 3737 despice.

256 3761 376 3848 Lepide
408 3763 563 3846 interpres
595 3762 746 3827 Latinus:
782 3786 820 3825 ne
846 3763 956 3846 paucis
985 3762 1103 3848 quidus
1126 3769 1232 3846 parcet
1260 3760 1443 3825 mortalibus.

256 3866 322 3933 Ubi
344 3868 460 3932 robusto
479 3866 560 3930 teoni
577 3866 723 3932 hominos
742 3875 959 3954 opponuntur,
980 3869 1015 3932 hi
1034 3889 1097 3934 non
1110 3870 1204 3952 parret
1216 3867 1341 3934 dicendi
1352 3873 1444 3944 sunt,

256 3973 312 4041 sed
341 3972 459 4036 debiles.
495 3972 606 4056 ltaque
632 3971 744 4049 ὀλίγαι
765 3972 904 4039 Mrncus
927 3974 1155 4038 Anomumuus
1179 3973 1295 4038 dirime
1317 3971 1447 4038 videtur
1496 3954 1502 3965 ’

256 4099 313 4164 pro
332 4078 471 4143 ιὶσύειῶι.
495 4076 558 4142 Sed
577 4077 708 4143 fortasse
725 4079 928 4162 praeferende
938 4076 1102 4142 Plenudee
1113 4078 1209 4143 lectio
1220 4075 1282 4143 οὐδ’
1307 4079 1445 4154 ὀλίγον

257 4189 278 4251 i.
304 4205 330 4249 e.
355 4183 421 4248 οὐδὲ
444 4179 710 4261 μικρύκεσύδέν.

303 4290 412 4375 Epigr.
439 4286 514 4353 226.

396 4394 435 4458 Al
460 4394 484 4456 δ’
507 4393 605 4472 ἄγετε
631 4391 738 4472 ξανθαὶ
764 4395 947 4473 σιμβληίδες
972 4392 1052 4473 ἄκρα
1076 4395 1277 4471 μέλισσαι
