3200 5066
617 369 830 419 cancamum.
1250 347 1315 413 389

129 546 351 627 καθαιρεθῆναι.
385 542 488 609 Sensu
516 561 617 608 vacua
643 544 719 605 sunt
740 539 799 604 θπθ
822 544 880 605 τῶν
904 539 1003 602 αὐτῶν
1027 545 1060 604 ει
1081 542 1135 616 τῆν
1159 537 1313 618 σφετέραν

129 655 164 718 ιιι
194 653 375 718 Atticorum
405 645 665 714 consuetudinem
694 649 814 729 peccat.
854 643 954 709 Abest
982 643 1139 728 particula
1169 642 1207 707 cin
1230 643 1314 708 unde

129 758 237 823 abesee
258 775 321 821 non
343 752 447 818 debet.
482 750 547 816 Δια
569 753 623 815 τοῦ
647 749 743 814 αὐτοῦ
766 750 835 814 sive
857 749 1002 813 neutrius
1023 750 1149 834 generis
1168 769 1234 814 esse
1253 754 1315 813 ειε-

130 867 203 928 tuas
232 864 300 927 sive
328 857 438 939 τρόπον
467 856 638 923 subaudias
667 852 789 921 Graeca
808 873 872 919 uon
894 858 979 918 sunt.
1015 852 1119 940 Lege:
1144 847 1166 932 ᾧ
1189 854 1253 931 γιιρ
1274 852 1314 918 ἂν

132 964 231 1048 τρθπιρ
254 966 310 1039 τῆν
322 963 473 1043 ῆμετέραν
484 965 570 1040 μετα
582 960 827 1033 Πελοποννησίων
837 958 1019 1039 νίφέλεινται
1031 958 1110 1031 είκὸς
1131 962 1153 1022 ci
1165 981 1190 1022 π
1198 957 1214 1021 o'
1222 981 1236 1021 ν
1244 981 1264 1021 τ
1273 980 1318 1020 aa
1434 1009 1437 1015 .

133 1073 235 1137 αὐτῶν
257 1067 330 1134 ιιθιν
352 1069 408 1142 τῆν
430 1065 487 1133 idi
493 1090 539 1132 αν
561 1066 605 1147 τῷ
627 1065 712 1145 αὐτῷ
735 1065 956 1145 καθαιρεθῆναι.

179 1173 260 1240 Ibid.
293 1173 344 1239 διθι
373 1175 409 1238 τθ
439 1169 526 1251 παρθι
548 1171 673 1250 γνώμην
695 1171 796 1234 αὐτῶν
815 1169 887 1249 πρὸς
911 1160 934 1233 ci
957 1168 1123 1250 ἐφοβεῖσθε
1145 1168 1180 1233 τὸ
1205 1175 1319 1248 πρῶτον

134 1279 407 1360 περιγεγενῆσθαι,
438 1275 732 1357 καταφρονήσαντες
761 1274 815 1349 ῆδη
847 1272 909 1338 καί·
932 1273 1079 1346 Σικελίας
1115 1274 1249 1355 ἐφίεσθε.
1284 1271 1320 1338 Si

134 1387 206 1470 quis
235 1383 313 1448 haec
338 1384 386 1447 ita
414 1383 519 1465 capiat
546 1380 599 1445 θιθι
621 1379 656 1444 τί
681 1379 938 1457 περιγεγενῆσθαι
961 1380 1063 1443 αὐτῶν
1084 1378 1172 1459 παρθι
1193 1379 1319 1456 γνοίριην

135 1496 305 1574 postquam
332 1485 496 1571 hucusque
524 1486 676 1571 processit
705 1484 739 1548 in
763 1487 927 1548 aeternum
950 1483 1103 1548 subsistat
1123 1503 1249 1549 necesse
1272 1490 1320 1548 eat

136 1593 216 1657 dum
245 1589 329 1656 unde
359 1591 432 1671 πρὸς
462 1581 485 1655 ci
516 1590 681 1672 ἐφοβεῖσθε
709 1588 845 1674 pendeat
868 1589 1018 1673 anquirit.
1053 1586 1111 1653 Sin
1133 1608 1172 1653 ex
1196 1590 1321 1676 integro

137 1698 281 1763 ordinem
311 1695 482 1761 verborum
509 1697 700 1780 investiget,
732 1697 915 1778 statuatque
945 1694 1017 1774 πρὸς
1049 1690 1071 1758 ἃ
1096 1692 1260 1774 ἐφοβεῖσθε
1283 1695 1323 1758 ad

137 1799 226 1883 παρα
248 1799 372 1878 γνώμην
395 1798 526 1876 referre,
550 1799 722 1864 mirabitur
743 1817 800 1863 cur
823 1800 923 1862 αὐτῶν
947 1818 966 1863 a
988 1817 1046 1862 suo
1068 1799 1323 1877 περιγεγενῆσθαι

135 1908 195 1971 ita·
207 1904 396 1969 distractum
418 1903 533 1981 fuerit,
556 1907 595 1968 ut
612 1923 650 1968 ea
667 1904 737 1988 ipsa
755 1902 903 1968 dissociet
922 1923 1002 1988 quae
1021 1903 1241 1991 coniungenda
1259 1924 1325 1969 esse

137 2014 241 2094 putet.
275 2007 348 2074 Una
368 2009 450 2072 ratio
472 2014 520 2073 εει
538 2027 602 2094 qua
620 2028 654 2073 se
672 2027 791 2093 noeque
811 2028 850 2072 ex
868 2007 920 2073 his
931 2008 1034 2073 turbis
1045 2007 1188 2087 evolvat,
1210 2028 1326 2092 nempe

137 2117 257 2180 resecto
287 2114 555 2193 περιγεγενῆσθαι.
596 2112 643 2178 Τθ
675 2112 763 2192 παρὰ
795 2113 919 2189 γνώμην
942 2112 1043 2177 αὐτῶν
1065 2117 1114 2178 εει
1135 2113 1327 2178 Machame-

138 2217 256 2283 ιιίοσιιιιι
283 2217 453 2301 ιἰιεριειαιιιι
478 2240 577 2282 reram
605 2223 702 2282 ιιοιιιε
732 2217 805 2298 πρὸς
832 2208 855 2282 θ
878 2215 1042 2299 ἐφοβεῖσθε
1063 2218 1099 2282 τὸ
1122 2225 1239 2300 πρῶτον
1262 2242 1326 2282 cum

138 2345 172 2388 ec
194 2321 295 2405 (felici
312 2323 428 2408 horum
446 2322 604 2411 successu)
626 2329 811 2406 οοιιηιοναιιιε
827 2344 911 2408 quera
923 2322 1025 2406 primo
1043 2324 1224 2388 metuebatis.
1247 2322 1326 2390 Mox

138 2427 217 2513 quid
245 2426 309 2493 sibi
340 2425 422 2495 salit
449 2426 509 2499 τοὶς
540 2427 673 2498 διανοίας
697 2435 820 2508 κρατεῖν
842 2446 905 2492 non
927 2448 1083 2513 msequor.
1118 2428 1231 2515 Neque
1252 2449 1327 2495 vero

139 2539 195 2607 τῆς
227 2529 359 2604 διανοίας
389 2530 524 2617 legendo
552 2532 696 2596 multum
717 2531 902 2618 profeceris,
933 2552 1008 2596 nam
1031 2532 1108 2617 quid
1131 2539 1180 2599 εει
1201 2535 1328 2599 comitia

140 2636 266 2700 θοιιίιιιιι
286 2634 451 2718 apeme?
473 2633 583 2722 Magis
604 2636 645 2701 ad
666 2657 735 2701 rem
757 2641 839 2701 esset
861 2635 1048 2710 τηρῆσανπες
1072 2638 1230 2704 namhoc
1252 2658 1328 2725 quc

140 2738 238 2805 modo
256 2737 325 2803 fieri
343 2738 443 2823 possit
462 2737 619 2824 explicare
638 2741 754 2825 pergit.
778 2737 841 2815 Sed
853 2739 1159 2807 aliorumiudicium
1171 2750 1327 2829 exspecto.

156 2888 164 2901 ,
187 2842 269 2911 Ibid.
301 2842 340 2908 δι’
367 2842 575 2923 θλιγαρχίας.
605 2842 682 2927 quid
705 2842 745 2909 ad
767 2863 836 2908 rem
857 2836 1032 2928 paucerum
1056 2847 1185 2930 imperii
1207 2851 1329 2913 mentio

141 2949 200 3016 ubi
229 2946 419 3034 Segestanos
448 2966 524 3011 cum
554 2945 812 3012 Lacedaemoniis
841 2947 1024 3033 comparat?
1052 2955 1111 3015 τῶν
1141 2952 1171 3016 ἐν
1200 2952 1329 3036 Σικελία

140 3051 261 3120 dixisse
282 3049 424 3128 videtur,
447 3055 486 3115 ut
507 3050 720 3138 longinquum
743 3072 810 3118 ease
831 3052 954 3118 bellum
974 3054 1177 3141 significaret.
1212 3054 1330 3123 Contra

141 3155 383 3222 Lacedaemonii
407 3154 444 3220 δι’
467 3156 574 3235 ὀλίγον
598 3155 856 3234 ἐπιβουλεύουσιν.
890 3159 1022 3225 Accedit
1039 3160 1123 3245 quod
1141 3160 1330 3227 insolentius

141 3261 265 3327 dictum
296 3266 345 3326 est
369 3283 605 3345 perpaucorum
627 3262 797 3346 imperium,
828 3283 905 3329 nam
926 3267 987 3331 etsi
1009 3265 1167 3331 eiusmodi
1189 3268 1332 3333 civitatis

141 3367 244 3432 forma
266 3368 370 3450 aptior
391 3372 439 3431 cst
461 3366 501 3432 ad
523 3365 656 3432 insidias
681 3367 864 3447 struendas,
896 3368 1119 3437 duriusculum
1141 3370 1270 3437 videtur
1292 3371 1331 3437 de

142 3470 201 3536 illa
221 3477 387 3557 tamquam
407 3474 618 3537 instrumento
641 3472 680 3538 ad
702 3473 834 3539 insidias
858 3473 1023 3540 struendas
1045 3474 1143 3559 loqui.

188 3575 244 3641 vl.
272 3575 325 3641 12.
348 3570 390 3646 είς
413 3574 450 3640 τί
470 3598 506 3640 πε
529 3575 707 3655 ψεύσασθαι
731 3583 833 3649 καλῶς
854 3581 1017 3660 χρήσιμον.
1052 3578 1259 3664 Exspectares
1277 3600 1331 3666 po-

140 3683 207 3746 tius
229 3680 264 3745 τθ
287 3679 463 3762 ψεύσασθαι
485 3680 646 3760 χρησίμως
669 3680 775 3747 ναλθν.
811 3679 874 3748 Sed
892 3686 977 3748 inter
995 3684 1137 3765 χρῆσιμα
1155 3683 1214 3749 illa
1231 3686 1331 3751 stiam

141 3785 341 3858 πείσαντας
364 3785 436 3858 τοὺς
458 3786 569 3867 φίλους
590 3784 799 3862 ξυναπολέσαι
823 3794 1011 3853 recensetur.
1046 3788 1117 3854 Hoc
1137 3790 1267 3875 quidem
1285 3787 1330 3855 fa·

142 3909 212 3955 cere
244 3889 376 3956 fortasse
408 3888 599 3980 Segestanos
630 3911 693 3956 non
725 3890 865 3976 pudebat
883 3887 951 3957 ¹sed
981 3912 1045 3957 nou
1076 3893 1153 3959 adeo
1182 3894 1332 3961 vecordes

143 3999 233 4060 erant
261 3999 299 4059 ut
328 3996 362 4058 in
390 3994 479 4060 lucro
509 4001 669 4080 ponerent.
705 3994 928 4081 Thucydidem
953 3997 1046 4063 credo
1071 3998 1167 4064 καλίι
1190 3999 1329 4079 dedisse,

144 4099 230 4185 quod
259 4101 363 4164 nescio
394 4101 466 4183 quis
486 4100 521 4163 in
543 4102 688 4187 margine
711 4103 789 4165 satis
811 4100 1012 4188 negligenter
1033 4123 1089 4189 per
1111 4104 1262 4183 χρῆσιμον
1283 4107 1331 4170 in·

145 4208 336 4289 terpretatur
358 4207 415 4267 est.
456 4203 571 4270 Postea
593 4208 744 4270 omissam
766 4210 804 4270 ut
825 4206 981 4291 putabant
1002 4226 1115 4273 vocem
1139 4211 1185 4274 ita
1207 4230 1329 4296 recepe·

145 4314 221 4374 runt
243 4313 282 4374 ut
304 4306 400 4373 καλίν
423 4309 456 4372 in
479 4314 582 4382 καλῶς
604 4315 729 4373 mutare
752 4313 852 4375 coacti
874 4313 947 4376 siut.
984 4310 1046 4378 Pro
1070 4314 1170 4378 αὐτῶν
1192 4336 1254 4381 non
1277 4318 1334 4391 αῆ-

148 4417 195 4479 ποί
216 4436 331 4482 verum
355 4414 415 4494 θφ’
441 4413 553 4479 ἑαυτῶν
578 4418 780 4480 censuerim.
