3254 5034
575 361 768 410 rnrtonoorm
788 362 825 409 nr
844 362 971 410 onorico.
1329 344 1368 406 51

174 526 393 615 Inspiciamus
416 547 503 596 nunc
536 529 710 597 Aristonici
739 528 904 616 reliquias.
951 528 999 597 Ad
1022 540 1060 597 Ε.
1087 535 1150 597 891
1178 538 1370 598 annotatur:

173 634 372 715 ὀάςερόοκος
405 631 452 702 ὅτι
483 636 619 703 ε’ντεῦόεν
649 638 868 715 μετενήνεκται
893 637 923 701 ἒν
951 645 990 719 τῇ
1021 636 1124 718 τράτγ
1151 637 1292 721 tappete
1320 637 1371 703 έτὸ

174 739 225 806 τὸν
251 741 326 820 πρὸς
351 740 405 806 τὸν
427 741 588 822 Ἀχιλλέα
612 743 669 808 ὑτὸ
691 743 925 822 Ἀγαμέμνονος
948 741 1052 821 λέγον.
1100 740 1228 830 Optime
1253 741 1371 809 habent

175 846 301 923 omnia,
335 856 367 912 et
400 848 456 933 qui
488 847 666 914 Aristarchi
709 850 902 914 sententiam
941 855 1072 915 noverat
1115 855 1238 934 poterat
1275 848 1370 915 talem

173 952 414 1017 annotationem
441 953 550 1021 animo
569 955 766 1042 praecipere.
811 954 923 1041 ltaque
947 955 1043 1020 etiarn
1065 953 1148 1041 quod
1175 953 1213 1020 ad
1236 965 1278 1021 A.
1308 959 1369 1021 177

175 1066 367 1124 annotatum
393 1060 574 1144 reperietur
606 1060 715 1125 animo
740 1060 879 1147 praecipi
905 1067 936 1125 et
968 1058 1204 1147 quodammodo
1229 1058 1370 1145 praedici

175 1163 315 1252 poterit:
349 1184 464 1250 nempe
487 1165 547 1230 hoo
571 1174 628 1231 aut
652 1164 772 1252 aliquid
804 1164 855 1231 his
885 1164 1005 1232 simile:
1039 1165 1150 1245 ὀβελὸς
1177 1167 1249 1243 μετ’
1272 1164 1372 1247 ecept-

176 1294 249 1335 σιιον
270 1265 317 1335 ὅτι
342 1271 475 1337 ἐνταῦθα
499 1272 602 1344 κακῶς
625 1270 812 1349 μετάκειται
837 1272 871 1337 έιι
895 1280 951 1348 τῆς
974 1282 998 1336 θ
1018 1271 1186 1354 ῥαψῳὸόας.
1236 1270 1303 1336 lant
1324 1271 1372 1335 in·

176 1376 356 1463 spiciamus
374 1374 524 1442 Codicern
550 1376 708 1443 Venetam
736 1387 884 1463 utquam
911 1386 998 1444 recte
1018 1376 1254 1443 coniecerirnus
1278 1395 1372 1463 appa·

176 1490 270 1561 real,
297 1481 382 1548 αόεὸ
405 1480 567 1564 γάρτοι
591 1481 693 1565 ipre:
720 1483 878 1565 άςεοόοιιος
898 1477 944 1548 ὀτι
969 1483 1102 1549 ένταῦόα
1125 1483 1212 1564 tntae
1236 1484 1372 1564 εόρνται,

178 1589 210 1653 ἐν
231 1588 264 1653 δέ
283 1597 323 1672 τῇ
349 1589 516 1673 'oderade
540 1588 584 1655 od.
632 1586 837 1654 Manifestum
863 1597 911 1654 est
934 1586 1012 1654 haec
1032 1607 1100 1654 esse
1124 1585 1282 1673 flagitiose
1302 1608 1372 1654 nor·

177 1703 275 1781 rupta
299 1701 332 1760 et
356 1714 414 1761 neo
439 1703 579 1771 terram,
612 1693 697 1779 quod
726 1695 839 1773 aiunt,
865 1713 923 1760 nec
947 1691 1070 1760 coelum
1098 1700 1241 1778 tangere.
1291 1691 1373 1774 Quia

178 1798 305 1886 liquido
336 1806 463 1865 constat
486 1799 563 1886 quid
589 1800 631 1865 sit
658 1799 697 1865 ab
726 1800 907 1866 Aristonico
931 1798 1138 1874 adnotatum,
1169 1797 1371 1865 emendatam

179 1906 379 1991 scripturam
407 1925 464 1971 nec
488 1925 606 1991 magno
634 1925 729 1992 opere
761 1903 983 1971 desideramus
1007 1916 1039 1972 et
1063 1903 1148 1971 lacili
1183 1906 1311 1991 negotio
1335 1926 1374 1972 ex

179 2011 346 2098 corruptis
371 2009 517 2098 reliquiis
547 2009 697 2098 colligere
720 2019 752 2077 et
776 2010 925 2098 supplere
950 2031 1138 2098 possumus:
1172 2010 1281 2090 ὀβελὸς
1302 2013 1374 2090 μετ’

180 2117 345 2198 άεεοόοιιον
380 2112 428 2182 ὀτι
460 2118 592 2184 ἐνταῦθα
617 2123 720 2189 κακῶς
751 2115 883 2199 εἴρηται,
915 2117 946 2182 έν
969 2116 1000 2183 δέ
1031 2126 1070 2199 τῇ
1105 2126 1129 2182 Ε
1155 2116 1298 2202 ῥαψῳδία
1320 2111 1373 2182 εὗ.
1419 2106 1423 2115 ’

180 2220 357 2290 Emendori
382 2220 462 2289 haec
490 2232 664 2310 potuerunt
688 2224 765 2310 qaia
788 2221 918 2289 aliunde
949 2232 1038 2290 certa
1063 2220 1297 2289 emendationis
1321 2219 1374 2287 ad·

182 2327 326 2392 iumenta
357 2326 590 2414 suppetebant,
623 2327 678 2395 sed
708 2328 770 2395 alia
802 2337 878 2396 sont
913 2328 944 2394 in
978 2326 1116 2396 Scholiis
1148 2327 1279 2394 Venetis
1311 2346 1374 2393 non

181 2433 293 2498 minus
316 2430 405 2499 laede
428 2444 459 2500 et
485 2433 643 2521 flagitiose
667 2443 819 2523 corrupta
845 2442 877 2501 et
906 2433 1115 2521 interpolata,
1146 2432 1264 2520 quibus
1290 2431 1376 2499 nulla

180 2537 312 2604 aliunde
335 2538 390 2604 lux
414 2538 567 2627 affulget,
593 2539 802 2627 quamobrem
836 2541 977 2608 aeternis
1007 2547 1195 2626 prementur
1219 2537 1377 2615 tenebris,

180 2644 337 2721 άνηκέεως
367 2643 473 2729 ἔχοντι
507 2666 564 2714 nec
596 2646 660 2713 olla
690 2644 846 2733 speranda
881 2643 978 2711 salus.
1027 2644 1088 2712 Sed
1119 2646 1145 2710 si
1177 2642 1306 2730 quando
1337 2664 1376 2711 ex

180 2747 357 2816 libratam
384 2751 642 2840 vitiosoaliquid
675 2751 811 2818 monstri
843 2750 1026 2838 proferetur
1056 2753 1139 2834 νάφε
1162 2749 1215 2816 nal
1244 2748 1377 2830 μέμνητ’

181 2856 319 2926 intrata.
367 2856 543 2925 Veniamus
575 2858 638 2924 iam
667 2856 706 2924 ad
735 2857 908 2924 Aristonici
934 2856 1182 2943 praelationem,
1213 2852 1288 2924 ὅταν
1311 2854 1377 2923 ὸ’ὀ

183 2962 415 3042 Ἀγαμέμνων,
441 2964 566 3051 inquit,
591 2962 670 3047 λέγνι
696 2962 768 3046 πρὸς
792 2964 843 3030 τὸν
865 2960 1027 3045 Ἀχιλλέα

321 3069 382 3134 ciel
402 3068 466 3152 γάρ
489 3094 534 3137 τοι
559 3070 616 3153 ἔοις
636 3094 672 3136 τι
695 3071 774 3153 <plna
800 3069 933 3150 τόλεμοό
954 3093 989 3136 τε
1014 3066 1123 3151 μάχαι
1147 3091 1199 3134 τε.
1307 3102 1310 3105 *

183 3173 321 3241 ἕνταῦόα
345 3177 509 3253 ἧόετῆοόαό
529 3183 608 3261 φησι
627 3177 721 3257 χάριν
740 3182 794 3242 τοῦ
818 3175 975 3256 βασιλέως
994 3175 1171 3257 ὀφείλοντος
1194 3176 1220 3240 ei
1244 3173 1377 3249 τοιοῦτός

184 3280 249 3350 ἕσιν
279 3282 311 3347 έν
342 3282 468 3365 πολέμῳ
496 3284 510 3348 ὀ
543 3284 614 3348 κατ’
647 3283 818 3365 έτιαονρόαν
852 3280 946 3358 ἥκων.
982 3278 1083 3361 ὸνότερ
1114 3281 1164 3347 ἐπὸ
1197 3288 1292 3346 ΜΕΝ
1324 3285 1378 3347 τοῦ

174 3386 355 3466 λεγομένου
380 3389 432 3454 ὑπ’
456 3389 692 3469 ’Λγαμέμνονος
715 3388 825 3468 ὀβελὸς
849 3387 1075 3469 ταοαιιεόοεται
1090 3386 1155 3452 nei
1186 3385 1259 3468 πρὸς
1282 3384 1380 3468 τούτῳ

187 3493 365 3575 ereptorem.
405 3494 494 3571 ὀνλοΐ
513 3494 545 3560 ὸέ
573 3499 662 3560 τοῦτο
686 3489 760 3560 ὀτον
788 3492 827 3560 άν
850 3491 867 3576 β
891 3491 1028 3571 ιιεόμενος
1059 3491 1113 3558 σὺν
1137 3494 1179 3574 τῷ
1210 3492 1310 3574 ὀβελῷ
1333 3487 1379 3557 ὅτι

187 3601 323 3681 Ὀμήρου
343 3598 401 3679 μέν
420 3602 481 3676 ἐςι,
504 3600 635 3683 φαύλας
653 3601 679 3666 δ’
700 3600 834 3666 ένταῦόα
853 3606 964 3664 κεῖται.
1013 3596 1118 3663 Elium
1143 3618 1193 3665 nie
1217 3596 1379 3664 indicente

189 3705 414 3792 unusquisqne
445 3704 566 3772 videbit
590 3705 667 3773 haec
693 3705 844 3772 lacunosa
867 3725 938 3772 esse
961 3712 993 3772 et
1027 3703 1117 3770 hiare
1145 3704 1275 3770 omissis
1301 3723 1380 3768 non·

190 3810 287 3877 nullis
312 3831 393 3896 quae
422 3810 462 3877 ad
486 3812 678 3878 sententiam
710 3811 890 3877 necessaria
915 3810 982 3875 sint
1006 3817 1038 3875 et
1067 3829 1105 3875 ex
1130 3809 1285 3896 oppositis
1317 3827 1378 3873 non

190 3916 294 3983 multo
317 3915 425 3984 labore
450 3915 652 4002 colligantur.
701 3916 815 3983 Verbis
848 3915 898 3982 ἒτὸ
929 3925 1024 3983 ΜΕΝ
1054 3920 1108 3982 τοῦ
1131 3912 1299 3994 λεγομένου
1329 3913 1380 3978 ὑπ’

190 4022 425 4104 Ἀγαμέμνονος
449 4022 559 4103 ὀβελὸς
585 4023 810 4105 ταρακιόοεται
840 4022 893 4088 xci
917 4022 990 4102 τοὸς
1015 4020 1111 4102 τούτῳ
1143 4018 1299 4101 άςεοότκος
1324 4037 1381 4085 ne·

191 4129 331 4195 cessario
356 4128 589 4216 respondebant
619 4128 669 4195 ὀτὸ
702 4138 759 4195 ΔΕ
789 4135 848 4195 τῶν
876 4127 932 4193 ὑπὸ
962 4126 1035 4200 Διὸς
1064 4125 1225 4207 εἰρημένων
1256 4124 1382 4205 μάνοςό

191 4235 362 4317 ὀεεοόσκος.
411 4235 476 4301 lam
504 4245 539 4301 tu
564 4233 652 4301 vides
675 4254 734 4301 cur
758 4233 811 4300 illa
839 4230 1080 4300 interciderint:
1105 4232 1229 4299 scribae
1253 4232 1337 4299 oculi
1362 4252 1380 4298 a
1466 4269 1470 4277 ·

191 4341 299 4427 priore
322 4341 479 4423 άτεοότκος
499 4340 539 4408 ad
561 4342 723 4428 posterius
742 4339 934 4406 aberrarunt
955 4347 988 4405 et
1008 4340 1053 4407 sic
1073 4339 1243 4428 perierunt
1265 4336 1382 4404 media.

193 4445 317 4514 Similis
349 4444 464 4513 lacuna
495 4454 545 4515 est
579 4447 613 4515 in
643 4446 684 4513 iis
714 4465 796 4534 qnae
827 4444 1027 4534 praecedunt
1049 4455 1082 4514 et
1107 4446 1140 4512 in
1166 4445 1207 4512 iis
1229 4463 1312 4533 qnae
1336 4464 1383 4511 se·
