3254 5034
537 391 729 442 estentoorst
753 392 791 440 nr
813 391 941 441 entrtet.
1292 378 1335 444 49

146 580 200 649 pro
231 561 359 651 vulgari
388 563 576 632 ἀποκόπτειν
608 563 654 631 nil
678 562 795 632 attinet
819 563 1053 632 demonstrare.
1099 562 1219 633 boten
1243 565 1338 634 modo

145 668 175 732 in
203 665 319 759 Odyss.
343 681 389 739 M.
415 676 470 738 lii.

276 779 302 843 el
328 777 360 843 δέ
382 803 418 844 κε
441 778 567 855 λόσσνιιι
591 777 716 860 ἐπόρνυε
739 778 837 844 λῦσιιό
858 801 893 844 τε
918 777 1048 862 κελεύῃς

275 885 302 949 oi
327 884 359 950 δέ
382 891 411 950 σ’
436 882 481 951 ἔπι
505 884 666 951 πλεόνεσσι
690 883 755 950 πότ’
781 886 812 949 όν
835 882 973 963 δεσμοῖσι
998 884 1182 952 δεόντων.

182 986 353 1068 Quodnam
379 989 507 1057 tandem
530 999 580 1057 est
605 993 636 1056 in
663 989 713 1055 bis
735 987 842 1057 uerbis
865 988 1122 1078 interpolationis
1143 990 1191 1059 vel
1212 989 1335 1059 levissi-

138 1113 225 1160 mum
258 1096 459 1182 vestigium?
505 1097 626 1162 Tamen
656 1103 748 1183 poeta
775 1114 835 1161 non
860 1095 907 1162 sie
930 1097 1114 1173 cecinerat,
1141 1106 1177 1163 ut
1200 1098 1335 1184 antiqua

137 1197 175 1263 ad
210 1198 243 1267 b.
281 1199 303 1266 l.
340 1200 605 1267 annotatittnoula
637 1199 836 1267 demonstrat
869 1200 963 1269 haec:
995 1203 1182 1286 ’λιόςιιρχνς
1214 1202 1333 1288 γράφει

138 1303 329 1373 διδόντων
359 1310 399 1382 cie
429 1308 628 1374 τιθέντων.
679 1307 839 1373 Porsouus
870 1327 984 1374 venunt
1019 1307 1110 1375 uidit.
1160 1308 1334 1399 »bepole-

136 1412 243 1479 δόντων
275 1434 295 1478 a
329 1414 443 1495 δόδνμι.
495 1413 723 1504 Imperfectum
754 1414 818 1488 tttn
849 1416 916 1501 ipse
947 1412 1104 1480 Homerus
1122 1425 1264 1504 ⁴ttsttrpot
1296 1414 1331 1483 ll.

135 1529 175 1586 Λ.
204 1521 309 1588 tut?

317 1627 403 1703 Ἴδης
426 1627 457 1693 ἕν
480 1634 619 1705 nonnoni
644 1627 730 1702 δόδν
755 1625 901 1708 μόσχοισι
922 1624 1072 1705 λόγοισιν.

179 1729 260 1811 Quis
294 1731 335 1799 ati
365 1732 446 1798 bane
476 1731 580 1799 lueem
615 1751 677 1798 noo
710 1730 803 1798 laeile
829 1730 1061 1800 animadvertit
1094 1731 1252 1811 similem,
1283 1732 1332 1801 rel

136 1837 240 1921 potins
265 1838 363 1926 plane
386 1836 538 1916 eandem,
564 1836 842 1923 interpolationem
867 1840 899 1903 in
920 1835 1034 1926 Odyss.
1060 1846 1108 1904 M.
1132 1841 1206 1905 196.

270 1944 398 2010 πλεόνσό
420 1946 456 2024 μ’
478 1944 508 2009 ἕν
529 1943 666 2022 δεσμοῖσι
690 1943 778 2011 δένν
799 1942 924 2024 μᾶλλόν
946 1968 982 2009 πε
1005 1942 1118 2024 πόεζιν.

135 2047 197 2113 imo
227 2070 311 2117 vero
334 2052 365 2116 ἐν
387 2049 526 2129 δεσμοῖσι
546 2048 674 2125 δόδεν,
700 2048 732 2114 id
756 2057 805 2116 est
828 2048 966 2116 ἐδόδεσιιν
986 2051 1025 2122 oie
1048 2048 1159 2116 πόόιν
1182 2048 1252 2116 δνσὶ
1274 2053 1330 2117 roi

133 2155 293 2234 ἐπόθεσαν,
328 2164 364 2222 ui
393 2155 496 2222 solent
527 2163 638 2242 poetae
658 2155 741 2242 epioi
765 2174 834 2222 rem
858 2154 988 2220 eosdem
1010 2154 1123 2222 iisdem
1147 2153 1254 2221 verbis
1278 2173 1329 2222 re·

133 2270 263 2346 peiere,
297 2261 461 2329 πλεόνεσσι
490 2262 556 2329 πότ’
586 2262 618 2327 ἐν
649 2262 787 2340 δεσμοῖσι
818 2259 1003 2328 διδόντων
1034 2268 1062 2326 el
1094 2258 1219 2328 πλεόσσό
1239 2261 1275 2338 μ’
1298 2260 1330 2325 ἐν

131 2366 271 2446 δεσμοῖσι
304 2369 422 2434 libro.
471 2365 631 2454 Antiquae
658 2374 819 2446 γλῶσσαι,
850 2386 931 2453 quas
955 2385 993 2434 ex
1017 2365 1112 2453 longo
1135 2366 1230 2433 exilio
1257 2374 1329 2432 tan·

130 2471 199 2540 dem
233 2475 273 2540 in
303 2493 396 2539 snam
426 2473 535 2540 sedem
560 2483 725 2539 reuocatas
749 2472 914 2550 videmus,
936 2471 1037 2538 latent
1062 2473 1094 2538 in
1120 2470 1325 2560 llesyebiana

128 2578 228 2657 λέξει,
264 2581 292 2646 si
325 2581 399 2666 quis
425 2581 526 2667 perita
560 2598 656 2644 roano
689 2597 727 2645 ex
759 2579 883 2645 vitiosis
915 2586 948 2644 et
978 2576 1128 2645 absurdis
1151 2575 1325 2666 seripturis

131 2702 221 2751 teras
257 2685 377 2752 elicere
413 2693 527 2773 potest.
576 2682 694 2751 Editur
728 2683 811 2770 apud
847 2682 1063 2773 llesyobium:
1097 2686 1326 2766 ’λπνλελιψει-

130 2790 217 2867 μένειν
241 2792 488 2874 ἆπιιιειριιμέννν
510 2787 797 2873 όπνλελεψειμόνσν
815 2790 859 2856 rel
879 2789 975 2856 νινιλνὶ.
1013 2788 1124 2858 Nonne
1144 2788 1323 2858 meridiana

130 2895 199 2965 luce
222 2899 349 2965 elarius
372 2907 420 2964 est
444 2899 476 2963 in
499 2897 549 2963 uis
572 2895 722 2964 subesse:
748 2894 968 2977 ’λπσλεψέμεν
990 2897 1091 2963 obera
1113 2894 1224 2963 ιινιλιόό
1246 2914 1322 2962 oum

131 3003 399 3093 interpretatione
423 3006 593 3084 όπνιιερεῖν.
640 3000 730 3069 Clare
754 3001 892 3089 pellucet
916 3020 991 3067 tera
1014 3011 1047 3070 et
1069 3003 1204 3089 antiqua
1226 2999 1324 3069 lentio

130 3129 167 3175 ex
192 3112 314 3178 misere
333 3110 496 3197 corruptis
516 3108 677 3196 reliquiis,
699 3116 731 3174 et
750 3106 841 3174 loeus
864 3108 993 3174 llomeei
1014 3107 1178 3175 adbibitus
1192 3107 1240 3175 nel
1254 3128 1323 3196 per·

131 3216 331 3284 tinacissinro
364 3217 482 3303 cuique
509 3233 674 3281 assensum
707 3214 921 3301 extorquebit.
969 3213 1088 3281 liudem
1115 3213 1208 3301 plane
1229 3213 1323 3280 modo

131 3322 226 3388 etiam
259 3321 396 3389 διδόντων
425 3331 459 3388 et
488 3321 567 3388 δόδεν
591 3321 624 3387 in
650 3319 852 3409 Hesychiaua
877 3318 1039 3406 farragine
1063 3319 1251 3387 abscondita
1275 3320 1324 3386 la·

132 3434 208 3495 tent.
256 3427 541 3496 circumferuntur
573 3424 692 3492 inilia
723 3423 857 3492 eoniusa
887 3435 921 3492 et
954 3424 1114 3513 indigesta
1146 3425 1230 3494 mole
1264 3424 1324 3492 bae

132 3530 271 3618 glossae:

406 3637 615 3706 Διδεόιισιε
643 3635 836 3716 δεσμεόσνσι.

404 3745 541 3812 Δόδειι
565 3741 720 3823 teanensi.

407 3851 568 3918 Δόδειει
594 3847 722 3917 ἔδεισνιν.

405 3957 580 4035 attint:
607 3954 757 4035 δεσμεόιι.

406 4062 615 4130 Διδεῖνινιι
642 4061 744 4136 δῆσνιι.

405 4166 619 4237 Διδόνπιινε
644 4164 862 4246 δεσμενόνπινν.

177 4272 339 4341 Porsonus
370 4275 496 4343 Διδόιισι
520 4275 661 4341 correxit
685 4281 718 4340 et
738 4270 941 4358 Xenophonti
965 4266 1163 4338 reddendum
1188 4269 1324 4339 demon·

135 4381 244 4445 stravit
270 4381 301 4443 in
326 4378 464 4447 Anabosr'
488 4380 526 4448 V.
551 4380 638 4446 Vlll.
665 4383 717 4445 bl.
748 4378 818 4449 robe
842 4377 899 4457 μὶν
922 4376 986 4458 pap
1009 4377 1104 4449 ιιόνιιε
1124 4377 1195 4450 τοὺς
1217 4392 1322 4460 χαλε-

136 4484 205 4561 πνὺς
236 4486 297 4561 σόει
328 4487 386 4565 μὲν
418 4486 533 4571 ἡμέρας
556 4484 738 4562 διδέασι,
761 4481 821 4556 rebe
844 4484 876 4551 δὲ
900 4482 1015 4558 νύκπννσ
1039 4484 1183 4567 όφιῖισιν.
1231 4483 1319 4550 [dem

1147 4593 1163 4640 4
