3244 5012
287 320 352 386 364
790 336 963 384 nonnnrcs.

285 511 400 595 quibus
430 505 508 571 locis
538 506 687 571 omnibus
721 505 805 599 apud
828 504 1012 571 Bekkerum
1034 504 1103 586 νῄδν
1126 527 1209 570 nunc
1232 504 1370 593 legitur,
1397 505 1491 591 quod

285 612 414 698 perinde
446 616 494 677 est
523 612 679 676 vitiosum
707 630 744 677 ac
773 612 802 675 si
832 614 904 696 quie
933 631 989 697 pro
1021 610 1166 689 ρεγώόει,
1191 611 1324 687 ὀιιώιιει,
1349 610 1488 687 ὀλώλει,

285 719 381 799 ὀρώρει
414 715 513 783 vellet
546 717 676 795 νεγώόΗ
712 716 847 781 scribere
879 721 912 781 et
941 715 1067 794 ὀνώνιν,
1099 716 1215 793 ὀλώλν,
1247 715 1335 795 ὀρώρη
1367 721 1490 781 contra

287 822 469 910 analogiam
492 827 525 887 et
548 828 657 886 contra
674 842 779 886 usum.

329 926 462 993 Duobus
485 926 569 1012 apud
590 926 771 993 Homerum
794 924 873 991 locis
890 930 1054 1010 comparet
1072 925 1175 990 forma
1191 924 1302 999 ἡιεόὀνς
1315 928 1348 987 et
1360 924 1486 998 ώεεθν.

286 1043 323 1099 Χ.
347 1031 424 1099 280.

423 1135 483 1202 οὐδ’
506 1132 568 1216 ἄρα
592 1135 639 1200 ννώ
662 1157 692 1200 τι
715 1135 771 1200 Ἐκ
795 1133 867 1208 Διός
892 1135 1004 1211 tirellus
1024 1134 1075 1199 τὸν
1097 1135 1169 1213 ἐμὸν
1192 1134 1298 1215 μόρον.

287 1246 319 1308 et
342 1264 362 1307 ι.
386 1240 463 1307 206.

424 1345 490 1412 erili
512 1369 560 1418 m
582 1345 677 1412 νώτόν
702 1344 818 1422 Ἧιείόν
844 1346 966 1426 δμώων.

287 1472 368 1539 quae
396 1472 459 1536 quo
481 1456 574 1537 pacto
595 1455 671 1517 nata
693 1454 736 1516 sit
758 1455 962 1537 perspicuum
980 1458 1038 1518 est.
1073 1452 1197 1539 Nempe
1219 1456 1253 1517 in
1275 1453 1389 1540 lingua
1411 1453 1485 1519 Ho-

287 1559 407 1623 merica
436 1556 601 1623 vocabulis
627 1577 647 1622 a
668 1557 866 1644 digammate
886 1558 1109 1623 inchoantibus
1132 1564 1295 1623 cantorum
1320 1559 1481 1623 arbitratu

291 1660 329 1727 Ἐ
359 1659 546 1749 praefigitur
575 1660 682 1726 ιείκνσι
713 1661 853 1741 lealcort,
885 1663 968 1728 νέὀνιν
999 1661 1116 1740 lectra,
1141 1663 1225 1728 unde
1248 1661 1398 1731 νὶνέιεόνος
1420 1683 1483 1748 pro

288 1764 423 1844 ἄνεδννς,
443 1769 540 1831 etsie
563 1764 768 1845 ἕνεισιόμεννς,
794 1767 969 1847 ἕιέλόνμνιι,
994 1767 1172 1846 ἕνέλννετνιι,
1197 1768 1336 1846 irtacus,
1357 1767 1483 1848 ἔιέργνιι

288 1871 455 1957 multaque
484 1869 548 1936 alia
576 1873 610 1935 in
641 1871 812 1938 Homerico
834 1893 978 1939 sermone
1001 1874 1170 1938 tritissima
1191 1878 1274 1937 sunt.
1310 1871 1423 1957 Itaque
1447 1878 1484 1939 et

289 1977 377 2061 ιώδνς
410 1981 441 2040 et
473 1976 550 2057 νώόει
582 1985 749 2043 assumunt
777 1976 941 2044 literalem
972 1977 1087 2059 ἒιώόνς,
1121 1978 1230 2059 esraa,
1263 1982 1295 2043 et
1319 1977 1410 2057 ὑγρὸν
1432 1978 1483 2043 di-

289 2099 423 2171 gamma
447 2082 488 2147 ob
516 2102 666 2148 numeros
695 2084 834 2167 poeticos
856 2084 1057 2171 geminatum
1083 2084 1189 2170 (utin
1212 2080 1338 2170 ἔπριόεν)
1363 2084 1482 2164 inulae

290 2193 324 2253 et
356 2186 460 2267 ἕννώόει
490 2186 652 2271 protulit,¹
673 2188 758 2253 unde
786 2208 888 2272 quum
911 2190 1052 2254 carmina
1073 2194 1144 2273 post
1165 2188 1302 2275 longum
1324 2190 1482 2272 temporis

290 2289 498 2358 intervallum
527 2313 567 2356 ex
595 2295 795 2358 cantantium
824 2312 877 2358 ore
904 2296 1122 2378 exciperentur
1152 2297 1184 2359 et
1207 2293 1310 2359 literis
1331 2313 1395 2357 non
1417 2295 1485 2357 onie

248 2426 255 2440 ·
292 2396 560 2473 describerentur,
595 2402 687 2462 natae
718 2401 792 2463 sunt
814 2397 934 2463 formae
964 2419 1003 2462 ex
1034 2398 1137 2463 tribus
1163 2396 1271 2484 longis
1301 2402 1484 2463 constantes

292 2501 374 2584 ἧώόει
397 2521 438 2566 an
460 2502 548 2576 ώεώει
572 2521 612 2568 an
632 2501 713 2577 ώεόὀν
733 2522 842 2568 omnes
854 2503 989 2587 perinde
1007 2504 1158 2579 vitiosae,
1178 2505 1330 2588 quoniam
1349 2506 1484 2589 antiqua

291 2613 325 2674 et
353 2627 429 2673 rere
455 2607 558 2672 forma
588 2608 694 2689 ὀπήδει
723 2628 824 2693 neque
855 2610 973 2673 Atticis
995 2606 1098 2673 literis
1120 2628 1221 2693 neque
1244 2608 1361 2674 Ionicis
1383 2610 1485 2675 scribi

288 2717 421 2798 poterat.
900 2774 906 2779 .

333 2817 371 2882 ln
401 2818 593 2902 imperativo
616 2816 683 2885 rire
707 2821 740 2882 et
760 2819 794 2881 in
818 2819 960 2903 optativo
982 2817 1104 2893 νιιόιώρν
1127 2821 1159 2883 et
1181 2820 1215 2882 in
1238 2816 1397 2884 infinitivo
1421 2818 1467 2883 ιιῗ

288 2945 346 3000 μεν
377 2925 410 2987 et
437 2921 573 2999 tabuerat
604 2928 637 2987 et
665 2924 868 3002 περιιιόρνεννιι
891 2925 999 2988 omnia
1020 2944 1096 2988 sana
1118 2927 1151 2988 et
1173 2928 1259 2989 certa
1281 2929 1356 2989 sunt
1378 2923 1446 2989 etl

288 3028 385 3116 gibus
415 3030 536 3112 parent.
575 3026 613 3091 In
634 3052 660 3091 ε.
685 3026 762 3093 206.
787 3028 812 3093 εἱ
835 3030 897 3107 μὴν
920 3028 1041 3102 cerbulae
1065 3038 1151 3110 σῇσιν
1174 3029 1276 3109 φρεσί.
1313 3029 1480 3094 Bekkcms

286 3152 468 3218 perperam,
493 3137 530 3196 ut
553 3135 678 3217 saepius
701 3133 796 3210 alibi,
820 3134 882 3211 μήν
905 3133 944 3197 de
967 3154 1023 3197 suo
1046 3134 1215 3198 substituit
1237 3155 1296 3219 pro
1318 3134 1384 3210 μέν.
1414 3132 1480 3198 Be·

288 3242 376 3302 tento
394 3235 452 3314 μέν
469 3242 502 3302 et
518 3244 675 3322 expuncta
692 3238 802 3304 inutili
820 3237 914 3304 litera
925 3247 1000 3319 epol
1012 3239 1271 3323 praetemptans
1284 3243 1475 3324 oportuerat.
1599 3268 1600 3327 3

333 3341 444 3426 Neque
465 3343 501 3406 in
522 3346 700 3428 participiis
718 3343 787 3409 ulla
809 3349 857 3411 est
878 3346 1099 3409 controversia.
1134 3343 1261 3408 Passim
1281 3343 1376 3415 ιειδώς
1395 3341 1478 3427 legi·

288 3451 342 3513 tur
365 3451 397 3511 et
418 3446 528 3512 νειόώτε
551 3452 584 3512 et
605 3446 731 3523 ιειόὀτες
755 3454 787 3514 et
805 3451 911 3534 prima
928 3453 1070 3534 correpta
1088 3449 1183 3514 aava
1202 3454 1240 3511 ut
1258 3457 1372 3524 ιικνῑνι,
1394 3467 1477 3531 quae

289 3553 397 3619 omnia
418 3553 594 3618 rectissime
617 3554 744 3621 habent.

333 3657 372 3723 Iu
401 3659 602 3724 coniunctivo
627 3662 771 3744 primum
793 3660 965 3726 Homerico
986 3680 1075 3726 more
1096 3659 1211 3747 longae
1233 3659 1359 3725 vocales
1381 3658 1479 3723 corri-

290 3766 432 3849 piuntur.
456 3762 536 3828 νειόώ
560 3763 656 3829 habet
677 3768 711 3830 in
733 3767 838 3851 prima
859 3764 1006 3844 νεόὀνμεν,
1030 3770 1068 3829 ut
1090 3767 1125 3830 in
1146 3766 1314 3829 notissimo

492 3866 626 3947 ἐξινώόνν,
652 3870 696 3947 μὴ
720 3870 804 3934 κεῦθε
830 3869 882 3950 νόῳ
908 3867 957 3935 ἵνα
980 3872 1111 3948 reflorere
1134 3868 1245 3949 ἄμφω.

289 3981 327 4042 ut
357 3975 441 4054 ἴομεν
473 3993 529 4059 pro
558 3971 665 4053 ἴωμεν,
697 3974 842 4053 βείνμεν,
865 3974 985 4053 relapsa
1007 3981 1039 4040 et
1062 3979 1134 4040 sim.
1158 3976 1259 4040 etsie
1282 3975 1317 4036 in
1339 3971 1476 4036 secunda

288 4082 421 4157 roasa„
446 4086 485 4144 ut
515 4089 553 4144 Θ.
580 4078 632 4143 18.
665 4077 714 4145 ira
744 4079 854 4144 νεόδετε
885 4079 1012 4155 πάντες.
1055 4079 1119 4146 secl
1148 4086 1196 4146 est
1226 4083 1388 4164 praeterea
1410 4075 1477 4140 alia

290 4186 485 4251 coniunctivi
507 4185 625 4262 forma,
650 4187 684 4249 in
707 4205 769 4271 qua
791 4191 932 4271 correpta
954 4189 1058 4272 prima
1081 4191 1129 4251 est
1152 4190 1184 4251 et
1205 4183 1345 4249 resoluta
1366 4203 1477 4247 seeun-

290 4292 347 4370 do,
380 4295 418 4355 ut
438 4311 495 4375 pro
517 4290 615 4367 ιειόώ,
648 4291 760 4375 recipe.
784 4291 860 4372 ιιιδῇ
885 4292 1009 4358 dicatur
1030 4291 1127 4367 νιόέιν,
1152 4289 1266 4373 ινόἐρς,
1290 4287 1366 4370 νιδέρ
1388 4293 1421 4352 et
1443 4290 1480 4351 in

289 4397 393 4481 prima
423 4393 540 4479 plurali
571 4394 709 4473 ιιόἐωμεν
739 4418 794 4481 pro
825 4396 965 4477 ιειόώμεν
996 4402 1051 4462 aut
1081 4398 1222 4474 ιείόνμεν.
1259 4393 1480 4459 Luculentum
