3388 5010
303 348 371 410 2⁹⁰
700 364 856 411 remum
879 364 1093 413 munuae

305 540 405 625 (mco
431 551 484 598 ne
507 530 679 618 tatem
702 518 814 598 e‘vt.
841 535 883 597 ie
913 532 1002 618 (mni
1025 534 1184 619 ψ’),
1203 544 1239 599 s
1260 536 1407 601 murs
1427 534 1487 599 an

302 644 382 732 quid
402 659 478 707 rere
498 638 698 715 liemarum,
721 658 783 703 nou
801 645 955 703 extranea
973 637 1122 705 doctriua
1140 640 1297 715 dueum.
1318 638 1406 725 qud
1424 659 1490 725 gua

304 750 412 817 rarius
441 754 509 820 ert.
537 763 577 811 eo
605 741 710 830 pluris
732 741 927 807 mnndum.
962 742 1170 809 Familiam
1192 762 1374 811 meae·
1396 743 1490 811 daris

303 853 441 920 subinde
463 848 612 917 renim
632 857 666 913 et
687 866 856 923 mone,
882 866 980 933 quun
1001 847 1125 913 cultim
1146 866 1264 915 aerum
1285 852 1489 935 Argum

303 957 558 1046 aspernabatur,
590 953 706 1019 maleit
726 955 925 1039 exprimere,
952 973 1053 1039 quam
1075 961 1222 1019 tornatos
1243 974 1359 1022 verns
1379 964 1413 1021 et
1435 974 1489 1021 ar·

305 1067 421 1132 hanam
444 1060 637 1147 elegantiam
659 1054 793 1144 legenda
817 1077 1006 1144 proponere.

348 1171 439 1237 luter
473 1164 635 1234 Gerlaelii
662 1173 697 1229 et
719 1162 864 1233 lluelleri
886 1160 1058 1229 editionem
1083 1172 1210 1229 tantun
1234 1164 1368 1233 intueat
1389 1183 1490 1250 quar·

303 1285 376 1342 tum
407 1276 495 1339 iuter
521 1268 727 1337 subitaneum
751 1266 892 1334 laborem
914 1276 949 1334 et
970 1266 1158 1353 diligentem
1182 1270 1414 1339 marinum
1447 1269 1490 1337 tn

304 1379 479 1466 maguitice
506 1373 673 1463 pnetioet
694 1371 882 1439 ludicros:
914 1393 1049 1439 neonem
1070 1393 1231 1441 annorum
1254 1393 1380 1450 moras.
1409 1394 1491 1461 qaas

301 1486 430 1552 »unxit
455 1482 564 1569 operi,
586 1477 672 1566 quod
696 1497 760 1547 nou
785 1476 880 1543 modo
903 1480 1084 1563 praesumis
1094 1480 1229 1553 aetatis,
1247 1477 1489 1546 etiamluturae

304 1589 520 1679 ‚probaretur
540 1583 692 1663 iudiciis,
725 1582 863 1649 Flaccus
884 1582 939 1649 ille
962 1582 1147 1650 Venusinus
1174 1586 1347 1651 Auruncae
1365 1583 1490 1671 alumni

303 1694 488 1770 »aemulum
518 1710 673 1778 aequasse
700 1689 762 1776 (se)
785 1696 884 1775 atque
907 1687 987 1754 adeo
1008 1690 1214 1774 superame”
1248 1687 1313 1755 Sed
1334 1708 1414 1756 um
1436 1687 1491 1755 illa

302 1802 459 1868 diuturna
489 1796 606 1863 lorum
636 1794 893 1880 lragmentorum
916 1795 1148 1859 commentatio
1170 1811 1325 1880 maguum
1346 1791 1490 1861 ductum

302 1906 438 1981 tulerit,
463 1909 578 1968 eontra
595 1897 682 1965 taut
703 1899 772 1964 scio
787 1917 829 1964 au
846 1896 958 1965 eadem
977 1897 1108 1983 aliquod
1124 1897 1365 1964 incommodum
1387 1907 1491 1967 trare·

305 2013 361 2077 rit.
398 2007 529 2075 Scilicet
562 2004 657 2089 leoga
687 2002 896 2071 meditatione
927 2012 960 2069 et
991 2003 1187 2070 tractatione
1216 2001 1399 2070 eomndum
1422 2022 1491 2069 rer·

304 2133 401 2182 soum
428 2111 463 2179 lit
480 2119 516 2176 ut
534 2107 663 2175 taudem
687 2106 770 2173 dura
793 2116 827 2173 et
849 2108 965 2173 ritinsa
987 2109 1096 2174 minus
1117 2106 1285 2174 olleusioui
1308 2109 1395 2186 sint,
1418 2117 1491 2174 tar·

304 2220 443 2304 demque
466 2216 628 2302 patienter
651 2211 874 2287 semotum,
897 2231 995 2298 quac,
1019 2213 1048 2278 si
1071 2214 1250 2278 auctoritas
1265 2213 1409 2290 atem,
1428 2232 1491 2279 uua

304 2324 533 2391 tolerarentur.
582 2320 687 2404 Atque
718 2317 798 2384 laec
828 2337 881 2384 res
910 2320 1058 2384 omnium
1091 2317 1269 2387 diffieilima
1300 2328 1352 2387 eet
1373 2321 1407 2386 in
1431 2319 1491 2385 line

305 2435 518 2515 argomento,
542 2421 627 2512 qood
651 2424 685 2489 in
710 2424 872 2509 paucitate
893 2421 1148 2509 fragmentorum
1170 2433 1204 2490 et
1219 2426 1416 2511 proprietate
1425 2444 1492 2490 ser·

305 2536 411 2601 monis
434 2529 612 2605 Lucillam,
634 2528 761 2594 diversa
780 2526 835 2594 illa
857 2527 899 2593 alt
920 2527 1096 2594 Horatiano
1116 2548 1254 2614 genere,
1272 2548 1369 2616 saepe
1380 2549 1493 2595 norma

305 2638 395 2706 deest
419 2644 450 2703 et
474 2636 632 2712 amussis,
654 2631 816 2719 adquam
839 2633 969 2718 singula
990 2635 1173 2718 exigamus:
1196 2653 1292 2720 saepe
1308 2633 1398 2700 dubii
1416 2633 1493 2699 hae·

304 2763 431 2818 remus,
457 2751 569 2808 utrum
592 2737 716 2804 librarii
741 2758 798 2804 nos
819 2737 951 2814 ludant,
981 2757 1024 2805 an
1052 2737 1197 2805 Lucilios
1218 2737 1291 2825 plus
1308 2737 1372 2806 sibi
1393 2737 1492 2804 liber·

303 2850 383 2915 tatis
411 2845 584 2921 sumserit,
614 2862 712 2930 quam
737 2841 811 2909 aliis
835 2845 1053 2929 permittatur.
1089 2842 1262 2910 loellerus
1284 2843 1378 2910 uobis
1398 2863 1494 2930 saepe

306 2953 408 3019 nimia
431 2948 555 3016 Lucilio
577 2967 637 3014 suo
659 2948 858 3014 concessisse
881 2950 971 3014 risus
985 2957 1054 3025 est,
1077 2967 1178 3035 eaque
1201 2946 1388 3027 admisisse,
1410 2966 1494 3036 quae

306 3059 361 3123 rix
382 3064 439 3121 aut
462 3074 503 3120 ne
525 3054 577 3118 ris
602 3052 733 3139 quidem
756 3051 988 3138 intellegantur
1008 3062 1065 3119 aut
1084 3061 1198 3118 contra
1217 3072 1399 3120 sermonem
1418 3072 1494 3140 pee-

306 3170 392 3228 ceut.
428 3159 473 3225 lle
502 3177 568 3244 quo
601 3177 677 3224 cum
707 3156 863 3223 iudicium
889 3157 942 3224 hic
965 3155 1030 3224 illic
1053 3176 1172 3244 auceps
1194 3159 1258 3235 sit,
1281 3156 1361 3225 illud
1385 3166 1494 3225 tamea

305 3264 493 3339 dolendum,
520 3261 604 3349 quod
625 3260 678 3328 illa
698 3261 887 3347 imperfecta
908 3263 1078 3329 conamina
1098 3263 1131 3328 iu
1152 3270 1339 3330 contextum
1353 3264 1494 3350 recepit,

305 3392 370 3458 quo
393 3368 479 3436 laeto
500 3365 692 3434 emendandi
716 3368 766 3433 ria
790 3367 864 3433 aliis
885 3369 995 3434 minus
1019 3377 1130 3453 parata
1153 3376 1213 3434 est.
1238 3368 1394 3435 llisseetis
1403 3368 1493 3437 euim

306 3479 340 3544 in
371 3474 580 3542 annotatione
608 3472 722 3541 critica
754 3472 902 3539 versibus
932 3473 966 3537 iu
999 3470 1127 3556 singula
1149 3472 1323 3550 vocabula,
1351 3492 1493 3560 eaquae

305 3581 381 3650 libri
421 3578 562 3646 ollerout
606 3596 668 3643 uon
710 3576 772 3643 sub
806 3596 871 3643 uuo
904 3586 1079 3663 conspeetu
1114 3581 1218 3664 posita
1252 3586 1340 3645 sont
1393 3579 1493 3646 Aces-

305 3689 355 3755 tit
386 3683 471 3772 quod
494 3682 608 3751 ditius
637 3681 879 3751 »testimoniis”
903 3692 933 3747 et
962 3683 1137 3749 »varietate
1158 3680 1329 3750 lectionis”
1352 3702 1412 3751 uec
1434 3702 1494 3770 per

305 3790 434 3860 eosdem
466 3807 618 3857 numeros
648 3787 787 3866 notatis,
820 3786 915 3852 modo
946 3785 1010 3853 hue
1041 3785 1136 3853 modo
1167 3785 1244 3854 illuc
1266 3807 1377 3857 errare
1398 3787 1493 3855 dehet

307 3897 432 3966 oculus.
476 3893 554 3961 Mihi
579 3891 682 3961 multo
704 3892 810 3977 magis
829 3889 998 3959 commoda
1022 3891 1151 3959 ridetur
1170 3893 1255 3959 ratio
1272 3913 1371 3978 quam
1389 3893 1494 3960 secuti

307 4012 385 4071 suut
414 3999 594 4069 lleinelius
622 4007 655 4064 et
680 3996 856 4082 Bergkius‚
886 4016 983 4083 quam
1006 4016 1090 4083 quae
1111 3996 1315 4065 Geminorum
1340 3998 1493 4084 Tragico-

306 4127 446 4194 romque
476 4105 686 4182 latinorum,
722 4102 895 4179 Varronis,
924 4102 1023 4169 Ennii
1052 4099 1242 4188 fragmentis
1264 4101 1409 4170 adhibita
1430 4112 1493 4171 est.

307 4211 368 4277 tn
392 4209 507 4285 credo,
533 4207 720 4276 lloellerum
743 4208 849 4294 ipsum
862 4205 1115 4286 emendationes,
1128 4226 1209 4293 quas
1220 4210 1359 4295 recepit,
1381 4227 1494 4275 omues

306 4324 413 4384 certas
435 4313 664 4401 evidenterque
686 4306 881 4400 putare3'iis
904 4310 1000 4391 loeis,
1024 4312 1156 4398 opinor,
1187 4312 1242 4380 ubi
1268 4313 1314 4379 nil
1337 4312 1494 4400 relinqui·

305 4428 361 4487 tur
379 4420 442 4487 nisi
461 4419 629 4498 divinatio,
644 4419 856 4505 praestitisset
871 4415 1024 4485 traditam
1038 4415 1222 4499 lectionem,
1236 4418 1286 4487 tel
1298 4438 1374 4486 oum
1390 4418 1493 4496 titiis,
