3254 5034
271 316 314 380 58
764 331 968 380 arsennaria

409 503 437 570 εθ
458 526 516 586 περ
539 498 601 584 γάρ
624 525 658 567 κε
682 501 804 580 βλεῖο
826 501 1007 580 πονεύμενος
1031 501 1065 577 tt
1087 502 1226 577 ποπεόης.

317 607 401 690 Quid
433 617 484 677 cst
512 606 624 689 βλεῖιό
662 607 761 674 Vetus
792 610 956 694 scriptura
984 609 1040 688 πρό
1062 609 1229 674 Edetaniae
1252 614 1378 673 uasto
1402 609 1462 669 τῶν

271 722 396 797 μακρῶν
425 714 508 781 οὔπω
537 713 714 795 εὑρημένων.
764 713 890 779 doristo
922 713 1091 779 Homerico
1115 714 1278 793 ἐβλήμην,
1309 712 1461 791 βλήσθιιι,

270 820 427 900 βλήμενος
459 840 516 908 per
546 821 653 885 ouinia
682 819 799 885 similis
823 829 872 884 est
898 821 1079 886 noricorum
1105 824 1246 886 aoristus
1269 817 1462 894 ἑνεπλήμην,

272 925 434 1006 ἔμπλησο,
468 927 666 1006 ἕμπλήοθιιι,
698 925 907 1004 ἐμπλήμενος.
954 923 1095 1012 Optatiri
1127 923 1231 990 [orma
1263 925 1294 990 in
1325 923 1463 997 taltorta,

273 1040 309 1097 ut
340 1034 423 1097 ratio
455 1030 548 1098 docet
577 1040 610 1098 et
641 1030 813 1096 confirmat
846 1049 944 1109 usus,
975 1030 1041 1096 exit
1072 1032 1104 1096 in
1137 1038 1320 1107 -ΗΙΜΗΝ,
1344 1037 1462 1103 -uuo,

273 1146 422 1214 ·H1T0.
458 1147 493 1203 ui
530 1138 561 1203 in
597 1138 788 1219 βεβλήμην,
823 1139 1010 1220 μεμνήμην,
1047 1140 1215 1220 κεκτήμην.
1271 1134 1349 1200 Nola
1386 1143 1466 1201 sunt

274 1242 420 1331 exempla
441 1243 527 1330 apud
551 1242 796 1330 Aristophanem
823 1246 855 1308 in
880 1243 1018 1308 ιθοθιιονι.
1044 1262 1090 1308 rs.
1116 1247 1181 1308 236

408 1351 447 1422 cic
471 1349 532 1428 ἐγὼ
554 1347 686 1428 βόλλιον
709 1350 820 1415 ἐκεῖνον
843 1349 896 1415 οὐκ
917 1348 956 1415 ἂν
980 1349 1150 1431 ἐμπλήμην
1172 1349 1284 1423 λόθοιε.

273 1462 305 1521 rt
331 1454 363 1520 in
389 1452 566 1541 Lysistratus
589 1474 634 1518 rs.
662 1458 727 1521 235

455 1562 481 1627 εἱ
505 1560 536 1626 δὲ
560 1559 743 1643 πιιροιβοιθην
766 1559 877 1634 nideror
902 1562 1036 1643 ἐμπλῇθ’
1061 1565 1079 1638 ή
1103 1559 1205 1639 κύλιξ.

320 1666 432 1753 ltaque
462 1674 494 1733 et
527 1687 612 1732 nunc
644 1666 755 1746 γέγονε
780 1667 848 1749 περ)
872 1667 927 1741 τήν
950 1667 1092 1748 ιῖρχιοόιιν
1115 1668 1243 1748 γραφήν
1265 1663 1466 1746 όμόρπημιι,

275 1791 415 1859 namque
437 1780 658 1849 ΒΛΗΙΜΗΝ,
690 1781 841 1849 ΒΛΗΙΟ,
864 1782 1027 1839 ΒΛΗΙΤΟ
1052 1772 1174 1839 Graeca
1198 1780 1329 1836 suntet
1356 1779 1469 1856 poetae

276 1875 491 1944 reddendum:
516 1881 600 1957 εῖπερ
623 1878 686 1959 γάρ
710 1902 743 1944 κε
767 1878 893 1962 βλήο.
919 1887 952 1944 et
972 1878 1011 1943 de
1032 1880 1123 1958 βλεῖο
1144 1888 1230 1944 route
1250 1875 1389 1944 dixeris:
1411 1884 1468 1951 πνῖς

274 1983 415 2065 ἄρχαίοις
438 1991 663 2064 γραμματικῆς
687 1981 718 2048 ἕν
743 2007 774 2050 τι
798 1987 851 2050 καὶ
875 1989 964 2051 τοῦτο
984 1990 1043 2051 πῶν
1066 1984 1344 2063 ὑπολελειμμένων.

321 2087 404 2154 tout
430 2107 516 2155 nunc
539 2090 770 2175 grammaticos
794 2101 918 2156 veteres
944 2095 974 2155 io
999 2090 1113 2156 Codice
1138 2090 1300 2155 Marciano
1323 2086 1364 2153 ad
1388 2086 1420 2151 h.
1447 2086 1468 2151 1.

275 2195 384 2274 βλεῖοε
413 2194 578 2273 βληθεόης.
602 2192 648 2264 ἔοι
671 2195 703 2262 it
726 2195 888 2262 όκόλονθον
911 2205 1034 2280 μετοχή
1055 2207 1096 2280 πή
1118 2195 1291 2275 βλόμενος.
1317 2194 1468 2275 κόχρηπιιι

275 2301 475 2382 Ἐπόχοιρμος
498 2301 551 2366 κιιὶ
578 2301 621 2382 τῷ
645 2302 825 2384 ἕνεργητικῷ

549 2406 625 2473 οἴκοι
648 2407 686 2473 πὺ
707 2407 818 2484 βλεόης
841 2407 1014 2493 οφενδόνᾳ.

276 2514 316 2586 ὥς
338 2505 388 2577 οὖν
411 2509 578 2590 θέμενος
599 2514 679 2579 θεῖο
702 2510 778 2579 οὕτω
803 2511 1008 2593 βλόμενος
1032 2512 1169 2592 βλεῖο.
1193 2514 1229 2579 πό
1249 2513 1280 2579 δὲ
1298 2511 1410 2591 βλεόης
1430 2521 1470 2595 πή

277 2617 368 2696 βλεῖς
400 2617 601 2698 πορόκειτιιι.
655 2617 740 2684 Cave
770 2629 800 2686 te
832 2618 1005 2704 rteciptant.
1053 2618 1139 2684 Nihil
1172 2617 1266 2684 trahet
1297 2636 1472 2683 corninune

278 2723 386 2802 βλεῖο,
409 2742 484 2789 curu
509 2724 588 2801 θεῖν,
612 2723 754 2801 θέμενος,
787 2733 818 2791 et
841 2726 1048 2812 participium
1073 2724 1225 2803 βλόμενις
1250 2724 1282 2788 in
1307 2743 1471 2809 granrnra·

279 2829 418 2894 ticorurn
451 2828 593 2894 cerebris
625 2837 736 2895 natunr
768 2840 828 2896 est.
877 2830 1049 2897 Homerica
1073 2840 1149 2896 siunt
1174 2832 1191 2906 ή
1216 2830 1294 2911 δουρὶ
1317 2829 1426 2903 τυπεὶς
1452 2830 1470 2906 ή

280 2934 487 3014 βλήμενος
519 2936 571 3015 ἰῷ,
600 2934 756 3012 βλήμενος
788 2937 805 3011 ή
833 2938 867 3017 ἰῷ
892 2937 910 3012 ή
934 2935 1045 3017 ἔγχεϊ,
1070 2938 1226 3016 βλήμενος
1251 2937 1283 3010 ήὲ
1305 2935 1414 3006 runcis
1439 2944 1472 3000 et

280 3043 354 3106 sim.
401 3039 480 3105 Toto
504 3038 591 3105 coelo
610 3039 736 3104 diversa
756 3050 804 3105 est
826 3044 908 3107 ratio
928 3042 960 3106 in
982 3042 1092 3120 βλεόης
1114 3041 1198 3129 apud
1219 3039 1472 3126 Epicharnrnor,

280 3153 312 3213 et
351 3144 555 3232 participium
586 3144 676 3224 βλεῖς
709 3146 847 3212 nontturn
884 3167 994 3213 vereor
1026 3168 1065 3214 ne
1097 3150 1138 3212 sit
1170 3149 1314 3213 eiusdenr
1349 3146 1472 3212 farinae

281 3261 379 3339 atque
410 3250 574 3331 βλόμενος.
623 3249 707 3316 Nihil
740 3251 827 3318 atiud
859 3273 897 3318 ox
930 3274 966 3320 eu
999 3253 1204 3319 annotatione
1227 3253 1384 3318 discimus
1407 3253 1471 3317 nisi

282 3366 408 3423 ΒΛΕΙΟ
439 3375 509 3421 esse
539 3355 701 3442 nrtgsun
726 3359 922 3445 scripturam
948 3368 980 3426 et
1005 3358 1101 3444 vulgo
1125 3361 1194 3424 siue
1218 3359 1401 3445 suspicione
1427 3359 1473 3423 ita

282 3460 353 3549 legi.
401 3459 568 3539 Ἑβλήμην
589 3461 682 3528 nabet
707 3471 739 3529 et
759 3464 1000 3530 coniunctivuru
1027 3466 1060 3531 io
1085 3462 1198 3553 Odyss.
1224 3475 1257 3531 Ρ.
1284 3467 1349 3529 tta

406 3563 519 3632 όππόπ’
541 3569 616 3648 ιὶνήρ
638 3568 704 3650 περὶ
729 3564 786 3636 οθοι
809 3570 1019 3653 μαχειόμενος
1044 3570 1210 3638 κπεθπεοοι

406 3672 561 3751 βλήεπιιι,
629 3732 632 3737 ,

283 3777 367 3865 quod
392 3786 440 3845 est
463 3796 502 3844 ex
526 3786 687 3845 ΒΛΗΤλΙ
713 3778 919 3850 distractum.

328 3991 468 4076 Antiqua
492 3992 654 4077 scriptura
681 3992 786 4058 Attica
813 3994 922 4080 reponi
947 3991 1040 4061 debet
1064 3993 1104 4060 ad
1125 4004 1164 4061 H.
1193 3997 1266 4061 tut.
1294 4013 1364 4079 pag.
1387 3997 1474 4067 331,

283 4098 343 4161 20:
376 4095 430 4169 τήν
452 4093 557 4175 κρόκην
578 4107 618 4179 πή
641 4098 722 4179 χειρὶ
743 4096 842 4172 ἓνηθον
864 4101 899 4165 ai
923 4101 1059 4166 πολινιιιὶ
1083 4107 1251 4179 γυναῖκες,
1275 4095 1313 4172 ὥς
1337 4122 1396 4164 που
1419 4083 1472 4162 κει)

283 4198 422 4274 Εὔπολίς
446 4206 524 4282 φησι

511 4317 549 4389 πή
568 4307 649 4387 χειρὶ
671 4316 713 4383 νή
721 4311 759 4375 θε
783 4311 1035 4390 μκλθοικωτιόπην
1058 4313 1176 4394 κρόκην.

331 4410 427 4476 tutet
452 4422 504 4487 νήν
526 4411 695 4487 dicebant,
722 4424 757 4481 ut
781 4426 869 4493 κνήν,
893 4426 992 4497 ομήν,
1015 4425 1097 4499 φῆν,
1121 4429 1153 4486 et
1175 4417 1305 4504 Eupolis
1322 4415 1473 4483 dorem:
