3276 5006
286 330 349 399 122
675 353 718 400 nn
741 351 896 402 rmrorus
920 351 1071 402 concurr.

285 527 360 583 ΣΩ.
384 518 468 601 φημί
492 520 548 599 δή,
572 517 701 601 χείρονος
724 522 777 586 καί
804 522 907 595 ἡδονῆς
928 522 1146 602 ἀπεργασίας,
1170 518 1191 587 ὦ
1215 528 1315 588 Πῶλε.
1364 524 1466 589 Acuta

283 622 367 689 vidit
387 624 464 690 haec
486 626 533 690 ita
555 645 621 690 esse
643 625 854 710 disponenda:

419 736 495 793 212.
519 727 664 806 οὐδεμία,
688 725 710 792 ὦ
733 734 834 794 Πῶλε.
858 730 947 795 αλλίο
970 728 1003 796 τί
1008 750 1016 803 ;
1039 728 1128 811 Φοίίι.

418 842 528 898 ΠΩΑ.
552 833 636 914 Φιςμί
660 833 707 905 δή.

418 945 494 1002 ΣΩ.
519 937 664 1017 ἐμπειρίαι
685 961 743 1010 τις.
767 938 859 1010 τίνος;
881 937 971 1019 Φοίίι.

417 1051 526 1106 ΠΩΛ.
550 1041 634 1123 Φημί
658 1039 705 1114 δή.

418 1153 494 1209 ΣΩ.
516 1143 645 1224 χάριτος
667 1143 720 1209 καί
745 1144 1093 1224 etruscersprache,
1117 1143 1138 1210 ὦ
1163 1152 1263 1211 Πῶλε.

326 1249 450 1334 Nempe
471 1247 616 1314 Socrates
633 1248 751 1314 Polum
768 1250 857 1316 iubet
877 1251 980 1316 dicere
1002 1248 1099 1331 φίίι·
1129 1251 1217 1315 αλλὰ
1235 1251 1268 1315 τί
1275 1271 1282 1323 ;
1306 1257 1340 1316 et
1367 1250 1462 1331 Φοίίι·

281 1355 378 1428 τίνος;
400 1358 432 1419 et
453 1352 552 1419 Polus
574 1354 771 1438 obtemperat
793 1354 843 1420 bis
866 1354 973 1420 dicens
995 1355 1079 1436 Φημί
1102 1354 1150 1428 δή.
1179 1355 1237 1421 'Ad
1258 1356 1339 1421 hanc
1358 1356 1462 1423 lucem

282 1458 375 1526 facile
396 1463 445 1522 est
466 1456 643 1523 emaculare
661 1456 769 1522 locum
786 1480 860 1545 pag.
878 1457 954 1522 463.
973 1476 1002 1523 o.
1034 1460 1108 1523 αλλ’
1127 1458 1211 1539 είτερ
1238 1458 1345 1537 βούλει
1377 1463 1464 1526 roti-

282 1563 352 1628 σίαι
380 1560 478 1642 ἐρώτα
501 1562 599 1626 ὁποῖον
621 1559 720 1640 μίριον
749 1569 805 1636 τῆς
830 1564 995 1634 κολακείας
1018 1565 1102 1641 Φημί
1125 1558 1202 1628 εἶναι
1225 1564 1280 1638 σὺν
1302 1564 1462 1644 ρἰςτορικιίν.

282 1674 392 1732 ΠΩΛ.
416 1666 514 1748 ἐρωτῶ
535 1667 572 1740 δὴ
596 1664 662 1751 [καί
686 1665 849 1746 ἀπόκριναι
873 1667 972 1732 ὁποῖον
992 1665 1122 1752 μίριον.]
1145 1667 1236 1732 Nihil
1258 1666 1347 1732 aliud
1368 1668 1464 1733 Polus

282 1768 367 1835 dixit
387 1789 484 1855 quam
514 1771 611 1851 ίροιτῶ
634 1769 688 1847 ist,
719 1776 758 1847 ut
778 1772 813 1834 in
842 1773 1001 1856 superiore
1022 1770 1092 1836 loco
1113 1770 1198 1852 Φημί
1220 1771 1267 1846 δή.
1315 1772 1387 1837 Non
1409 1792 1462 1857 po

281 1878 365 1940 terat
386 1893 535 1958 quaerere
556 1873 655 1939 ίποῖον
677 1872 795 1953 μόριον,
818 1875 874 1939 sed
895 1874 995 1939 ίποῑον
1018 1873 1117 1954 μίριον
1139 1880 1195 1947 τῆς
1218 1876 1384 1949 κολακείας
1404 1876 1464 1944 isis

284 1979 302 2053 ἡ
325 1978 477 2058 ρητορικιίι
501 1984 558 2043 aut
580 1978 766 2062 (quoderat
788 1977 893 2043 multo
914 1977 1045 2060 melius)
1069 1977 1217 2043 omnibus
1232 1978 1283 2043 his
1301 1999 1359 2064 per
1375 1978 1463 2063 ellip

282 2081 332 2147 sin
355 2081 481 2145 omissis
501 2080 585 2145 nihil
607 2080 696 2146 aliud
718 2080 821 2147 dicere
842 2100 939 2166 quam
963 2082 1057 2161 ἐρωτῶ
1081 2081 1128 2156 δή.

326 2287 407 2375 Peg.
438 2285 514 2352 465.
545 2307 576 2354 a.
606 2286 665 2358 cire
696 2297 792 2355 ποιεῖν
822 2288 982 2368 σίλλίτριον
1011 2287 1129 2360 κάλλος
1157 2289 1380 2371 ἐφελκομένους
1409 2292 1463 2353 τοῦ

281 2392 389 2458 οίκείου
419 2394 487 2478 [τοῦ
517 2391 568 2456 διὰ
598 2400 654 2469 τῆς
684 2394 914 2478 γυμναστικῆς]
946 2394 1087 2472 οίμελεῖν.
1133 2392 1249 2478 Spurio
1272 2399 1305 2458 et
1327 2394 1465 2458 insiticia

282 2500 357 2560 aunt
379 2494 475 2563 verba
496 2502 550 2563 τοῦ
574 2497 625 2563 διὰ
648 2506 705 2573 τίς
729 2504 932 2576 ρομναςιιιιῑς.
980 2496 1190 2581 Opponuntur
1217 2499 1304 2562 enim
1327 2501 1411 2562 inter
1431 2516 1465 2562 se

281 2600 316 2665 τί
339 2600 445 2666 οἰκεῖον
475 2600 610 2677 καλλος,
642 2602 676 2667 id
707 2608 755 2668 est
777 2607 812 2668 τὸ
835 2601 1004 2683 αὐτοφυές,
1039 2608 1071 2666 ct
1095 2602 1130 2666 τὸ
1153 2601 1331 2680 οἰλλίτριον,
1362 2600 1465 2665 idest

280 2705 316 2769 τί
341 2703 550 2785 ἐπιτίχνντον.
585 2707 696 2792 Neque
714 2707 774 2773 hoc
792 2706 889 2771 habet
905 2707 923 2781 ἦ
942 2705 1137 2783 ρομναςικιί,
1160 2709 1199 2768 ut
1210 2705 1465 2787 pulchritudinem

278 2807 375 2913 addat
396 2812 535 2896 corpori,
560 2811 615 2876 sed
637 2811 735 2876 robur
756 2817 789 2876 et
810 2809 1008 2874 firmitatem.

322 3014 403 3104 Peg.
428 3014 504 3081 465.
528 3035 560 3082 1).
592 3017 618 3081 εί
651 3015 709 3083 δέοι
741 3017 772 3082 ἐν
802 3014 892 3081 παισί
916 3014 1150 3094 διαγωνίζεσθαι
1176 3012 1330 3101 [ὀψοποιόν
1353 3037 1389 3078 τε
1412 3015 1464 3079 καί

278 3118 393 3206 ίατρίν]
420 3122 438 3196 ἢ
471 3122 502 3184 ἐν
530 3118 672 3200 οίνδροίσιν
706 3117 799 3193 οὕτως
836 3119 973 3193 οὶνοιίτοις
1006 3117 1105 3197 ὥσπερ
1138 3119 1164 3183 ci
1196 3118 1306 3191 παῖδες
1342 3117 1464 3199 τίσερος

277 3223 379 3287 ἐπαΐει
403 3223 471 3304 περί
492 3227 553 3289 τῶν
574 3230 695 3304 κελτῶν
720 3225 823 3290 σιτίοιν
847 3223 900 3288 καί
926 3228 1056 3302 πονηρῶν
1079 3223 1093 3286 ί
1117 3220 1218 3301 ἰατρὸς
1243 3222 1261 3297 ἢ
1284 3222 1299 3286 ί
1322 3224 1462 3304 ὀψοποιὸς

277 3326 358 3408 λιμςῒι
381 3325 421 3393 ίον
442 3328 604 3395 ἀποθανεῖν
625 3330 677 3395 τὸν
700 3329 809 3409 ίατρίν.
858 3331 978 3416 Arguit
1001 3327 1159 3393 emblema
1184 3325 1327 3409 ίψοτοιίν
1349 3350 1384 3394 τε
1408 3327 1460 3390 καί

158 3504 166 3517 ,
277 3430 380 3513 ίατρίν
401 3435 545 3518 primum
566 3435 823 3519 perincommoda
848 3433 956 3510 sedes,
985 3451 1123 3516 namque
1145 3450 1209 3497 uno
1231 3438 1339 3497 tenore
1362 3433 1460 3496 conti·

277 3537 404 3604 uuanda
432 3543 522 3604 eraut
552 3538 582 3602 ίν
612 3539 719 3603 παισίν
743 3538 760 3613 ἢ
784 3539 815 3601 ἐν
845 3535 987 3617 ἀνδράσιν
1019 3533 1112 3607 οὕτως
1141 3537 1278 3612 ἀνοήτοις
1308 3532 1407 3614 ὥσπερ
1433 3534 1459 3598 οἱ

228 3676 233 3695 ·
277 3641 399 3714 ransc.
443 3641 610 3708 Prseterea
640 3641 738 3708 verba
770 3644 804 3707 in
834 3661 901 3726 sqq.
933 3643 1037 3726 posita
1068 3641 1082 3705 d
1112 3640 1213 3719 ίατρὸς
1242 3639 1259 3715 ἢ
1284 3640 1298 3704 ί
1322 3636 1461 3721 δψοτοιίτ

276 3745 389 3813 eadam
417 3745 514 3813 verba
535 3747 570 3811 iu
595 3746 853 3831 praecedentibus
883 3744 1035 3811 collocata
1064 3742 1149 3809 mula
1172 3746 1343 3810 atritione
1365 3743 1462 3808 abun·

279 3849 353 3917 dare
376 3850 547 3917 declarant.

323 4055 404 4145 Peg.
429 4056 505 4123 466.
528 4074 558 4124 n.
581 4056 665 4140 φημί
695 4058 760 4140 γὰρ
787 4094 830 4108 -
858 4057 929 4131 τοὺς
960 4058 1085 4138 ῥήτορας
1118 4056 1171 4122 καί
1202 4057 1272 4130 τοὺς
1304 4056 1461 4138 τοροίννονς

279 4162 424 4230 δύνασθαι
447 4163 505 4241 μὲν
528 4163 559 4227 ἐν
580 4169 652 4234 ταῖς
682 4160 793 4228 πίλεσι
824 4161 1036 4244 σμικρότατον.
1061 4196 1104 4211 -
1128 4170 1224 4227 ποιεῖν
1247 4160 1350 4239 μέντοι
1374 4157 1409 4237 6,
1432 4180 1462 4223 τι

279 4267 320 4331 ἂν
352 4265 457 4337 αὐτοῖς
488 4266 559 4348 δοκῇ
593 4264 750 4352 [βίλτισον
780 4263 881 4352 εἶναι]
929 4265 1114 4351 Importune
1142 4266 1290 4332 additum
1320 4266 1464 4344 βίλτιςον

281 4365 355 4433 εἶναι
381 4373 412 4432 st
431 4373 739 4454 argumentationem
760 4374 856 4438 vitiat
878 4376 909 4434 et
932 4370 1071 4454 leporem
1095 4373 1157 4437 ioci
1181 4373 1364 4455 corrumpit.
1401 4369 1462 4452 'Py-
