3296 5022
618 350 661 397 sn
685 347 950 396 runosnnasrcu.
1334 330 1374 394 41

228 517 310 583 Ibid.
334 516 385 581 καί
411 515 506 591 αὐτὸς
530 517 560 581 ἐν
584 525 655 590 ταῖς
681 516 860 594 ἐπιδείξεσιν
884 516 985 598 ι’ίςερνν
1010 518 1125 584 ἔπεισιν
1148 519 1198 584 ἐπὶ
1223 523 1282 583 πῶν
1305 520 1375 581 deco·

182 622 281 702 μένων
304 623 377 703 πρὸς
400 621 452 686 aba
478 619 576 702 ἕτερον
600 619 645 689 ὄπι
671 623 817 701 „rotro
841 624 904 692 ε’ςὶν
928 626 945 700 ἡ
967 625 1173 710 παλαίςραἼ.
1222 621 1378 709 Oormpta

182 729 260 795 baec
290 733 365 795 sunt
394 734 426 795 et
455 727 590 794 mutila:
627 729 755 796 adiutus
784 731 954 797 bominum
989 733 1156 798 doctorum
1190 731 1378 796 coniecturis

175 821 290 913 ¹locum
323 835 607 924 redintegrandum
641 855 707 901 esse
741 836 876 902 arbitror
904 839 939 901 in
968 837 1054 902 buno
1088 835 1239 903 modum:
1277 833 1378 914 ὕςενικ

185 943 388 1008 ίπιισιθΝΛΙ
420 939 477 1010 ὅςε
510 941 607 1006 είπεῑν
637 964 707 1006 τινα
729 948 788 1006 τῶν
812 943 965 1021 θεωμένων
988 944 1061 1024 πρὸς
1085 940 1184 1023 ἕτερον
1210 943 1285 1031 (ιιοιι
1308 930 1379 1022 apic

184 1056 277 1114 ΤΟΝ
310 1044 423 1130 ἕτερον)
455 1046 602 1126 »Τούτου
634 1048 696 1116 dclv
722 1051 739 1124 ἡ
769 1048 961 1128 casatas&
1020 1047 1084 1129 Qui
1115 1071 1180 1114 cero
1203 1056 1274 1133 post
1293 1048 1381 1127 ,alios

147 1198 155 1214 ι
183 1177 279 1221 omncs
309 1156 344 1219 in
372 1153 564 1241 palaestram
592 1156 722 1231 introit,
754 1175 818 1220 non
848 1154 1038 1236 ἐπέρχεται,
1071 1153 1127 1221 sed
1150 1153 1378 1235 ἐπεισέρχεται.

183 1260 442 1351 Expungendum
473 1266 520 1327 ast
546 1258 598 1326 τίν
621 1262 656 1326 in
680 1260 751 1341 πρὸς
777 1262 828 1325 τὸν
852 1258 967 1342 ἕτερον,
999 1283 1039 1328 ne
1061 1264 1121 1326 cao
1136 1254 1271 1328 ¹tantum
1294 1280 1379 1345 spec·

185 1373 302 1435 tataros
325 1369 433 1435 adesse
455 1368 635 1434 videantur.

231 1578 307 1668 Oap.
332 1580 401 1646 VH.
426 1583 563 1652 Λαλιᾶς.

231 1687 285 1752 καί
315 1683 390 1752 ίπαν
422 1709 461 1765 γε
491 1686 561 1759 τοὺς
586 1686 655 1749 καί
679 1682 733 1749 ἕνα
756 1687 1020 1766 ἀπιΓΤΜΝΩσιι
1043 1685 1134 1757 δεινὸς
1158 1685 1210 1751 καί
1235 1685 1285 1749 ἐπί
1311 1686 1380 1757 τοὺς

185 1793 306 1874 ἇίρίινς
340 1792 406 1878 [καί
430 1788 649 1880 carassalem]
672 1793 875 1876 sapentiam}
922 1789 960 1856 In
982 1791 1096 1857 multis
1124 1789 1281 1856 lectorum
1310 1810 1381 1855 con·

184 1902 329 1977 iacturis,
361 1918 441 1984 quae
472 1900 506 1962 in
537 1897 745 1963 deterioribus
774 1898 866 1964 libris
888 1901 1106 1984 reperiuntur,
1140 1916 1379 1982 nonnumquam

99 2026 101 2037 ·
183 2007 266 2072 bona
287 2010 320 2071 et
349 2003 427 2070 felix
458 2003 638 2070 emendatio
661 2010 807 2090 apparet,
837 2009 876 2070 ut
897 2004 929 2068 h.
953 2003 975 2068 l.
1022 2003 1207 2069 Absurdum
1232 2007 1280 2067 est
1303 2004 1378 2067 ιὶπι·

185 2111 349 2195 νυμνιίσκ,
386 2109 441 2177 sed
471 2108 574 2176 nihilo
607 2109 725 2176 melius
758 2115 806 2176 est
839 2109 923 2197 quod
957 2110 1126 2175 substituit
1158 2108 1271 2175 Editor
1300 2112 1379 2174 απι-

185 2218 311 2300 ovacra.
358 2216 530 2304 Appellant
555 2216 616 2283 hoc
637 2239 740 2306 genus
762 2218 888 2284 dicendi
908 2217 1009 2304 lepidi
1032 2226 1064 2285 et
1086 2221 1215 2285 venusti
1236 2219 1382 2286 hominos

185 2327 220 2392 in
243 2322 377 2393 Graecia
404 2326 443 2396 ὥς
475 2324 523 2389 ἐπ’
548 2324 782 2403 Ἀγαμέμνονος
806 2324 1027 2403 διαλέγεσθαι,
1059 2328 1153 2391 utin
1176 2326 1254 2392 urhe
1276 2324 1381 2391 Roma

186 2451 253 2511 eos,
271 2433 327 2516 qui
342 2430 513 2495 verborum
531 2429 746 2495 obsoletorum
757 2430 874 2498 foetore
891 2434 925 2496 in
944 2431 1076 2498 dicendo
1095 2432 1282 2511 utebantur,
1300 2431 1382 2498 salse

186 2539 269 2626 tarqui
297 2559 362 2600 cam
390 2543 485 2601 matre
511 2536 653 2601 manci
675 2535 875 2602 dictitabant.
922 2536 1026 2603 Nemo
1049 2539 1296 2603 Atheniensium
1319 2541 1381 2603 isto

185 2647 268 2712 vitio
296 2642 463 2723 laborabat
490 2646 523 2706 et
553 2644 746 2720 απιννιῶπαι
778 2641 876 2728 (quod
908 2664 948 2708 ne
983 2641 1216 2731 significatione
1250 2644 1381 2729 quidem

186 2751 344 2838 praesenti
372 2747 442 2814 loco
472 2748 749 2813 accommodatum
778 2755 839 2830 est)
866 2770 930 2815 non
951 2752 1058 2838 magis
1081 2750 1167 2837 apud
1189 2771 1241 2816 eos
1264 2753 1299 2816 in
1320 2772 1382 2816 usu

188 2863 236 2923 est
258 2876 354 2944 quam
387 2857 430 2920 πα
460 2860 538 2933 γυῖα
567 2874 625 2940 pro
654 2854 696 2918 τί)
719 2861 806 2935 χεῖρε
831 2855 883 2920 καὶ
907 2856 949 2920 τὼ
973 2854 1057 2922 πίδε.
1107 2855 1192 2937 Quid
1215 2859 1382 2943 scripserat

186 2966 288 3052 igitur
318 2957 571 3047 Theophrastus?
605 2959 782 3047 Repertum
811 2960 847 3026 id
877 2966 925 3026 ost
948 2982 967 3027 a
988 2964 1094 3028 nescio
1124 2983 1186 3048 quo
1210 2969 1383 3029 comestore

188 3072 244 3155 qui
265 3070 335 3140 τοὺς
360 3067 430 3131 καθ’
454 3062 508 3130 ἕνα
531 3067 739 3149 ἀπιΚΝΛΙσκ
772 3067 950 3134 substituit.
997 3066 1068 3134 Hoc
1090 3090 1221 3149 vorum,
1253 3069 1313 3135 boc
1337 3089 1384 3135 sa·

186 3195 265 3240 num
296 3178 360 3251 est,
391 3172 452 3238 hoc
482 3178 594 3258 aptum
624 3174 671 3239 rei
702 3178 735 3238 et
757 3173 909 3239 idoneum
940 3179 997 3240 est.
1023 3175 1218 3242 Ἀπικναίειν
1241 3177 1328 3242 enim
1352 3181 1384 3242 et

186 3279 364 3346 ἀποκναίειν
388 3278 482 3362 ἀηδία
506 3285 555 3344 est
578 3279 738 3344 obtundere
760 3285 793 3345 et
816 3280 884 3345 odio
906 3303 1045 3360 caecare,
1074 3303 1137 3369 quo
1161 3282 1244 3348 nihil
1266 3281 1384 3348 melius

187 3387 321 3473 quadrat
353 3388 388 3450 in
421 3386 640 3471 importunam
671 3388 704 3450 et
732 3386 902 3453 molestam
936 3387 1172 3476 garrulitatem.
1225 3387 1382 3455 Dicebant

188 3494 300 3561 eodem
328 3512 422 3558 sensu
452 3496 485 3557 et
515 3487 641 3556 κίππειν
672 3490 743 3556 πινιὶ
774 3499 806 3558 ot
828 3494 1058 3572 κατακόπτειν,
1092 3493 1148 3560 sed
1170 3494 1384 3560 αππικιίπαπνν

188 3608 236 3667 est
258 3602 294 3664 in
316 3619 352 3664 ea
370 3618 405 3664 re
427 3597 613 3663 νίπνκναίειν.

232 3705 442 3792 Opponuntur
458 3706 543 3769 inter
553 3724 587 3769 se
599 3705 624 3768 ιί
637 3704 708 3769 καθ’
719 3699 774 3768 ἕνα
788 3710 821 3768 et
832 3690 859 3769 ιί
870 3704 985 3784 sepsos,
1006 3704 1216 3790 quamobrem
1236 3704 1288 3770 καὶ
1302 3727 1385 3769 συνε-

186 3811 322 3889 ςκκίτας
340 3811 546 3876 resecandum
565 3830 632 3875 esso
653 3828 772 3875 censeo.
795 3808 974 3876 Andocides
992 3830 1068 3898 pag.
1086 3808 1150 3889 31,
1173 3808 1225 3875 13.
1247 3809 1386 3876 διαπεπέ-

187 3935 276 3986 λικεν
302 3917 422 3998 alapisve
446 3918 504 3994 μὲν
524 3915 607 3992 ὑμᾶς
632 3915 825 3995 κολακεύων,
856 3912 911 3981 ἕνα
931 3917 957 3981 δ’
981 3912 1091 3984 ἕκαςιν
1115 3917 1361 3999 προπηλακίζων.

234 4131 315 4198 Ibid.
347 4129 632 4213 πρισδικννίσασίιιι
655 4129 695 4195 4δὲ
724 4129 776 4195 καί
801 4133 856 4207 τὴν
880 4132 929 4196 ἐπ’
954 4131 1177 4215 Ἀριςιφῶνπίς
1202 4155 1277 4197 πιπε
1301 4154 1388 4209 νενι-

162 4237 282 4335 Ιμένκν
312 4244 366 4304 τοῦ
398 4238 517 4320 ῥήτορος
549 4236 687 4322 5⁴02th]-
734 4234 826 4316 Quod
855 4237 937 4301 mihi
968 4235 1205 4324 Theophrastus
1228 4239 1388 4324 scripsisse

189 4345 334 4422 videtur,
365 4344 401 4410 id
429 4345 535 4410 iudice
566 4342 697 4408 Editore
726 4365 872 4427 „prorsas
893 4348 1013 4410 temere
1036 4346 1157 4431 quidam
1179 4343 1411 4428 ,caperata

190 4470 307 4534 nempe
332 4453 387 4524 τὴν
410 4458 469 4516 τῶν
493 4449 618 4533 ρητόρων
641 4448 772 4529 μιίχκν,
789 4473 924 4535 pacatam
946 4452 1026 4517 inter
1048 4453 1122 4517 dacor
1144 4459 1284 4517 ocos.
1329 4449 1389 4515 De·
