3296 5022
226 328 292 391 430
642 339 838 388 cutttnatttnst
872 343 990 389 utrina.
1026 393 1028 396 Α

269 506 357 574 Libri
382 505 426 573 lli
450 504 530 590 eleg.
558 506 636 586 XV,
660 513 702 575 bb
727 525 796 593 sqq.

360 610 492 696 Aspice,
516 611 565 674 uti
589 611 679 677 caelo
703 611 797 677 modo
820 611 865 677 scl
891 611 985 677 modu
1009 611 1085 678 luna
1109 610 1288 687 ministret,

359 718 406 781 sic
430 715 527 780 etiam
555 715 646 780 nobis
670 736 734 782 una
759 716 863 802 puella
890 722 1049 801 parumsl.

361 819 470 885 Altera
494 838 545 884 me
568 822 695 906 cupidis
719 829 825 886 teneat
850 819 1017 906 laventque
1042 819 1189 898 lacertis,

361 925 461 990 altera
486 924 513 988 si
537 924 665 1009 quando
689 944 751 990 non
775 925 853 989 sinit
877 944 947 989 esse
971 923 1100 1001 locum,

358 1035 416 1094 aut
440 1028 467 1092 si
491 1025 573 1092 forte
597 1030 679 1095 irata
703 1051 770 1095 meo
794 1031 837 1095 sit
861 1027 945 1093 lacta
973 1029 1134 1102 ministro.

361 1139 397 1196 ut
420 1131 502 1196 sciat
525 1133 732 1212 asseculam,
757 1154 839 1218 quae
863 1132 937 1198 velit
962 1153 1031 1199 esse
1055 1151 1136 1198 mea.

271 1236 390 1302 bocum
423 1234 659 1302 conclamatum
687 1246 720 1303 et
744 1236 865 1304 frustra
888 1236 1056 1323 bucusque
1079 1244 1237 1302 tentatum
1262 1235 1347 1303 lacili
1371 1254 1409 1302 ac

225 1340 364 1407 evidenti
389 1341 577 1405 coniectura
601 1342 771 1406 restituam
797 1342 829 1406 in
854 1342 1018 1422 integrum
1043 1340 1229 1407 scribendo:

360 1443 461 1509 altera
484 1444 511 1509 si
536 1443 665 1529 quando
689 1464 751 1509 non
775 1445 853 1509 sinit
876 1465 946 1511 esse
969 1446 1085 1511 locum.

360 1550 425 1614 but
448 1547 474 1611 si
497 1546 580 1614 iorte
603 1548 687 1615 irata
711 1548 790 1613 nubi
813 1549 874 1626 sit,
896 1548 979 1615 iacta
1003 1548 1171 1621 ministro.

362 1658 398 1716 ttt
421 1651 502 1717 sciat
525 1672 594 1718 esse
617 1652 737 1730 aliam,
760 1672 851 1736 quac.
865 1653 942 1719 velit
964 1672 1035 1719 esse
1058 1672 1141 1719 mea.

269 1754 432 1822 bibrarics
463 1774 525 1822 nun
557 1756 779 1841 intellegentes
810 1762 896 1844 sacta
926 1777 996 1824 essa
1030 1759 1105 1823 bec.
1139 1756 1185 1822 ΡΙ.
1215 1755 1408 1823 substantivi

226 1858 319 1947 qunti*
339 1868 388 1924 est
414 1864 551 1945 psaltem,
584 1868 616 1927 ct
640 1862 781 1926 ministro
804 1881 873 1927 esse
896 1861 1047 1938 terbum,
1073 1859 1127 1926 sed
1153 1859 1231 1926 ittnd
1255 1860 1409 1927 babentes

226 1983 285 2049 prc
315 1963 486 2049 participio
519 1962 592 2029 leni.
624 1984 698 2048 gen.
731 1964 790 2029 boc
823 1985 878 2050 pro
904 1965 1012 2032 tlativo
1035 1964 1227 2031 substantivi
1252 1965 1409 2052 pendente

226 2087 266 2133 ex
295 2069 396 2143 irata,
430 2066 515 2130 ultra
546 2068 626 2131 mibi
658 2069 691 2132 in
719 2090 787 2134 meo
811 2078 970 2147 mutasse,
995 2077 1031 2137 ut
1052 2089 1128 2136 cum
1152 2071 1295 2137 ministro
1319 2069 1409 2156 iungi

226 2177 350 2258 pessel,
375 2168 455 2235 nibil
479 2179 526 2236 est
551 2170 636 2256 quod
661 2174 828 2238 miremur.

271 2276 336 2339 Aut
360 2274 473 2348 etiam,
497 2270 564 2352 ait‘,⁸
583 2276 610 2338 si
634 2274 716 2342 lcrle
741 2276 844 2362 puelle
869 2275 948 2342 mihi
973 2276 1055 2343 irata
1079 2284 1129 2341 est
1149 2276 1239 2364 (prae
1251 2274 1408 2364 zelotypia

226 2378 339 2466 puta),
361 2380 446 2464 sucta
473 2379 502 2443 ei
535 2380 694 2457 ministra,
719 2381 741 2447 i.
770 2401 798 2447 e.
824 2401 880 2466 pro
903 2382 994 2446 vanis
1017 2380 1254 2466 suspicionibus
1277 2380 1410 2468 praebet)

226 2483 255 2548 ei
279 2483 382 2561 lacta,
409 2489 444 2547 ut
468 2483 550 2547 sciat
573 2502 644 2549 esse
667 2485 762 2551 aliam
791 2504 873 2570 quae
898 2504 970 2551 mea
993 2504 1064 2551 esse
1088 2484 1173 2552 velit.
1213 2504 1217 2513 ’

270 2586 315 2653 tv
338 2585 380 2652 el.
405 2592 436 2652 b.
460 2605 507 2651 vs.
535 2590 575 2651 19
601 2607 684 2672 sqqs

360 2689 409 2757 blc
432 2691 522 2757 iuvat
546 2692 577 2756 in
604 2693 708 2778 prima
733 2690 870 2758 coluisse
891 2690 1043 2757 Helicona
1067 2692 1196 2759 iuventa

406 2794 635 2881 Musarumque
658 2795 766 2863 choris
791 2790 987 2881 implicuisse
1011 2814 1142 2862 manus:

359 2897 409 2964 Me
432 2900 521 2963 iuvat
545 2907 576 2964 et
601 2899 703 2966 mullo
727 2909 867 2966 mentem
892 2919 1010 2966 vincies
1035 2899 1139 2989 byaeu

405 3001 446 3066 bt
469 3004 623 3087 caputia
646 3022 745 3069 verna
766 3023 895 3089 semper
919 3003 1035 3071 babere
1059 3024 1142 3071 rosa.

270 3104 312 3171 ttt
338 3111 462 3171 taceam
489 3106 620 3172 verbum
647 3108 762 3173 uincire
787 3127 930 3193 pugnare
955 3128 1029 3175 cum
1054 3108 1289 3194 significatione
1310 3128 1408 3196 quam

224 3215 350 3275 veteres
385 3208 533 3275 tribuunt
556 3212 678 3276 nomini
704 3209 823 3296 Lyceo,
849 3215 1009 3280 neminem
1035 3211 1196 3280 bominem
1221 3213 1327 3301 paullo
1348 3212 1409 3282 elc-

223 3313 404 3399 gauticrem
437 3315 548 3380 iuvare
581 3325 683 3400 potest
711 3326 849 3383 mentem
874 3318 948 3382 vinc
971 3318 1088 3383 cinciae
1111 3318 1220 3403 itaque
1244 3318 1407 3403 impedire.

224 3417 308 3484 Vino
331 3417 500 3504 indulgent
524 3428 634 3506 poetae
658 3429 694 3486 ut
717 3421 871 3487 Bncclricc
901 3420 1009 3488 lurore
1034 3420 1119 3507 pleni
1144 3430 1250 3488 mente
1273 3428 1410 3488 cernant

224 3540 306 3608 quae
332 3523 428 3608 vulgo
453 3525 641 3590 mortalibus
667 3535 781 3610 negata
804 3533 892 3591 sunt.
929 3525 1012 3592 Vino
1034 3527 1120 3593 enim
1146 3525 1239 3593 bodie
1262 3527 1410 3595 creditur

222 3635 256 3694 et
277 3627 354 3695 clim
377 3628 570 3697 credebatur
593 3631 706 3696 exacui
728 3631 847 3714 ingenii
875 3630 932 3697 vis.

470 3735 545 3801 ἀλλ’
569 3733 711 3813 ἐξένεγκέ
734 3757 785 3810 μοι
808 3733 934 3815 ταχέως
957 3734 1033 3802 οἴνου
1055 3735 1135 3815 χόα,

471 3838 523 3903 τὸν
545 3843 612 3905 νοῦν
635 3836 670 3905 ἵν’
694 3837 773 3919 ἄρδω
796 3841 848 3904 καὶ
871 3838 956 3917 λέγω
980 3863 1009 3906 rt
1033 3838 1141 3917 δεξιόν.

220 3943 267 4031 ait
290 3940 519 4009 bemcstbeues
541 3942 627 4028 apud
649 3946 809 4009 comicum
835 3944 867 4008 in
892 3943 1074 4029 Equitibus.
1121 3942 1188 4010 Nun
1218 3964 1300 4031 aege
1333 3946 1407 4010 aian

220 4056 329 4113 sumtu
348 4046 593 4113 immoderatius
616 4048 766 4134 impediri
790 4058 948 4124 merrtem,
978 4048 1034 4115 sed
1059 4050 1220 4117 nemiuem
1244 4048 1276 4115 id
1301 4048 1408 4116 hercle

220 4151 308 4215 iuvat
340 4151 402 4215 nisi
429 4152 510 4217 lorte
544 4152 704 4220 bominem
743 4152 905 4238 perditum
938 4174 975 4219 ac
1007 4153 1233 4241 desperatum,
1266 4154 1323 4241 qui
1360 4154 1407 4220 ita

219 4254 355 4321 miserae
386 4274 448 4339 qua
481 4256 601 4325 laboret
633 4257 825 4325 conditionis
849 4257 1082 4345 aliquantisper
1104 4260 1214 4347 cupiat
1242 4257 1423 4325 oblivisci?
