3296 5022
623 357 822 403 contremens
853 360 969 406 narina.
1326 343 1392 405 titt

204 545 300 593 sensu
335 521 598 608 intellegendum.
644 524 764 591 diibus
795 534 903 592 autem
934 525 1024 594 eaelo
1051 525 1189 595 turbatis
1219 525 1260 591 ab
1287 524 1395 612 aquila

207 639 294 697 terra
318 636 383 700 est,
406 628 490 714 qnod
515 626 681 713 naufragis
705 640 827 716 pertus.

271 736 326 803 Vs.
351 739 415 802 553
440 754 527 821 sqq.:
553 734 587 800 Si
611 733 709 801 datur
727 735 850 803 ltaliam
876 738 973 803 sociis
996 745 1028 803 et
1052 754 1127 821 rego
1149 742 1281 822 recepto

543 838 691 916 tendere,
716 851 752 906 ut
776 842 900 909 ltaliam
926 842 1000 923 laeti
1021 840 1390 926 Latiumqnepetamus,

543 944 592 1009 sin
607 944 718 1010 absum
724 955 777 1031 pta
789 945 877 1013 salus
889 955 930 1023 et,
944 956 975 1014 te
988 955 1078 1032 pater
1087 945 1207 1030 optime
1218 944 1393 1018 Teucrum,

544 1056 662 1135 pontus
682 1048 776 1116 habet
800 1051 938 1141 Libyae,
961 1073 1019 1119 neo
1031 1072 1104 1138 spos
1117 1051 1180 1116 iarn
1194 1057 1297 1115 restat
1311 1046 1391 1125 luli,

544 1165 576 1219 at
599 1159 683 1241 freto
707 1154 855 1223 Sicaniae
878 1156 992 1223 saltem
1017 1156 1173 1241 sedesque
1197 1161 1348 1241 paratas,

545 1259 628 1326 unde
652 1260 715 1326 hue
739 1260 876 1340 adverti,
897 1281 1069 1349 regemque
1082 1271 1230 1348 petemus
1243 1262 1390 1325 dommo.

204 1366 395 1453 Aliquanto,
421 1363 584 1442 pilatim,
610 1367 730 1431 rectius
750 1365 928 1452 legeretur:

541 1492 617 1536 oreo
643 1482 675 1536 ot
700 1472 847 1539 Sicaniae
871 1481 951 1540 oett.

250 1575 402 1642 Voculam
423 1585 456 1640 ot
475 1594 569 1661 saepe
589 1576 685 1641 metri
705 1595 801 1642 eausa
822 1597 840 1642 a
852 1579 953 1661 poetis
967 1578 1131 1662 transponi
1145 1577 1392 1659 oemoignorat.

250 1680 351 1747 Locus
383 1682 522 1747 maxime
555 1688 846 1759 controversuset
879 1683 943 1748 iam
977 1681 1069 1750 Gellii
1103 1680 1154 1769 (N.
1187 1683 1224 1747 Α.
1255 1679 1310 1746 tx.
1338 1677 1392 1764 tt)

205 1793 308 1851 aetate
332 1794 507 1872 corruptus
532 1784 652 1871 legitur
675 1786 709 1863 1,
736 1790 801 1853 632
826 1806 916 1874 epp:

340 1887 404 1956 Nee
430 1893 538 1956 atinus
562 1891 685 1956 interea
709 1892 806 1957 sociis
828 1891 869 1958 ad
891 1892 984 1958 litora
1012 1892 1114 1957 mittit

340 1996 454 2081 viginti
482 2004 610 2073 tauros,
637 2016 827 2081 magnorum
854 1997 1019 2063 horrentia
1044 2005 1176 2063 motum

341 2109 431 2185 terga
454 2119 569 2177 suum,
597 2100 728 2186 pinguis
750 2110 881 2169 eentum
906 2122 980 2170 eum
1007 2102 1167 2169 matribus
1191 2119 1312 2185 agnos,

340 2225 475 2272 inuuere
499 2205 712 2294 laetitiamque
734 2206 797 2273 dei.

249 2309 468 2387 Certumst,
492 2319 525 2377 et
548 2313 698 2378 convenit
721 2312 788 2379 lere
811 2313 897 2379 inter
920 2314 1058 2400 optimos
1082 2311 1174 2378 hodie
1195 2312 1389 2395 interpretes

205 2412 330 2481 ultimis
361 2416 467 2482 verbis
495 2414 657 2502 designari
681 2417 798 2482 visum.
836 2417 1077 2503 Peerlkampius
1102 2416 1161 2482 hoo
1184 2416 1233 2481 sie
1256 2433 1274 2480 a
1299 2419 1391 2500 poete

204 2519 269 2586 dioi
301 2523 442 2607 potuisse
474 2521 544 2588 iure
576 2542 713 2607 negans,
743 2521 907 2607 eleganter
936 2521 1065 2609 quidem
1090 2529 1135 2588 *ut
1158 2518 1300 2594 solebat,
1330 2515 1389 2583 sed

204 2625 305 2692 nimiu
330 2625 475 2693 mutandi
500 2625 635 2692 audacia
660 2626 793 2711 ideoque
818 2644 931 2711 parurn
958 2624 1164 2710 probabiliter
1187 2623 1345 2691 coniecit:

476 2750 671 2816 muneraque
695 2730 878 2817 laticemque
901 2727 1001 2815 Lyaei

248 2836 326 2902 ttihi
354 2835 496 2903 nondum
528 2835 693 2921 displicet,
725 2835 809 2921 quod
842 2834 956 2901 mullis
987 2833 1103 2900 abhinc
1126 2834 1220 2901 annis
1242 2832 1330 2899 venit
1355 2832 1388 2899 in

478 3382 612 3430 munera
637 3362 712 3428 loeti
734 3360 880 3447 additque
904 3358 966 3426 dei.

203 3467 224 3533 i.
257 3487 286 3534 e.
321 3466 468 3555 (traiecta
491 3488 579 3534 more
604 3477 770 3554 poetarum
803 3464 947 3553 coppim:
973 3462 1127 3550 additque
1159 3482 1294 3532 munera
1318 3467 1393 3534 teeti

202 3572 265 3652 dei,
292 3573 315 3641 i.
338 3592 368 3639 a.
396 3571 530 3651 Bacchi,
554 3593 650 3659 quern
675 3575 758 3640 inira
781 3594 827 3639 vs.
854 3576 917 3637 tes
942 3577 1034 3658 poeta
1054 3570 1392 3638 voeatlorta'tioedoto·

203 3699 282 3744 rom.
320 3680 456 3744 Prorsus
479 3679 629 3746 similiter
652 3678 728 3744 olim
754 3678 910 3745 Hesiodus
934 3675 1014 3763 Opp.
1041 3680 1105 3742 614
1129 3673 1272 3743 dixerat:
1295 3676 1394 3759 espa

204 3782 365 3850 Διωνύσοιο
397 3781 613 3863 πολυγηθέος,
649 3803 731 3869 qnae
763 3784 831 3871 ipsa
862 3781 955 3850 rerba
990 3780 1130 3869 Vergilio
1161 3783 1314 3870 pangeuti
1347 3801 1394 3848 ss.

205 3894 269 3957 535
294 3888 461 3956 obversata
487 3909 557 3956 esse
581 3889 740 3975 suspicor.

174 4029 178 4037 ·
248 3995 351 4060 Locus
376 3996 521 4058 omniurn
546 3993 797 4059 obscurissimus
820 4001 868 4059 est
893 3995 948 4078 qni
973 3992 1093 4079 legitur
1113 3991 1156 4071 11,
1185 3995 1345 4080 illosque

342 4097 457 4166 Omnia
480 4121 552 4186 spes
578 4100 720 4164 [laneum
746 4106 778 4164 et
802 4099 905 4183 coepti
931 4096 1047 4162 liduoia
1072 4096 1145 4163 belli

344 4202 481 4269 Palladis
502 4204 632 4270 ariailiis
655 4222 782 4289 semper
806 4202 905 4267 stetit.
930 4202 1053 4288 lippias
1076 4222 1115 4267 ox
1140 4223 1204 4288 quo

343 4307 484 4398 Tydides
508 4309 564 4376 sed
588 4312 674 4378 enim
700 4307 921 4392 scelerumque
945 4307 1095 4372 inventor
1119 4308 1232 4375 Ulixes

343 4412 439 4482 latale
462 4414 606 4503 adgressi
636 4423 762 4484 saerata
786 4411 922 4480 avellere
947 4409 1064 4498 templo
