3330 5012
289 342 354 405 510
652 358 690 404 ao
713 357 917 406 ornosrururs
939 358 1107 405 oanrrooaar

288 532 394 612 potest
427 531 593 612 suspectae
625 524 806 611 scripturae
837 526 869 589 in
896 526 914 608 §
941 528 1004 591 st:
1031 525 1139 604 λαβὼν
1164 525 1190 591 ὑ·
1214 526 1399 608 ὑπερήμερον
1422 526 1475 592 καὶ

287 630 397 711 ἔχων
419 628 535 702 uideris
566 628 697 711 ήψνίμην
721 631 845 694 πθιποτε
868 630 928 695 τῶν
950 628 1072 707 τούτου,
1096 629 1187 696 ἀλλὰ
1210 631 1322 711 λαχὼν
1349 628 1475 707 έξοὺληε

286 734 353 801 xri.
384 732 524 800 adnotat
545 733 781 799 Bottmonoos:
813 733 1013 820 »Utrumque
1038 734 1245 822 participium
1269 732 1475 803 referendam

289 848 358 906 »est
380 838 421 905 ad
446 859 554 905 vocem
580 839 780 921 ὑπερήμερονο
808 857 912 924 oeque
935 836 1089 905 differunt
1114 840 1176 905 nisi
1200 860 1237 906 eo
1261 837 1346 925 quod
1367 838 1476 917 aalide

289 953 509 1013 umomentunr
533 942 614 1010 illud
639 943 793 1030 temporis
816 942 952 1018 indicat,
976 963 1041 1029 quo
1066 944 1180 1010 llidias
1200 941 1326 1011 debitor
1338 963 1402 1011 non
1415 943 1475 1009 sol·

289 1069 388 1117 »vens
419 1047 507 1116 velut
536 1049 569 1115 in
601 1068 718 1114 manos
747 1047 990 1124 Demosthenis,
1021 1049 1091 1114 iore
1114 1047 1267 1135 quidem,
1292 1049 1386 1115 datm
1407 1059 1473 1125 ectr

291 1151 390 1234 »ἔχων
431 1161 541 1219 autem
587 1154 811 1220 continuatum
847 1151 934 1218 hooc
971 1153 1141 1238 utriusque
1178 1162 1322 1219 etatum:
1357 1155 1475 1240 qnippe

290 1276 437 1343 »semper
467 1255 585 1323 abillo
608 1267 752 1344 ternpore
775 1257 826 1322 ius
851 1255 987 1322 habebat
1011 1256 1081 1331 ille,
1106 1255 1197 1323 bonis
1221 1256 1320 1323 haias
1341 1277 1474 1324 manum

290 1362 480 1428 »iniicere.’'
527 1360 729 1446 ingeniosam
758 1381 829 1428 esse
860 1362 1157 1448 interpretationem
1190 1381 1252 1426 oon
1284 1380 1383 1447 nego,
1419 1362 1473 1429 sed
1555 1402 1564 1411 -

287 1475 397 1534 tamen
422 1485 484 1532 non
509 1486 580 1532 eam
605 1465 701 1534 habet
718 1465 949 1546 recreaverunt,
977 1473 1012 1531 nt
1031 1467 1140 1532 animo
1161 1485 1232 1531 meo
1250 1466 1386 1533 evellere
1403 1486 1475 1553 pos·

288 1572 332 1637 sit
354 1570 590 1657 suspicionem,
617 1574 648 1639 in
674 1571 779 1639 verbis
801 1573 855 1637 καὶ
879 1570 979 1651 ἔχον,
1003 1589 1086 1656 qnae
1110 1573 1222 1658 utique
1246 1590 1379 1657 prorsus
1402 1573 1474 1637 inu,

288 1675 358 1742 tilia
388 1696 459 1743 csse
490 1679 602 1761 negari
635 1698 696 1745 noo
730 1685 854 1764 potest,
886 1677 928 1741 ali
957 1684 1157 1754 monstrum,
1183 1676 1268 1762 quod
1293 1675 1410 1740 videsis
1433 1695 1473 1741 arr

289 1799 479 1867 procurasse
517 1780 574 1846 tibi
613 1781 724 1850 videar
759 1778 963 1866 corrigendo:
997 1780 1105 1859 λαβὼν
1138 1780 1165 1844 ὑ·
1201 1781 1385 1862 ὑπερήμερον
1420 1780 1473 1845 καὶ

288 1885 380 1965 iiio
409 1886 523 1960 οὑδενὺο
548 1885 680 1967 ήὺοίμην
702 1889 788 1964 xri„
814 1888 835 1952 i.
861 1905 890 1952 e.
916 1893 945 1951 ει
968 1885 1111 1972 quemme
1134 1885 1258 1962 liceret,
1287 1906 1349 1949 ιεοιε
1372 1894 1474 1950 tomen

289 1990 378 2056 ioris
410 1989 505 2055 laios
532 2011 660 2056 merrom
683 1992 786 2057 inieci.
822 1992 871 2057 dn
894 1988 976 2056 lorte
1001 1999 1094 2076 putas
1117 1987 1216 2056 simili
1241 1989 1401 2056 sententia
1423 2007 1474 2055 re·

288 2095 387 2162 lineri
420 2114 511 2180 posse
533 2094 680 2162 codicum
705 2094 874 2162 lectionem
899 2094 951 2160 καὶ
974 2092 1056 2177 έχων
1080 2094 1116 2182 (i.
1142 2114 1171 2160 e.
1197 2092 1376 2183 δννθμενοε)
1403 2091 1473 2160 scil.

288 2197 451 2278 ίίψοιεθαιθ
487 2199 555 2285 ligo
579 2219 714 2279 vercor,
740 2220 780 2266 nc
804 2203 891 2266 iusto
913 2198 1081 2265 obscurior
1104 2197 1187 2265 loret
1209 2199 1289 2266 haec
1311 2197 1474 2266 scribendi

288 2304 389 2381 ratio,
409 2323 484 2370 cum
506 2308 695 2391 praesertim
716 2306 768 2370 rix
787 2305 958 2392 quisquam
979 2302 1162 2370 auditorum
1187 2322 1250 2369 non
1271 2305 1381 2390 polius
1398 2323 1473 2370 cum

288 2409 485 2476 adamanus
508 2407 588 2489 ἔχων
611 2412 783 2476 iuncturus
805 2417 890 2476 esset
912 2428 988 2475 cum
1012 2406 1171 2476 adiectiro
1190 2409 1385 2492 ὑπερήμερον.
1411 2407 1473 2476 Sed

287 2513 418 2582 rideant
442 2534 493 2581 me
518 2514 701 2601 peritioresl

332 2620 420 2687 Duae
452 2617 600 2686 literulae
624 2639 641 2686 e
666 2618 742 2706 luga
774 2618 970 2686 revocandae
995 2621 1013 2703 ς
1043 2624 1122 2698 166,
1147 2619 1200 2685 ubi
1225 2619 1388 2686 concitato
1411 2620 1471 2686 lli·

285 2724 359 2791 diae
389 2726 531 2792 sermoni
564 2726 668 2811 magis
698 2744 878 2811 congruum
910 2723 1059 2791 videtur:
1095 2726 1252 2803 »ἀγνοεῖτ’
1285 2723 1382 2813 (ἔπ’)”
1411 2722 1473 2807 ἔφη

287 2827 329 2896 »ri
353 2831 471 2908 βουλή.
495 2831 532 2898 ri
556 2831 740 2912 πρᾶγμα;”
764 2831 829 2895 κτέ.

315 2934 476 3000 Similem
500 2953 644 3002 errorem
669 2935 894 3020 castigarerim
929 2937 947 3019 §
975 2938 1038 3001 118
1061 2933 1245 3001 scribendo:
1269 2935 1382 3015 μετρία
1410 2934 1473 3016 γὰρ

284 3039 352 3114 olm
376 3039 464 3120 παρθι
485 3044 545 3105 τῶν
566 3040 668 3121 Φίλονν
689 3040 771 3116 isla,
796 3038 835 3105 ἄν
856 3063 887 3104 τι
912 3037 1029 3127 (τινα)
1056 3038 1161 3105 δοκῶσι
1190 3037 1389 3114 πεπονηκέναι
1410 3039 1472 3105 ier·

284 3144 352 3220 οὑν,
382 3142 496 3221 μηκέτι
519 3151 574 3219 τήν
598 3152 710 3220 λοιποῖς
739 3144 852 3225 Φιλίας
883 3152 1049 3223 κοινωνεῖν,
1081 3144 1117 3209 τθ
1141 3144 1173 3209 δὲ
1195 3145 1391 3226 τιμωρεῖσθαι
1419 3144 1471 3215 καὶ

284 3246 438 3325 ἐπεξιέναι
462 3257 526 3322 τοῖς
549 3247 710 3314 πεπονθόσι
733 3248 786 3314 καὶ
810 3257 874 3322 τοῖο
898 3250 1017 3330 ἐχθροῖς
1040 3249 1294 3329 παραλείπεται,
1318 3257 1350 3314 el
1375 3252 1472 3337 §120

282 3360 369 3420 extr.
393 3350 543 3437 legendo:
566 3355 600 3419 οὑ
619 3354 683 3434 γὰρ
708 3353 772 3442 (θον)
798 3352 833 3432 ήν
855 3378 906 3434 μοι
929 3354 1024 3430 θήπον
1048 3355 1159 3434 βιωτὸν
1181 3356 1271 3420 τοῦτο
1294 3355 1473 3432 ποιήσαντι,

283 3466 324 3527 ut
347 3457 427 3525 solet
451 3477 489 3525 ea
512 3456 623 3524 rocula
648 3468 719 3545 post
742 3460 805 3543 ηθρ
830 3480 848 3525 a
873 3459 1013 3524 librariis
1036 3457 1223 3545 frequenter
1245 3457 1384 3545 neglegi.
1418 3457 1473 3525 Sic

285 3583 416 3651 quoque
439 3568 548 3649 5171,
578 3562 631 3629 ubi
657 3584 782 3630 mecum
807 3563 911 3650 legas:
936 3563 1033 3647 μικροὶ
1056 3564 1119 3646 γὰρ
1144 3561 1302 3652 (timim
1314 3560 1471 3643 μετιςήν,

281 3674 305 3754 §
334 3675 399 3736 114
432 3667 564 3736 verbnm
595 3677 691 3736 ποιεῖν
723 3679 793 3756 post
823 3669 953 3750 νομίζειν
981 3668 1162 3754 elegantius
1186 3656 1317 3754 quidem
1347 3667 1471 3734 omitte-

285 3780 388 3850 retur.
414 3792 473 3840 nec
497 3782 606 3841 tauron
631 3773 806 3860 deestque
830 3772 1037 3840 defendatur:
1063 3793 1163 3860 qnare
1187 3772 1333 3839 abstineo
1345 3792 1472 3840 manos.

281 3876 402 3945 Contra
432 3876 559 3945 delendi
593 3897 655 3944 noo
693 3898 783 3966 posse
818 3877 987 3955 videntur,
1023 3897 1105 3964 quae
1141 3879 1189 3944 sic
1224 3879 1346 3965 scripta
1382 3876 1473 3944 rideo

287 3986 305 4067 §
335 3987 414 4050 aad:
440 3980 500 4049 θτα
517 3985 575 4063 μέν
593 3984 690 4050 τοίνυν
711 3981 754 4059 είς
766 4008 802 4049 τε
821 3987 877 4059 τήν
896 3983 1091 4065 λειτουργίαν
1112 3984 1165 4049 καὶ
1186 3984 1222 4049 ‘ri
1238 3988 1316 4062 σῶμ’
1330 3982 1473 4064 ὑβρίσθην

284 4089 353 4156 καὶ
376 4087 470 4155 πέντ’
493 4088 764 4169 ἐπιβουλευόμενος
787 4087 896 4171 τρίπον
914 4089 967 4154 καὶ
991 4086 1126 4168 ποθοχονν
1149 4094 1250 4162 κακῶς
1263 4087 1471 4171 ἐκπέφευγα,

283 4192 442 4268 ὑκηνθατε
453 4195 539 4271 xri„
563 4193 616 4260 uli
631 4193 838 4261 manilestum
850 4201 899 4260 est
912 4201 982 4279 post
995 4191 1051 4259 καί
1062 4193 1198 4279 periisse
1211 4194 1380 4273 voculam,
1404 4194 1473 4258 sire

285 4315 355 4364 eam
386 4316 524 4383 qrrocrrrn
557 4299 743 4386 saepissime
768 4300 800 4363 in
824 4297 917 4364 libris
940 4296 1235 4375 commoditates,
1267 4307 1303 4364 ut
1326 4297 1472 4366 scriben-

282 4401 363 4482 dum
388 4402 446 4469 sit:
471 4406 538 4471 ucri
563 4407 607 4478 ric
630 4403 725 4470 πέντ’
749 4402 1020 4485 έπεβουλεθυμενος
1049 4404 1135 4477 cri..
1168 4405 1235 4470 slve
1258 4401 1334 4480 θπα,
1367 4412 1402 4469 ut
1430 4403 1472 4468 le·
