3242 5014
675 379 847 430 nomon.
1286 362 1351 431 201

369 557 402 620 ai
425 554 488 633 γὰρ
512 554 623 634 σφῷν
646 575 684 629 γε
709 550 797 629 γένος
820 550 966 617 ἀπόλωλε
990 553 1116 627 τοκήων.

166 668 350 730 annotatur:
381 661 475 742 χωρὶς
498 664 551 725 τοῦ
574 669 587 723 1
617 662 635 734 η
666 663 790 740 σφῶν,
820 659 859 730 ὡς
884 657 1069 740 Ἀρθςοοοχος
1092 695 1133 706 -
1158 657 1299 732 ἐπίτηδες
1324 658 1355 724 δὲ

167 769 353 850 ’Δοθςοοοχος
377 763 584 843 ἀθετουμένων
606 769 665 828 τῶν
688 762 787 842 ςθχοιν
811 763 864 826 aa}
888 760 962 827 θινευ
985 766 1038 827 τοῦ
1058 772 1072 827 1
1092 761 1178 830 εθοιοε
1201 766 1256 839 την
1280 787 1356 844 γοα·

165 876 229 958 otu
260 872 310 939 ἵνοο
341 871 394 938 aei
417 872 507 937 τοῦτο
531 872 603 951 πρὸς
627 871 682 945 την
705 868 848 941 ἀθέτησιν
871 865 1036 950 λομβοθνη.
1083 870 1256 935 Aristonici
1279 868 1357 936 haec

166 984 250 1046 sunt.
304 978 465 1066 Didymus
505 977 610 1043 addit:
654 977 867 1054 ποοηθετοῦντο
902 974 955 1040 καὶ
991 973 1079 1055 rapi
1114 974 1268 1056 Ζηνοθθτῳ
1304 975 1355 1041 cai

167 1077 374 1166 ’acroam
410 1081 447 1147 ri
480 1106 515 1147 τε
551 1081 614 1161 ηθιο
650 1087 787 1146 ΕΦΩΙΝ
819 1082 880 1160 οὐχ
910 1082 1083 1161 Ὁμηρικῶς
1113 1080 1355 1160 μονοονλλοθβιος

168 1188 315 1271 ἐξηνέχθη
338 1185 357 1254 i
376 1213 411 1255 rr
436 1187 558 1259 iratior
583 1195 642 1253 τῶν
665 1187 735 1252 νέοιν
759 1187 813 1251 οὐκ
833 1187 1021 1264 οἶνοινκοιῖοο.
1070 1183 1106 1250 In
1128 1186 1180 1252 his
1201 1186 1286 1273 quod
1307 1185 1358 1252 fir·

167 1298 351 1362 missimum
374 1300 603 1383 argumentum
626 1315 692 1360 esse
715 1293 844 1359 videtur
866 1291 1047 1358 invalidum
1070 1296 1135 1359 est:
1167 1293 1304 1373 οἰοφῶϊ
1325 1298 1359 1360 et

168 1404 219 1467 νῶθ’
246 1401 389 1468 Homero
420 1406 454 1467 et
481 1398 551 1481 οφῴ
575 1405 608 1467 et
630 1396 668 1480 νῴ
691 1402 864 1486 potuerunt
886 1418 1013 1476 sonare,
1044 1401 1116 1485 quis
1145 1419 1240 1465 sanus
1262 1404 1359 1488 neget

169 1507 280 1573 ecdem
311 1510 380 1572 iure
408 1507 507 1588 σφῶϊν
530 1508 565 1570 in
587 1507 675 1586 σφῷν
698 1504 841 1570 contrahi
862 1502 1025 1589 potuisse?
1056 1507 1090 1570 in
1112 1505 1202 1572 tanta
1221 1525 1359 1592 praeser-

168 1614 231 1677 tim
254 1612 486 1680 eiusdemmodi
509 1612 593 1698 apud
616 1610 797 1677 Homerum
812 1608 1009 1690 οννοιιοέοεων
1026 1610 1213 1696 frequentia
1245 1608 1358 1677 Sintne

74 1758 82 1767 -
102 1795 103 1798 Ἴ
169 1723 279 1784 autem
301 1723 366 1785 tres
388 1738 515 1796 versus,
540 1737 618 1804 quos
637 1717 784 1782 unanimi
802 1735 954 1781 consensu
973 1720 1037 1783 tres
1055 1712 1168 1782 Oritici
1187 1716 1356 1795 θβθλιοοιν,

169 1824 401 1890 accommodati
430 1823 470 1890 ad
496 1821 559 1888 loci
582 1828 730 1888 naturam
754 1827 786 1887 et
809 1826 1036 1909 argumentum
1060 1842 1101 1888 an
1122 1842 1185 1888 non
1209 1825 1273 1888 sint
1296 1822 1360 1890 alia

170 1931 312 2014 quaestio
346 1934 395 1995 est
427 1931 474 1995 ita
508 1929 676 1994 coniuncta
705 1948 780 1993 cum
810 1929 962 2013 cuiusque
991 1930 1148 1994 sententia
1175 1928 1213 1994 de
1243 1928 1359 2001 horum

170 2037 351 2101 carminum
381 2036 504 2123 origine
535 2038 568 2100 et
598 2035 832 2100 conservatione
862 2038 894 2099 et
922 2034 1167 2119 compositione,
1198 2039 1237 2100 ut
1259 2036 1360 2101 satine

170 2142 213 2205 sit
235 2139 317 2206 hanc
341 2141 587 2207 controversiam
610 2160 649 2206 ex
671 2159 729 2205 suo
753 2140 867 2225 cuique
888 2138 1008 2205 iudicio
1029 2139 1244 2207 dirimendam
1266 2139 1359 2207 relin-

171 2265 283 2332 quere,
318 2249 427 2333 itaque
456 2248 496 2319 ιθς
527 2242 637 2318 iecere
673 2243 780 2311 ἕοιντθν
813 2245 909 2311 irritet
939 2242 1033 2318 οὕτως
1065 2246 1183 2326 ἐχέτω·
1215 2245 1266 2312 οθν
1296 2248 1359 2328 γὰρ

169 2353 377 2447 οἶντιλθγονοοι
405 2354 458 2419 κο)
482 2359 696 2435 φιλονικοῦντα
720 2349 950 2430 irritatricis
974 2359 1037 2424 τοῖς
1060 2352 1203 2426 τοιοθοοιο
1227 2355 1357 2435 μηχανή

171 2459 233 2529 isra
254 2459 394 2539 attenta.

728 2763 790 2837 IV.

654 2993 869 3051 orreorum.

212 3196 348 3264 Homeri
380 3196 488 3264 Editio
511 3218 530 3264 a
551 3196 696 3264 Bekkero
731 3203 841 3264 curata
874 3197 1002 3265 Bonnae
1039 3198 1127 3266 1858
1164 3221 1360 3288 quamquam

167 3301 359 3391 languidum
383 3324 419 3371 ac
438 3302 537 3369 senile
557 3323 653 3389 opus,
677 3303 737 3369 hoc
756 3308 864 3369 tamen
882 3303 980 3371 habet
999 3312 1124 3392 praeter
1142 3314 1266 3375 caetera
1285 3309 1361 3381 boni

167 3413 205 3473 ut
228 3411 394 3495 antiquam
424 3408 556 3498 linguae
585 3409 775 3477 Homericae
805 3409 935 3476 literam
961 3420 989 3479 F
1014 3421 1361 3500 „propinaveram

168 3519 196 3577 et
225 3515 408 3596 negligentia
429 3516 568 3598 perierat
598 3515 773 3580 admirabili
802 3515 939 3581 Bentleii
969 3519 1132 3599 οοοοοὶθοθο
1153 3520 1190 3583 ab
1214 3520 1361 3585 obticioce

167 3617 366 3683 οιίιθθοοθοοιο”
388 3641 428 3686 ex
449 3619 546 3709 longo
569 3621 666 3687 exilio
688 3621 818 3687 tandem
840 3622 875 3685 in
898 3620 1072 3688 Homerica
1094 3624 1236 3689 carmina
1258 3625 1360 3692 idest

167 3723 201 3787 in
232 3727 397 3811 antiquam
426 3730 565 3817 patriam
594 3727 756 3792 reduxerit
786 3747 860 3792 cum
890 3726 1070 3793 incredibili
1096 3733 1129 3793 et
1151 3732 1306 3796 sermonis
1327 3743 1360 3796 et

166 3832 263 3895 metri
285 3829 451 3898 Homerici
477 3831 703 3898 emolumento.
751 3827 853 3897 Oaute
877 3832 1051 3898 admodum
1074 3838 1107 3898 et
1130 3835 1359 3923 circumspecte

165 3933 331 4002 Bekkerus
363 3939 398 4002 in
428 3958 465 4003 ea
487 3942 687 4004 reversatus
718 3942 783 4014 est,
819 3938 874 4003 sed
904 3940 1004 4005 satius
1035 3944 1084 4004 est
1105 3942 1214 4026 ipsum
1237 3942 1356 4009 andire.

167 4042 320 4120 „Redeat
350 4042 516 4125 dipomma,
548 4044 671 4129 inquit,
703 4044 756 4107 red
776 4050 918 4129 quactum
933 4050 1070 4127 poteram
1091 4052 1121 4110 et
1142 4047 1251 4113 aceoai
1273 4057 1358 4115 caute

158 4148 396 4235 pedetentimque
426 4149 550 4226 reduci,
582 4150 637 4213 red
664 4149 698 4212 ia
720 4150 816 4213 sedem
839 4150 947 4213 redcat
968 4172 1068 4229 ονοοοι,
1094 4153 1248 4236 proditam
1270 4157 1357 4222 aaa

163 4254 337 4341 misertis
359 4254 510 4337 οοοθίοθθο,
535 4276 595 4320 coo
618 4260 747 4339 optatam
769 4255 909 4340 apideve
931 4256 1106 4341 ineptae.
1153 4259 1301 4327 Arduum
1324 4269 1357 4331 et

165 4379 278 4446 anceps
303 4362 471 4449 negotium
493 4366 542 4427 est
566 4365 599 4428 et
620 4360 815 4447 periculosae
834 4360 966 4448 plenum
990 4383 1069 4448 opus
1092 4363 1188 4431 aleae.
1236 4367 1299 4449 Qui
1320 4370 1355 4436 in

164 4463 305 4531 Homero
338 4466 457 4533 edendo
487 4465 611 4534 nullam
639 4471 693 4533 τοῦ
716 4467 869 4547 θθγοιμμοι
892 4470 1048 4535 rationem
1072 4470 1189 4538 habent
1211 4473 1355 4542 levitatis
