3296 5022
622 381 824 427 conrxcrnnrx
852 381 969 427 carran.
1324 364 1384 427 tat

206 543 269 611 iata
304 555 454 624 enarrat,
482 551 624 634 exposita
655 548 854 635 Neoptolemi
886 568 981 623 nece,
1015 566 1060 612 rs.
1094 551 1159 614 555
1190 546 1237 611 sic
1261 548 1385 632 pergit:

382 652 483 717 hlorte
506 652 705 741 Neoptolemi
728 672 901 739 regnorum
926 671 1054 717 aanorrn
1076 650 1174 716 cessit

384 775 458 842 pars
482 757 619 838 Heleno,
644 760 699 845 qui
724 756 885 825 Chaonios
907 757 1097 842 cognomine
1120 775 1251 842 campos

383 858 623 950 Chaoniamque
643 882 770 929 oannem
796 863 933 929 Troiano
957 882 974 928 a
998 861 1123 927 Chaone
1144 860 1224 927 tlixit

248 965 311 1030 Res
331 974 379 1029 est
402 966 568 1034 notissima
585 968 698 1034 Latine
718 967 850 1034 rerhcm
872 967 1055 1033 reciderent
1075 967 1194 1032 Graece
1213 966 1388 1033 ἀποδιδόναι

204 1078 386 1155 comperet
410 1069 530 1156 ubique
553 1071 616 1139 dici
640 1071 680 1139 rie
702 1092 757 1148 eo,
781 1072 864 1160 qaod
890 1071 1042 1150 debetur,
1067 1091 1170 1157 neque
1193 1071 1293 1156 igitur
1312 1070 1390 1137 haic

204 1175 272 1240 loco
302 1175 383 1243 satis
406 1184 517 1262 aptam
542 1185 601 1243 est.
640 1177 745 1245 hierar
768 1180 854 1245 enim
880 1179 1029 1263 argutiae
1053 1185 1130 1245 sont
1152 1177 1237 1263 quod
1261 1184 1390 1243 conten·

204 1277 252 1345 dit
284 1278 479 1367 Forhigerus
512 1281 706 1359 -llelecum,
741 1284 847 1370 ipsum
882 1284 967 1369 regis
999 1281 1121 1360 lilium,
1154 1281 1226 1347 iare
1251 1280 1389 1368 quodam

204 1404 263 1451 sno
291 1394 479 1472 expectare,
514 1396 550 1454 ut
580 1386 662 1464 sihi,
693 1389 748 1474 qni
776 1398 840 1454 tarn
863 1388 918 1453 dio
941 1389 975 1453 r'rr
997 1389 1144 1454 emitote
1165 1387 1277 1474 ferisset
1300 1387 1389 1473 (sict)

203 1488 372 1556 dominae
396 1490 502 1557 aredio
525 1490 664 1568 sublato,
688 1512 763 1579 pars
787 1501 874 1560 certe
894 1493 966 1559 eins
978 1493 1069 1578 regni
1082 1491 1296 1577 obtingeret.”
1319 1492 1390 1578 lpsa

203 1593 289 1662 enim
311 1593 365 1661 illa
384 1594 526 1663 oootlitio
546 1595 690 1677 servilis,
715 1598 849 1683 opinor,
871 1596 1025 1664 Helenum
1047 1598 1220 1682 rpaominus
1232 1593 1390 1662 eiusmodi

204 1697 281 1783 qnid
304 1708 504 1787 exspectaret
528 1699 697 1787 prohibere
721 1699 864 1768 debebat.
902 1699 1073 1786 Vulgatam
1097 1698 1290 1779 lectionem,
1316 1700 1392 1767 licet

205 1802 315 1871 Servio
339 1804 403 1870 iam
428 1805 610 1891 cognitam,
638 1804 716 1873 lerri
741 1825 804 1871 non
828 1825 921 1892 posse
945 1806 1000 1892 qni
1026 1803 1184 1871 intellexit
1208 1804 1403 1887 Peerlham·¹

203 1909 276 1996 pios
307 1908 415 1976 minus
446 1909 653 1997 probabiliter
680 1931 731 1978 me
755 1909 862 1978 indice
886 1910 1038 1979 coniecit:
1062 1929 1168 1977 ranan
1193 1912 1284 1978 cessit
1301 1932 1390 1997 pars.

204 2014 271 2100 Ego
299 2016 462 2102 suspicor:

383 2119 484 2187 hlorte
514 2120 710 2209 Neoptolemi
742 2142 913 2210 regnorum
937 2140 1064 2189 aaroni
1087 2123 1184 2188 cessit

384 2244 458 2312 pars
483 2226 601 2292 Heleno
624 2236 700 2293 cett.

248 2330 345 2397 Libro
386 2330 480 2406 tho,
525 2342 732 2418 posteaquam
768 2333 948 2400 hlereurins
983 2335 1108 2399 Aeneae
1144 2330 1276 2418 pertulit
1310 2331 1392 2397 loris

206 2435 373 2513 rnanclata,
399 2445 433 2500 ut
459 2436 570 2503 relicta
596 2436 719 2505 Didone
744 2446 830 2525 petat
855 2438 998 2515 ltaliam,
1024 2437 1120 2524 idque
1144 2439 1268 2524 agitare
1293 2437 1390 2503 hece·

204 2556 256 2604 aar
283 2542 419 2606 miserae
445 2543 590 2628 pervenit
614 2545 746 2628 reginae
769 2543 809 2608 ad
833 2564 943 2610 aures:

339 2644 447 2712 Saevit
471 2647 564 2734 inops
586 2648 687 2713 anirni
724 2657 888 2735 totamque
914 2649 1043 2713 incensa
1070 2665 1125 2731 per
1150 2646 1262 2711 orbem

340 2750 539 2832 bacchatur,
564 2752 651 2838 quali
677 2752 850 2819 commotis
873 2753 977 2819 excita
1003 2751 1104 2817 sacris

339 2856 478 2946 Thyias,
503 2855 557 2922 ubi
582 2855 692 2923 audito
716 2856 886 2923 stimulant
912 2858 1074 2923 trieterica
1102 2854 1224 2921 Baccho

337 2962 427 3048 orgia
452 2970 694 3049 nocturnusque
718 2982 813 3028 vocar
838 2960 978 3029 clamore
1002 2960 1186 3029 Cithaeron.

251 3067 391 3133 Tametsi
416 3066 554 3135 concedo
577 3066 730 3153 explicari
754 3068 961 3155 aliquatenus
983 3087 1076 3154 posse
1101 3066 1131 3132 h.
1156 3065 1177 3132 Ι.
1201 3075 1304 3142 cacat,
1327 3067 1389 3133 ie.

207 3172 323 3238 inritat
356 3171 554 3260 reliquarum
586 3172 784 3240 Baccharum
825 3173 981 3250 elamore,
1030 3181 1136 3238 tamen
1170 3170 1255 3239 haud
1287 3170 1393 3259 paullo

212 3276 392 3363 elegantias
422 3287 548 3365 poetam
573 3279 772 3365 scripturum
797 3277 897 3345 inisse
922 3276 1080 3344 contendo
1102 3284 1177 3344 aot:

435 3391 678 3471 nocturnusque
702 3404 795 3451 sonnr
818 3383 958 3450 clamore
980 3380 1170 3457 Cithaeron,

210 3497 246 3554 ut
270 3488 402 3576 scripsit
426 3488 559 3556 Ovidius
582 3490 711 3558 hletanr.
736 3489 799 3566 ΙΙΙ,
824 3494 905 3555 702:

485 3595 538 3660 ahi
562 3595 677 3662 electas
699 3593 740 3660 acl
764 3616 852 3662 sacra
876 3594 1020 3681 facienda
1047 3593 1211 3660 Cithaeron
1238 3631 1242 3639 ι

386 3700 527 3765 cantihnr
550 3709 580 3765 et
601 3699 687 3766 clara
711 3699 926 3767 Bacchantum
949 3722 1021 3766 aare
1044 3718 1183 3764 sonnanr.

206 3802 253 3870 (ΙΙ.
278 3803 349 3872 Lir.
375 3803 500 3884 xxix,
529 3808 567 3870 17
595 3804 932 3890 §16;carriasvt,
958 3809 1001 3872 55
1028 3809 1126 3890 sat,
1150 3812 1226 3869 aut:

429 3918 657 3995 nocturnaeque
678 3928 773 3975 sorar
797 3909 933 3976 clamore
959 3909 1137 3985 Cithaeron,

205 4021 240 4078 ut
264 4012 346 4079 dixit
370 4013 495 4080 Ennius
518 4033 571 4101 ap,
588 4014 763 4080 Varronem
788 4012 808 4080 1.
822 4013 843 4081 Ι.
869 4014 940 4090 Vll,
973 4018 1044 4080 104:
1071 4014 1207 4079 clamore
1224 4033 1391 4091 aorxnrrs,

204 4117 337 4185 Plautus
370 4116 528 4205 Amphitr.
562 4122 597 4196 I,
632 4123 667 4195 l,
694 4122 752 4185 77:
777 4139 851 4185 soar
875 4120 996 4185 caelum
1018 4118 1150 4206 fremitu
1172 4119 1295 4196 vinem,
1320 4118 1391 4187 Ori·

203 4222 276 4290 dius
298 4231 361 4290 art.
387 4243 451 4289 am.
476 4223 541 4298 ΙΙΙ,
568 4227 632 4289 149
657 4221 783 4289 »Redde
806 4223 933 4289 menm''
958 4234 1018 4290 tata
1040 4246 1114 4292 caca
1135 4244 1247 4291 sorar:
1271 4227 1354 4313 [ora.

246 4329 350 4396 Locus
374 4348 391 4397 e
414 4328 527 4416 Georg.
552 4328 617 4405 Ill,
642 4333 684 4395 45
709 4328 916 4415 comparandi
937 4350 1035 4398 cansa
1054 4330 1239 4419 adscriptas
1260 4330 1293 4397 in
1308 4350 1390 4397 mar-

202 4435 277 4521 gine
301 4433 376 4502 huic
400 4441 509 4502 nostro
532 4434 689 4503 exitiosus
711 4454 782 4503 esse
805 4435 919 4522 potuit.
