3330 5012
284 331 348 393 304
690 345 848 394 necatoms
872 345 1067 394 vicentinis.

282 513 454 601 gloriosam
482 512 615 579 vocarit.
662 513 773 581 Potius
795 512 1008 592 crediderim,
1032 512 1246 581 insatiabilem
1270 513 1391 602 gloriae
1412 532 1467 579 cu·

268 617 449 708 'piditetem
471 616 696 684 Themistoclis
715 617 961 687 aduuirntIonem
980 620 1051 686 eius
1069 618 1224 696 monisse,
1244 619 1362 706 quippe
1373 619 1468 685 cuius

282 725 385 812 ipsius
408 722 553 811 exempla
581 743 680 811 supra
711 723 884 791 attulisset.
931 723 1145 807 Quamobrem
1173 732 1208 791 ut
1233 723 1364 810 posthac
1387 726 1468 790 scri-

282 830 379 898 betur
402 849 557 917 propono:
581 829 758 916 cupidinem
776 829 914 917 planiae,
931 849 1031 918 paene
1048 828 1151 895 adieci
1161 828 1390 915 inpluuiaeaml
1410 828 1468 893 llis

282 936 390 1003 serbis
421 935 589 1023 aptissime
619 933 814 1021 respondent
844 953 927 1021 qnae
961 934 1116 1000 continuo
1150 942 1350 1020 sequuntur:
1385 931 1468 1000 Nam

281 1039 458 1108 Alexandri
478 1050 585 1126 pectus
606 1040 785 1106 insatiabile
808 1038 912 1105 laudis
934 1040 1011 1106 cell.

328 1151 369 1223 8,
397 1152 457 1224 te,
482 1149 512 1214 6.
546 1142 597 1232 [Q.
630 1142 794 1232 Scaevola]
828 1144 938 1211 Asiam
967 1153 1033 1211 tam
1060 1153 1164 1211 sancte
1193 1154 1222 1210 et
1249 1153 1314 1209 tam
1343 1143 1469 1231 sortiter

281 1250 429 1328 obtinuit,
452 1260 487 1316 ut
510 1260 635 1317 amatus
656 1250 800 1338 deinceps
820 1251 855 1316 in
878 1271 949 1316 eam
967 1250 1160 1338 prouinciam
1185 1249 1278 1316 ilaris
1299 1251 1467 1338 magistra·

281 1356 364 1422 tibus
386 1355 565 1442 memplam
588 1364 682 1442 atque
702 1358 840 1443 {armam
862 1354 957 1443 oflicii
979 1354 1160 1422 Scaeralm
1182 1353 1305 1422 decreta
1321 1374 1377 1421 sua
1393 1374 1467 1442 pra·

161 1494 164 1497 ·
278 1470 417 1547 poneret.
441 1498 486 1511 —

327 1566 437 1634 llalim
462 1566 643 1654 exemplum
664 1575 758 1654 atque
777 1586 930 1633 namnam.

326 1676 366 1750 9,
393 1679 432 1750 1,
457 1677 490 1741 5.
516 1670 676 1738 Matronae
695 1671 866 1738 Brutorum
887 1670 1014 1737 domem
1031 1691 1126 1737 ausae
1144 1679 1216 1736 stant
1232 1669 1392 1749 obsidere,
1412 1672 1467 1758 pai

280 1777 475 1864 abrepatiani
499 1775 578 1864 lepis
604 1775 722 1865 Oppiae
744 1777 933 1843 intercedere
952 1777 1179 1861 permissam,
1209 1796 1306 1861 quam
1330 1776 1469 1863 seminas

281 1880 352 1948 tolli
374 1882 553 1969 cupiebant,
578 1882 651 1968 quia
673 1882 714 1950 iis
735 1901 792 1948 nee
815 1892 898 1948 ueste
919 1881 1001 1946 uarii
1023 1880 1136 1947 caloris
1157 1881 1205 1946 uti
1225 1901 1282 1948 nee
1303 1881 1375 1946 auri
1393 1880 1468 1968 plus

281 1987 441 2052 mmunaia
472 1986 585 2053 babere
614 2008 670 2054 nco
691 1989 795 2054 iuncta
814 1987 955 2054 uebicalo
972 1988 1102 2074 propias
1121 1985 1231 2052 urbem
1250 1987 1340 2053 mille
1355 2007 1467 2072 passas

281 2089 344 2156 nisi
373 2089 528 2177 sacrificii
555 2092 659 2177 pratia
689 2090 761 2157 celei
780 2092 990 2178 permittebat.
1016 2102 1046 2157 et
1067 2090 1193 2178 quidem
1213 2090 1411 2157 obtinuerunt
1431 2101 1467 2156 at

280 2196 332 2260 ius
350 2216 409 2281 per
431 2195 590 2261 continuas
619 2196 732 2284 uipinti
761 2217 860 2263 annas
890 2206 1049 2263 seruabam
1074 2195 1261 2263 aboleretur.
1293 2219 1354 2262 non
1384 2196 1467 2263 enim

278 2298 481 2386 prociderunt
508 2300 627 2366 saertrli
655 2300 745 2367 illiue
775 2300 837 2367 uiri
860 2300 901 2366 ad
924 2321 1016 2387 quem
1044 2300 1163 2367 maltum
1190 2300 1327 2368 tenderet
1347 2301 1467 2367 insoliti

280 2412 384 2470 coetus
402 2406 552 2490 pertines
574 2404 720 2472 studium.

326 2509 413 2576 Vitia
435 2509 580 2578 laborare
605 2519 748 2578 extrema
772 2510 869 2578 verbu
895 2511 1087 2597 interpretes
1110 2502 1176 2578 iere
1199 2531 1311 2578 ouunes
1333 2531 1467 2579 consen·

280 2615 385 2692 tiunt,
416 2613 613 2683 dissentiunt
638 2634 712 2682 uera
736 2614 941 2692 donatione,
969 2636 1033 2702 «pue
1058 2618 1173 2684 vitium
1198 2615 1277 2683 illud
1301 2616 1369 2684 tolli
1392 2637 1467 2704 pas·

278 2720 332 2788 sit.
388 2718 550 2788 Halmium
582 2741 641 2808 pro
672 2731 774 2788 caetus
803 2731 943 2809 comptus
974 2721 1126 2788 urnluissc
1154 2722 1259 2790 video.
1306 2722 1465 2809 Equidem

278 2827 386 2893 nescio
408 2846 449 2893 an
474 2825 669 2914 probabilior
693 2825 853 2892 medicina
876 2824 985 2892 afferri
1011 2828 1110 2913 possit
1128 2825 1298 2895 scribenda
1314 2827 1355 2894 ad
1373 2848 1465 2915 quem

277 2940 414 2996 sumtum
438 2931 575 2998 tenderet
598 2931 717 2998 insoliti
737 2930 841 2998 essitas
861 2930 1008 3018 pertinax
1031 2930 1181 2999 studium.

323 3039 360 3113 9,
385 3039 423 3113 1,
448 3035 483 3102 Ε.
514 3043 563 3101 tl.
588 3036 675 3104 Siceu
697 3035 749 3102 illi
774 3036 918 3113 barbari,
951 3056 1027 3122 ques
1050 3040 1157 3122 serunt
1180 3046 1385 3104 mactatarum
1405 3058 1463 3123 pe·

276 3139 389 3208 cadam
413 3141 568 3207 intestinis
590 3152 620 3209 et
642 3142 812 3209 uisceribus
834 3141 947 3228 epestis
970 3140 1110 3207 bamines
1131 3142 1268 3209 inserere
1289 3142 1335 3208 ita
1356 3153 1391 3208 ut
1413 3162 1463 3209 ca·

273 3246 392 3334 pitibus
415 3247 629 3313 tantammodo
652 3249 818 3314 emineant.

322 3350 436 3438 allique
460 3336 602 3439 suspicio
633 3371 684 3420 me
707 3358 797 3419 tenet
820 3359 890 3438 past
911 3351 1067 3437 pecudum
1093 3351 1271 3440 corporibus
1294 3352 1461 3419 excidisse.

275 3455 344 3524 Nou
376 3457 464 3523 enim
489 3456 652 3524 intestinis
673 3464 707 3524 et
734 3454 912 3523 visceribus
945 3456 1055 3522 miseri
1086 3456 1132 3523 illi
1164 3458 1265 3523 inseri
1296 3456 1461 3536 calebunt,

275 3560 331 3632 sed
362 3562 442 3648 ipsis
473 3561 634 3649 pecudum
665 3561 870 3648 corporibus,
900 3561 1060 3647 equibus
1091 3561 1244 3628 intestina
1275 3571 1308 3629 et
1338 3564 1461 3630 viscere

276 3668 367 3756 prius
397 3676 506 3754 egesta
539 3676 642 3735 erent.
689 3667 795 3734 'lestis
817 3675 868 3733 est
896 3665 997 3732 lulius
1022 3665 1223 3753 Capitolinus
1247 3668 1279 3733 in
1304 3667 1371 3734 rite
1395 3668 1464 3734 lia·

274 3773 377 3848 enni,
405 3777 463 3850 te,
487 3780 525 3838 5:
548 3772 627 3840 diros
650 3773 739 3839 boues
762 3772 861 3838 mirae
881 3772 1107 3857 mapnitudinis
1121 3773 1207 3838 uiuos
1225 3773 1326 3839 nubem
1345 3774 1463 3859 aperiri
1519 3845 1526 3856 ‚

274 3878 367 3943 iussit
395 3888 488 3965 atque
517 3876 568 3943 bis
590 3877 733 3965 sinpulas
755 3877 871 3943 milites
894 3878 992 3943 inseri
1011 3877 1177 3964 capitibus,
1207 3889 1242 3942 at
1264 3898 1370 3944 secum
1391 3898 1462 3944 can·

275 3981 362 4071 loqui
381 3992 522 4070 possent,
546 3985 673 4050 exertis.
1211 4032 1216 4037 -

321 4091 359 4165 9,
385 4092 445 4164 tt,
470 4088 505 4154 u.
530 4091 563 4156 6.
589 4088 809 4156 Pbilemanem
832 4098 936 4155 autem
960 4090 1008 4155 aie
1030 4088 1115 4154 risus
1136 4089 1335 4155 immoderati
1356 4090 1462 4156 abstir-

275 4192 322 4257 lit.
342 4202 472 4278 paratas
495 4194 524 4259 ei
545 4194 651 4282 (iaus.
668 4246 699 4262 ..
723 4195 822 4262 asella
845 4204 1042 4262 consumente
1061 4214 1196 4280 peterem
1218 4205 1253 4260 ut
1275 4194 1370 4261 illum
1393 4193 1462 4260 abi·

274 4304 360 4386 peret
390 4296 581 4365 inclamauit.
614 4302 669 4387 qui
699 4321 771 4368 cuna
800 4300 864 4366 iam
887 4301 1029 4367 comestis
1051 4301 1192 4367 omnibus
1214 4300 1460 4388 supervenisset,

274 4402 440 4489 'quoniam'
463 4404 564 4493 inquit
591 4408 666 4471 ‘tans
693 4405 802 4473 tardus
824 4405 933 4493 sitisti,
965 4406 1006 4473 da
1030 4427 1112 4472 nunc
1134 4426 1256 4473 mereim
1278 4404 1402 4484 asclla’,
1425 4425 1463 4469 ac
