3296 5022
261 360 328 423 tto
678 378 879 427 coniminum
911 378 1031 428 ιιτιιιι.

256 543 458 611 Dardanidae
480 556 593 614 eontra
619 552 719 616 turris
742 570 780 617 ac
804 554 888 615 tacta
912 545 1080 614 domorum

255 647 404 716 Culmlna
428 651 628 729 convellunt:
654 654 704 721 bis
728 674 783 733 sc,
806 650 934 741 quando
958 651 1072 718 ultima
1098 656 1259 730 cernunt,

255 762 401 821 extrema
424 756 490 822 iam
515 757 548 822 in
576 767 678 826 morte
703 766 818 847 parant
841 755 1012 823 defendere
1035 755 1118 822 telis.

299 858 362 925 ulit
395 860 491 926 limen
524 863 688 941 obsident,
720 865 774 931 alii
800 863 897 929 scalis
920 861 1079 928 scandunt
1104 861 1303 937 intectum,
1325 859 1445 946 clipeos

254 963 442 1032 obiicientes
466 966 505 1032 ad
532 968 614 1047 tela,
639 989 722 1055 quae
745 967 949 1035 defensorum
976 987 1051 1054 pers
1074 967 1106 1031 io
1132 973 1217 1031 tecto
1236 963 1387 1031 collocata
1409 966 1443 1032 io

253 1068 478 1154 aggredientes
510 1074 652 1141 Graecos
684 1075 816 1161 ingerit.
860 1071 953 1139 Nulla
984 1073 1069 1138 inest
1091 1069 1160 1136 loco
1183 1067 1357 1135 difficultas
1380 1069 1443 1135 nisi

254 1174 286 1239 in
313 1176 410 1241 uerbo
429 1188 535 1260 postes
559 1179 617 1244 rub
639 1180 734 1266 ι’ριοι.
769 1179 861 1246 (ladit
884 1179 971 1244 enim
993 1178 1026 1242 in
1047 1175 1157 1242 oculos
1176 1194 1238 1240 non
1258 1173 1351 1241 lacile
1368 1172 1443 1240 alie·

223 1362 228 1367 ¹
253 1278 343 1344 niore
364 1276 433 1345 loeo
453 1289 574 1348 tectum
599 1284 710 1350 scandi
737 1285 881 1372 potuise,
912 1302 1008 1369 quam
1030 1289 1133 1368 postes
1155 1279 1212 1344 sub
1234 1280 1337 1365 ipsos,
1363 1280 1385 1345 i.
1409 1298 1440 1346 o.

252 1382 280 1448 si
312 1380 390 1449 tides
422 1385 671 1473 interpretibus,
707 1391 833 1456 Graecis
860 1389 899 1454 ob
929 1389 994 1453 imo
1023 1396 1114 1474 perte
1133 1387 1245 1451 ioouoe
1267 1385 1344 1450 eniti
1364 1384 1466 1471 inci-v

247 1487 424 1575 pientibm3
455 1491 715 1580 quandoquidem
747 1495 858 1561 eodem
883 1491 1165 1578 temporottmeo,
1190 1490 1212 1554 i.
1231 1507 1260 1556 e.
1284 1487 1367 1555 iores
1389 1508 1441 1555 ac·

250 1592 362 1672 dium,
387 1594 602 1664 obsidebatur.
636 1599 701 1665 Gur
724 1619 842 1686 quaeso
866 1600 947 1664 istae
970 1595 1101 1672 turbae,
1126 1613 1206 1681 quas
1225 1594 1347 1660 evitare
1369 1603 1435 1661 tam

249 1697 343 1765 iacile
365 1710 536 1786 potuerant
555 1704 815 1790 oppugnatores?
840 1701 972 1770 Accedit
992 1698 1145 1766 vocabula
1162 1709 1266 1785 postes
1285 1698 1342 1764 rub
1353 1700 1437 1785 ipsos

249 1827 290 1874 ne
313 1807 498 1895 significare
519 1808 648 1894 quidem
673 1808 757 1896 quod
781 1807 966 1895 signilicaro
987 1805 1155 1873 videnturl
1180 1804 1358 1895 lleplura=
1385 1824 1436 1871 re·

250 1931 324 1978 rum
359 1912 507 1979 uidetur:

374 2019 512 2083 Haerent
540 2018 716 2105 perietibus
746 2018 851 2085 scalae
883 2036 1057 2103 noerosque
1089 2013 1149 2080 sub
1182 2016 1266 2100 ipsos

248 2141 312 2209 qua
343 2121 479 2189 lectione
508 2122 606 2187 simul
636 2123 840 2210 explicantur
870 2122 1054 2210 sequentia:
1085 2119 1432 2208 clipeos-obiiciunt.
1465 2206 1469 2214 q

248 2225 362 2292 Hiatus
393 2235 465 2313 post
490 2247 657 2294 caesuram
683 2228 976 2316 heplrtbemimerin
1000 2226 1163 2292 neminem
1191 2223 1312 2311 Vergili
1337 2223 1433 2292 lecto·
1538 2279 1545 2290 .

247 2350 315 2398 rem
340 2331 530 2397 morabitur.

174 2504 180 2513 ,
291 2440 336 2513 ΙΙ,
361 2440 426 2502 ott
450 2456 521 2523 sqq.
547 2435 598 2505 (ΙΙ.
624 2438 736 2526 Ειιιίρ.
763 2437 887 2505 licracl.
913 2440 1102 2506 cuo-747.

290 2541 336 2615 tt.
361 2545 441 2606 570:
465 2544 587 2607 erranti
614 2547 798 2631 passimque
822 2544 926 2611 oculos
944 2564 1004 2630 por
1027 2550 1136 2609 eunom
1155 2541 1282 2629 [eremi.

290 2645 339 2714 Gi.
364 2645 476 2733 Eurip.
502 2646 618 2714 Phoco.
643 2653 708 2715 sut
733 2670 802 2735 sq:

653 2752 746 2832 dpereat
768 2761 922 2835 πανταχῆ
945 2752 1068 2822 tostos
1092 2777 1095 2782 ·

445 2859 572 2923 raissius
595 2858 648 2923 nal
672 2861 707 2925 τὸ
732 2861 834 2938 δεῦρο,
858 2861 903 2938 ult
926 2856 1013 2929 δόλος
1035 2879 1083 2929 τις
1106 2853 1135 2939 ᾖ

286 2960 385 3027 ilecto
397 2961 484 3029 hune
496 2962 602 3028 locum
616 2972 728 3029 contra
743 2964 942 3050 Peerlkampi
956 2962 1102 3048 argutias
1114 2960 1429 3049 detentitrorbtger.

285 3065 387 3152 Negat
402 3065 556 3133 Anchises
569 3088 615 3133 us.
629 3071 695 3135 658
708 3089 777 3155 sqq.
792 3089 826 3134 se
838 3089 912 3134 cum
929 3067 992 3133 lilio
1005 3066 1223 3154 proiecturum
1239 3069 1271 3134 in
1284 3066 1428 3136 exilium.

374 3170 424 3237 lle
448 3172 475 3235 si
499 3170 667 3239 caelicolae
690 3173 868 3239 voluissent
893 3172 1013 3238 ducere
1036 3173 1134 3237 uitam

376 3274 435 3342 has
458 3276 538 3341 mibi
561 3288 743 3344 servassent
767 3277 869 3344 sedes.
896 3277 982 3344 Satis
1005 3296 1069 3343 una
1092 3297 1251 3364 superque

375 3380 516 3448 vidimus
540 3383 665 3449 excidia
688 3393 720 3449 et
743 3394 856 3470 captae
878 3382 1104 3469 superavimus
1129 3380 1212 3447 urbi.

375 3486 437 3579 Sic¹
452 3508 487 3566 o,
513 3488 559 3554 sic
584 3492 724 3575 positum
750 3488 848 3554 adlati
876 3487 1032 3555 discedite
1056 3506 1185 3574 corpus.

373 3592 446 3679 lpse
469 3614 550 3659 sinu
572 3602 710 3659 mortem
734 3594 911 3669 inveniam:
939 3592 1145 3659 miserebitur
1168 3590 1271 3658 hostis
1383 3632 1384 3636 =

373 3698 569 3783 exuviasque
595 3706 691 3782 petet.

283 3802 373 3869 bleso
398 3802 558 3889 triplicem
582 3802 1066 3889 admittitinterpretationem:
1098 3802 1127 3888 t)
1154 3800 1426 3878 manubostium,

239 3907 386 3996 b)manu
408 3927 495 3985 mea,
518 3909 551 3995 3)
578 3927 648 3973 mea
672 3906 869 3974 tortitudine.
908 3907 973 3973 Hoc
997 3927 1090 3984 vero,
1111 3907 1155 3970 mi
1180 3905 1261 3972 bone
1285 3905 1425 3993 Vergili,

238 4023 288 4079 est
311 4012 471 4079 ludificari
495 4013 632 4079 lectores
661 4021 752 4091 tuos,
785 4014 926 4079 incertos
948 4031 1013 4097 quo
1036 4032 1071 4078 se
1094 4020 1233 4077 uertant.
1270 4013 1317 4078 Αιι
1342 4011 1425 4079 lorte

240 4126 274 4184 tu
298 4117 393 4205 culpa
418 4139 529 4196 sacae,
558 4117 613 4183 sed
637 4118 776 4184 ludibrio
799 4118 890 4184 luisti
915 4116 1056 4183 librariis
1079 4116 1336 4183 describentibus
1358 4138 1424 4183 mo·

238 4242 295 4299 ιιιι,
320 4242 418 4308 quum
444 4234 479 4291 tu
504 4223 667 4290 dedisses:

464 4331 535 4416 lpse
558 4350 672 4395 neonus
697 4340 831 4396 mortem
858 4329 1018 4395 inueniam
1045 4327 1133 4395 ccttl

284 4429 378 4497 Libro
400 4433 461 4511 ΙΙΙ,
487 4435 539 4501 nbi
565 4435 788 4504 Andromache
812 4440 935 4502 Aeneae
959 4455 1017 4502 suo
1041 4442 1111 4521 post
1132 4435 1419 4500 Troiamcrersam
