3244 5012
277 310 343 380 296
763 324 979 377 onocromm.

278 501 374 567 unius
401 501 542 566 hominis
570 499 769 588 negligentia
798 501 892 577 oriri,
924 503 980 587 qui
1002 518 1104 586 quum
1125 498 1165 564 ob
1189 495 1297 562 oeulos
1320 493 1477 567 haberet,

279 614 343 680 σοῖς
375 604 401 669 δ’
435 607 467 677 ές
497 606 607 682 ἑαυτήν
638 602 726 673 ἰίπαν
757 604 793 669 σθ
817 603 957 688 ύποίρχον
985 607 1221 686 οἰναρριπποῦσι,
1246 601 1387 672 δύπανος
1412 599 1478 677 γὰρ
1591 642 1592 685 3

278 710 430 796 Φύσει-
441 731 553 779 vocem
573 712 715 778 maxime
736 713 945 779 neeessariam
968 714 1088 780 omisit.
1591 766 1592 785 ,

325 815 363 885 V.
388 816 464 884 105.
487 823 543 892 πής
567 816 598 883 δὲ
621 818 651 892 ές
675 817 935 896 Λακεδαιμονίους
959 818 1066 896 δθξης,
1090 816 1124 895 ήν
1147 817 1199 885 διὰ
1221 816 1257 883 σθ
1282 814 1419 895 αἰσχρὸν
1444 812 1478 885 δή
1591 842 1592 845 “

281 923 441 1003 βοηθήσειν
472 921 544 1001 ύμῖν
572 921 715 990 πιςεύεπε
737 922 851 996 αύτούς
874 924 939 991 κτὲ.
975 923 1012 991 si
1034 921 1110 1001 δθξα
1132 922 1167 1001 ήν
1190 922 1334 993 πιςεύεπε
1357 920 1479 991 αὐτοὺς

280 1030 440 1109 βοηθήσειν
471 1025 630 1095 Graecum
660 1034 724 1107 est,
755 1028 842 1095 idem
872 1033 933 1097 erit
962 1030 1133 1097 dicendum
1164 1031 1204 1096 de
1235 1030 1348 1099 πιςεύοι
1383 1025 1480 1104 δόξαν

280 1135 393 1209 αὐτοὺς
416 1134 586 1214 βοηθήσειν.
624 1133 716 1215 Quod
738 1138 794 1221 qui
815 1156 877 1201 non
900 1137 1014 1222 probat
1036 1140 1064 1202 is
1085 1158 1214 1204 meeum
1237 1133 1311 1213 ή-
1327 1133 1478 1204 πιςεύεπε

280 1242 440 1309 rescribet.
476 1238 539 1306 Sed
562 1240 621 1307 hoo
644 1240 744 1307 semel
765 1241 849 1307 teoto
872 1248 983 1328 sponte
1006 1244 1171 1310 oonoident
1193 1263 1274 1328 quae
1295 1240 1479 1307 meleferia·

281 1358 335 1416 tus
364 1349 597 1437 grammatious
626 1349 760 1413 inseruit
788 1346 839 1412 δια
862 1348 897 1413 πὸ
920 1349 1066 1429 αἰσχρόν.
1091 1355 1258 1435 tamqnam
1280 1347 1367 1414 idem
1395 1350 1481 1412 esset

283 1453 412 1536 αἰσχρύν
438 1459 471 1520 et
493 1448 646 1532 αἰσχύνηί
688 1450 779 1532 Quod
803 1452 897 1520 Melit
920 1454 1013 1541 plene
1035 1455 1121 1521 effati
1143 1460 1233 1522 erant
1256 1456 1310 1530 τήν
1334 1463 1375 1518 Α.
1403 1453 1480 1529 ήμῖν

282 1561 474 1641 ξυμμαχίαν
496 1556 695 1638 προσέσεσθαι
720 1557 862 1635 οἰνοίνκην
885 1558 1019 1639 ἔχουσαν
1040 1562 1093 1627 καί
1115 1563 1141 1627 εἰ
1161 1563 1280 1639 μήπου
1302 1558 1403 1624 ἄλλον
1422 1565 1479 1632 τῆς
1591 1554 1592 1575 ’

282 1692 321 1746 γε
354 1662 542 1744 ξυγγενείας
573 1661 663 1729 ἕνεκα
695 1664 760 1743 (καί
772 1660 793 1749 ἰ)
828 1665 963 1746 αἰσχύνη
993 1666 1131 1745 βοηθεῖν,
1155 1667 1242 1734 idem
1265 1665 1479 1731 Athenienses
1591 1672 1592 1729 ἶ

284 1774 413 1840 brevius
435 1769 568 1838 efferunt
590 1790 646 1856 par
669 1771 687 1844 ή
712 1769 743 1841 ές
766 1770 1029 1848 Λακεδαιμονίους
1054 1772 1129 1850 δθξα
1153 1769 1386 1855 ή-πιςεύεπε
1411 1769 1477 1834 nri.
1591 1784 1592 1825 ἒ

286 1914 327 1929 -
348 1877 448 1943 καίποι
479 1877 513 1940 ού
545 1879 616 1956 πρὸς
648 1882 703 1949 πής
735 1874 885 1956 ὑμετέροις
917 1881 968 1942 νῦν
991 1877 1110 1956 erosae
1134 1881 1283 1957 σωτηρίας
1309 1879 1326 1953 ή
1349 1875 1478 1948 ποιαύπη

283 1984 412 2050 διύνοια.
449 1981 543 2049 Salus
565 1984 635 2068 ipsa
657 2001 851 2066 numquam,
876 1982 931 2048 sed
953 1984 1117 2049 interdum
1135 2005 1205 2070 spes
1225 1983 1339 2050 salutis
1358 1978 1477 2058 ύλογος
1591 2046 1592 2051 ,

282 2089 426 2167 videtum
451 2090 559 2172 itaque
582 2088 657 2153 ferri
679 2090 791 2173 nequit
814 2087 950 2166 θιιθροο,
974 2090 1029 2155 sed
1053 2089 1263 2157 dolendumne
1285 2091 1391 2154 sitan
1409 2107 1478 2152 oor-

283 2193 453 2283 rigendum
486 2200 518 2259 et
549 2191 707 2278 quomodo
734 2194 794 2260 hoo
825 2194 1006 2260 faciendum
1029 2197 1072 2262 sit
1094 2196 1259 2281 hucusque
1282 2216 1336 2260 me
1355 2194 1477 2259 nescire

285 2298 442 2368 confiteor.

329 2405 367 2471 V.
394 2403 470 2471 108.
496 2404 602 2470 'aaut
629 2403 681 2469 καί
705 2405 776 2476 τοὺς
799 2404 948 2478 κινδύνους
971 2431 1005 2474 πε
1028 2410 1111 2486 ήμῶν
1131 2405 1220 2474 ἕνεκα
1239 2410 1362 2485 μᾶλλον
1383 2405 1477 2483 ήγού-
1591 2460 1592 2465 ,

282 2516 351 2594 μεθ’
382 2511 421 2577 ἰιν
452 2510 688 2594 ἐγχειρίσασθαι
719 2511 831 2583 αὐτοὺς
863 2513 916 2577 καί
947 2513 1165 2594 βεβαιοτέρους
1195 2517 1212 2587 ή
1237 2514 1268 2585 ές
1291 2512 1406 2584 ἄλλους
1430 2535 1475 2576 νο·
1591 2550 1592 2571 .

282 2627 374 2696 μιεῖν.
411 2617 475 2699 Qui
504 2624 580 2683 sunt
609 2615 659 2682 ilii
683 2636 760 2701 quos
775 2618 930 2702 firmiores
952 2621 1169 2685 existimaturi
1193 2616 1288 2683 sunt?
1312 2639 1352 2684 an
1374 2626 1476 2684 semet

283 2722 388 2812 ipsos?
418 2726 463 2789 At
492 2726 714 2810 praeterquam
745 2722 829 2807 quod
861 2728 947 2806 σφοῖς
971 2725 1079 2791 abesse
1102 2737 1165 2791 non
1186 2727 1305 2811 possit,
1329 2726 1475 2809 ineptum

282 2836 364 2899 esset
387 2828 517 2911 νομίζειν
535 2830 570 2894 in
591 2849 625 2894 re
648 2829 777 2916 cognita
800 2834 832 2894 et
854 2820 1025 2918 perspecta.
1051 2851 1091 2896 an
1114 2828 1252 2896 Metios?
1285 2829 1348 2896 Sed
1370 2831 1476 2895 obstet

285 2938 313 3008 ἐς
338 2933 474 3008 ἄλλους.
498 2955 539 2999 an
561 2933 632 3005 τοὺς
655 2932 826 3006 κινδύνοοςί
862 2933 925 3001 Sed
947 2935 1070 3002 κίνδυνοι
1094 2957 1158 3003 non
1180 2942 1313 3022 possunt
1334 2935 1398 3001 diei
1420 2934 1473 3013 βε-

283 3039 448 3122 βαιθτεροι.
484 3037 584 3105 Nullo
599 3038 709 3104 modo
737 3045 770 3106 te
801 3060 840 3105 ex
869 3041 921 3107 his
950 3042 1054 3108 turbis
1076 3041 1204 3110 evolves
1222 3044 1285 3108 nisi
1308 3050 1419 3121 νομιεῖν
1440 3044 1475 3105 in

283 3155 387 3226 μενεῖν
408 3150 544 3211 mutato.

329 3250 368 3319 V.
394 3249 469 3316 111.
493 3250 597 3338 Lege,
616 3247 734 3327 γένοιτο
755 3252 828 3330 ήμῖν
848 3253 900 3317 καὶ
921 3254 992 3329 ὑμῖν
1012 3255 1065 3320 ούκ
1084 3256 1306 3332 οἰνεπιςήμοσιν
1319 3293 1361 3303 -
1374 3262 1402 3319 αθ
1418 3274 1474 3320 nos

284 3362 356 3425 θοις
384 3358 445 3422 iam
473 3356 587 3440 eaperts'
607 3378 707 3420 σαναυο
729 3364 758 3422 et
778 3377 836 3424 vos
857 3359 960 3423 noetis.
975 3396 1016 3409 —
1029 3362 1062 3425 ού
1085 3360 1150 3441 χιίρ
1171 3361 1207 3436 δή
1229 3360 1283 3425 έπί
1303 3384 1343 3438 γε
1366 3363 1421 3436 σήν
1441 3360 1474 3423 έν
1589 3394 1590 3403 ¹

284 3474 346 3541 τοῖς
370 3465 511 3546 αἰσχροῖς
534 3463 587 3527 καὶ
618 3461 782 3543 προύπτοις
804 3462 947 3537 κινδύνοις
971 3475 1088 3535 ποιεῖςα
1113 3465 1347 3549 διαφθείρουσαν
1369 3465 1474 3546 aare·

285 3596 358 3645 πους
383 3569 535 3652 αἰσχύνην
557 3568 725 3650 τρέψεσθε.
750 3576 876 3641 πολλοῖς
899 3570 963 3650 arip
988 3570 1198 3651 προορωμένοις
1222 3569 1267 3636 έσι
1291 3574 1323 3646 ές
1346 3566 1396 3637 οἰα
1417 3570 1473 3651 Φέ-

283 3702 385 3760 ρονται
418 3676 468 3764 [πὸ
493 3675 622 3756 αἰσχρὸν
646 3675 847 3757 κοινούμενον]
883 3674 1031 3754 ὀνθμασος
1055 3678 1226 3756 {aaroni
1250 3677 1379 3756 δυνοίμει
1402 3680 1473 3742 ἰπε·

283 3784 431 3851 σπύσαπο
452 3783 621 3870 [ήσσηθεῖσι
642 3787 694 3848 τοῦ
714 3781 865 3871 ῥήματος]
890 3780 967 3862 ipro
986 3781 1161 3864 ξυμφοραῖς
1181 3785 1337 3860 οἰνηκέςοις
1350 3785 1473 3856 ἓκθνπας

283 3896 474 3972 περιπεσεῖν,
501 3890 554 3954 καί
579 3888 731 3967 αἰσχύνην
753 3889 868 3968 αἰσχίοι
892 3890 965 3966 μετ’
985 3891 1091 3964 οἰνοίας
1113 3893 1130 3967 ἢ
1152 3891 1253 3971 τύχης
1273 3889 1472 3972 προσλαβεῖν.

282 3997 369 4087 Ergo
392 3996 521 4077 αἰσχρθν
544 4001 594 4062 est
616 3993 711 4071 θνομα
734 3992 921 4073 terrorest
945 4002 978 4061 et
1001 3996 1225 4076 τὸλεγόμενον
1248 3998 1377 4079 αἰσχρόν
1395 3998 1426 4063 h.
1444 4016 1472 4062 e.

282 4127 330 4169 σοι
350 4105 417 4188 ipso
439 4101 556 4167 ποονιιίιε
577 4123 630 4164 roo
653 4100 798 4167 homines
822 4100 862 4166 ed
884 4122 917 4167 se
941 4102 1050 4167 trahit.
1086 4101 1150 4169 Sed
1170 4125 1232 4170 non
1255 4105 1333 4169 setis
1353 4108 1401 4169 est
1417 4102 1474 4167 hos

281 4212 411 4275 nomine
433 4208 534 4286 trahi,
559 4209 658 4274 etiam
681 4208 766 4271 verbo
785 4207 962 4291 captantur,
990 4210 1141 4282 ήσπῶνπαι
1162 4212 1310 4290 ῥήματος.
1339 4208 1388 4274 En
1405 4205 1474 4293 pnl-

283 4334 370 4383 oram
400 4310 607 4381 serietatem!
650 4311 765 4378 ltxime
795 4321 992 4401 quantocyus
1019 4315 1235 4400 sophistarum
1258 4319 1366 4401 spuria
1388 4334 1472 4380 orno·

279 4427 390 4497 menta
412 4425 445 4485 et
467 4417 615 4504 intellige
636 4420 791 4498 αἰσχύνην
816 4440 882 4486 esse
905 4442 985 4507 quae
1008 4421 1085 4488 haee
1107 4421 1213 4488 faeiat.
1239 4421 1324 4488 Tum
1347 4425 1375 4487 si
1398 4435 1471 4486 ποι·
