3296 5022
260 348 302 414 54
691 370 733 416 sn
758 367 1021 418 muorrmnsruu.

259 537 519 614 „attrectaretis
537 560 600 602 eom
620 539 753 623 increpat
772 541 851 625 qaod
870 562 929 603 νοοα
952 561 1038 624 ocpua
1048 542 1144 621 ficeta
1157 536 1292 625 saeid'.
1326 535 1449 602 Editor.

258 641 397 709 Minime
425 647 590 732 gentium:
622 646 650 708 si
679 647 750 728 quis
779 646 929 710 tibicinae
959 644 1045 709 eolus
1074 646 1219 709 omnium
1242 643 1449 708 convivarum

258 748 423 832 applaudit
442 755 474 814 et
497 751 565 813 eius
581 753 712 814 cantum
728 747 897 814 fistulando
916 751 1088 814 comitatur
1105 747 1341 835 (ουνπεροπίζεν),
1360 749 1451 830 queri

258 853 340 918 solet
368 854 458 917 ανῖνονζν
488 855 623 918 celeriter
652 874 724 918 eam
751 854 852 919 facere
883 855 1030 919 cantandi
1052 851 1159 919 finem.
1204 852 1316 937 itaque
1336 858 1451 916 natura

260 959 307 1021 rei
330 964 362 1023 et
384 961 470 1024 vitae
492 979 554 1023 usu
573 958 724 1024 suadente
743 960 966 1025 restituamus:
992 960 1043 1023 aei
1069 944 1216 1036 ἐπιτιμᾶν
1232 966 1272 1040 τῇ
1291 954 1449 1035 αὐλητρίδι

259 1062 349 1128 ὈΤΙ
375 1071 502 1128 ΟΎΤΩ
524 1063 612 1143 παχὺ
644 1063 810 1128 παύσαντο.
860 1062 939 1143 Quis
965 1083 1028 1128 non
1050 1067 1174 1150 saepius
1196 1066 1230 1127 in
1251 1064 1320 1127 vita
1341 1061 1452 1125 huius·

261 1168 383 1234 cemodi
407 1168 570 1251 querelam
594 1167 736 1233 audivit:
760 1169 832 1231 ote!
854 1169 915 1230 οόνο
933 1168 1070 1231 decisio?
1093 1174 1153 1231 tora
1174 1167 1258 1232 cito?

308 1373 384 1459 Cap.
408 1374 481 1439 XX.
504 1374 643 1450 Ἀνθίας.

305 1480 357 1544 καὶ
381 1481 416 1544 τὸ
439 1481 558 1545 παιδίον
581 1489 637 1556 τῆς
660 1481 763 1555 τίτθης
788 1479 981 1562 ἀφελόμενος
1006 1483 1187 1558 μασώμενος
1210 1480 1332 1559 σιτίζειν
1354 1481 1450 1553 αὐτὸς

261 1581 313 1648 καὶ
346 1584 570 1667 ὑποκορίζεσθαι
602 1584 771 1665 ποππύζων
800 1587 851 1650 καὶ
876 1593 1065 1666 πανουργιῶν
1087 1590 1141 1650 τοῦ
1164 1584 1297 1650 πάππου
1320 1584 1449 1672 καλῶν]

261 1688 326 1752 Diu
356 1695 390 1753 et
419 1689 561 1755 multum
592 1693 735 1775 quaesivi
765 1691 842 1774 quid
872 1691 1001 1758 tandem
1032 1689 1146 1755 lateret
1172 1693 1206 1754 in
1229 1691 1335 1755 verbis
1356 1710 1453 1754 sensu

260 1795 370 1858 vacuis
401 1793 453 1857 καὶ
486 1800 673 1875 πανουργιῶν
701 1800 753 1859 τοῦ
782 1793 908 1859 πάππου
933 1802 1045 1859 καλῶν.
1091 1792 1233 1860 Tandem
1255 1797 1451 1881 investigavi

262 1897 340 1961 dicti
371 1901 560 1963 sententiam
587 1901 686 1963 etsie
709 1899 918 1984 quibusoam
940 1900 1045 1964 verbis
1068 1897 1304 1982 Theophrastus
1324 1894 1453 1963 enunci-

262 2006 345 2065 asset
366 2006 455 2085 coepi
482 2023 639 2087 quaerere.
687 2000 873 2086 Suspicatus
895 2024 968 2067 sum
991 2005 1155 2087 antiquam
1177 2002 1347 2068 lectionem
1368 2002 1452 2068 hanc

264 2104 378 2168 fuisse:
415 2104 466 2168 acsi
498 2105 733 2185 πανούογΗΜΑ
763 2111 817 2171 ποῦ
848 2106 979 2172 πάππου
1011 2114 1137 2183 καλεῖν,
1167 2090 1201 2172 id
1224 2114 1272 2172 est
1294 2107 1393 2185 λέγων
1415 2110 1451 2173 τὸ

264 2206 382 2272 παιδίον
406 2209 440 2271 ἐκ
463 2218 518 2284 τῆς
542 2216 594 2276 τοῦ
626 2211 758 2275 πάππου
782 2212 970 2291 πανουργίας
994 2211 1174 2290 γεγονέναι,
1205 2233 1307 2296 neque
1328 2212 1363 2277 id
1384 2218 1454 2276 erat

264 2312 398 2377 Athenis
428 2313 611 2379 inauditum
641 2322 698 2380 aut
727 2336 850 2392 rarum,
882 2317 952 2390 τοὺς
976 2324 1034 2382 τῶν
1057 2315 1450 2396 renuntiatae-erasmae

263 2421 376 2497 Φοοπῖιν
406 2418 493 2497 παρὰ
525 2420 583 2491 τὰς
615 2421 674 2483 τῶν
706 2421 774 2484 υἱῶν
803 2430 965 2498 γυναῖκας.
1013 2421 1163 2502 Quaesivi
1194 2422 1307 2487 deinde
1335 2421 1454 2486 similis

262 2521 431 2588 locutionis
466 2523 659 2609 exemplum.
710 2524 826 2610 Reperi
856 2528 890 2589 in
919 2526 1082 2612 Euripidis
1112 2528 1186 2591 Ione
1213 2547 1261 2593 vs.
1286 2524 1363 2590 336.
1395 2525 1454 2588 uhi

262 2625 319 2692 Ion
341 2628 433 2693 dicit:

330 2722 332 2726 ⁸
466 2731 607 2811 οὶδίκημοέ
630 2758 684 2798 που
707 2737 851 2811 γυναικὸς
875 2732 1024 2812 ἐγευόμην
1045 2734 1128 2807 ἴσως.

262 2859 300 2902 ex
323 2837 437 2903 illicito
461 2859 568 2904 amore
594 2844 706 2903 natum
737 2860 770 2905 se
799 2842 993 2925 suspicatur,
1025 2840 1295 2923 quemadmodum
1319 2840 1333 2903 ὅ
1357 2839 1451 2913 datie

262 2939 412 3022 ἅνθρωπος
446 2963 557 3027 spurco
579 2945 648 3010 ioco
669 2942 805 3008 filiolum
829 2965 925 3009 sunm
948 2965 986 3008 ex
1009 2946 1063 3009 ari
1084 2947 1228 3029 nequitia
1249 2951 1361 3009 natum
1386 2964 1455 3008 esse

265 3046 353 3110 dicit.

310 3250 391 3318 Ibid.
416 3252 468 3316 xci
488 3253 636 3332 ἐρωτῆσαι
653 3253 683 3318 δὲ
701 3253 793 3327 δεινὸς
814 3255 945 3320 ἐναντίον
960 3257 1020 3321 τῶν
1038 3258 1172 3322 οἷκεΙυν·
1192 3257 1288 3334 Εἰπέ,
1312 3256 1453 3335 μάμμη,

265 3352 310 3420 ὅτ’
333 3357 432 3430 ddisse
463 3357 515 3422 καὶ
540 3356 657 3429 ἕπνκπές
679 3382 721 3434 με
745 3359 792 3430 τίς
816 3359 948 3447 ἡμέρας]
986 3361 1058 3426 Non
1080 3362 1214 3427 isaurico
1236 3369 1293 3426 τῶν
1317 3361 1452 3438 οἰκείων,

264 3462 337 3540 sed,
361 3462 445 3547 quod
460 3462 564 3527 multo
581 3463 746 3548 indignius
765 3469 848 3540 erat,
870 3465 1000 3530 ἐναντίον
1023 3469 1219 3532 rescisceres
1238 3466 1271 3530 id
1294 3488 1333 3532 ex
1350 3473 1456 3531 matre

265 3568 443 3651 quaerebat.
490 3566 590 3652 Saepe
612 3567 689 3631 haec
711 3569 795 3632 inter
820 3588 853 3633 se
873 3576 1055 3653 permutata
1075 3571 1154 3636 vidi.
1199 3571 1366 3636 Praeterea
1387 3589 1454 3635 cor-

264 3675 401 3736 rexerim
424 3694 459 3737 ae
482 3672 714 3757 suppleverim:
740 3670 784 3736 ὄπ’
807 3673 905 3746 'cidisse
930 3675 982 3739 καὶ
1007 3673 1119 3747 ἔτεκές
1143 3700 1184 3752 με
1207 3677 1254 3747 τίς
1272 3670 1349 3741 ⁴'HN
1374 3675 1454 3752 ἦμέ-

265 3800 320 3856 ρα;
345 3776 554 3862 Perspicuum
572 3781 619 3839 est
638 3797 694 3840 cur
709 3775 807 3849 ὤδινες
825 3780 859 3841 in
875 3780 1075 3864 imperfecto,
1093 3781 1148 3844 sed
1164 3779 1268 3853 ἔτεκες
1284 3784 1318 3846 in
1337 3783 1455 3847 aoristo

266 3881 398 3945 dicatur.
445 3881 656 3946 Proverbium
670 3883 851 3963 pertrutinat
872 3892 981 3948 νυμον
1004 3881 1123 3949 Graece
1145 3891 1251 3950 sonat:

307 3985 497 4051 ’ὯΔΙΝΕΝ
521 3985 602 4064 ὄρος,
627 3988 703 4058 Ζεὺς
727 3987 753 4050 δ’
778 3988 942 4068 ἐφοβεῖτο,
967 3989 1002 4052 πὸ
1026 3989 1052 4053 δ’
1071 3994 1258 4054 ἜΤΕΚΕΝ
1282 3996 1352 4068 μῦν.

265 4092 322 4156 ubi
345 4088 447 4155 ἔτεκεν
471 4091 577 4155 media
598 4091 689 4156 brevi
709 4099 850 4158 metrum
872 4092 1046 4159 Sotadeum
1067 4094 1217 4180 postulat.

310 4195 348 4260 In
370 4196 475 4260 verius
496 4195 543 4268 τίς
568 4192 601 4270 ἦν
626 4198 741 4275 ἡμέρας
765 4198 925 4264 nonlicet
949 4195 982 4271 ἦν
1006 4201 1168 4275 omittere,
1202 4201 1256 4265 sed
1279 4222 1335 4266 cur
1357 4203 1454 4265 inter·

264 4301 377 4366 ciderit
398 4301 497 4365 vides.
