3254 5034
267 314 310 378 36
758 326 961 377 armeniensi

263 501 478 583 παρατατιιιθν
508 503 562 567 τοῦ
593 497 738 579 τέθιρμι
767 498 965 581 ἐνεργητικῶς
997 494 1060 566 elie
1090 496 1257 577 λεγόμενον
1287 497 1302 564 θ
1331 498 1457 575 ποιντὶις

262 608 297 674 οὗ
320 607 493 683 παθητικῶς
519 604 627 688 »παρα
649 603 681 671 θέ
701 609 760 689 τφι
783 602 893 671 τέθει.”
948 603 995 671 lix
1019 605 1088 689 ipsa
1112 603 1160 671 rei
1185 612 1301 670 nature
1323 603 1458 694 somnii,

263 713 319 800 qul
344 714 489 780 cononis
511 719 569 778 nnt
593 729 737 777 mensam
761 717 820 777 ent
840 707 928 775 cibos
945 719 1124 797 opponunt,
1150 708 1320 791 προτιθέναι
1341 720 1375 777 et
1397 734 1459 777 πα·

263 817 415 901 ρατιθέναι
447 815 575 885 dicendi
608 824 706 896 sunl,
742 836 805 882 non
833 814 1025 897 προτίθεσθαι
1053 824 1087 883 et
1115 815 1347 899 παρατίθεσθαι.
1395 815 1459 883 lle·

264 943 328 1011 que
358 943 488 992 summo
521 923 594 990 iure
625 920 850 989 Aristarchene
872 919 1025 989 lectiones
1059 931 1197 1010 ntroqne
1221 919 1289 988 loco
1312 931 1460 1011 receptae

267 1037 355 1097 sunt.

310 1133 443 1201 Codices
462 1134 692 1210 vetustissimi,
712 1132 798 1199 unde
819 1132 932 1200 Critioi
955 1141 1080 1202 veteres
1102 1133 1233 1201 Homeri
1247 1140 1372 1202 textum
1385 1153 1460 1201 oon·

265 1239 459 1316 stituerunt,
491 1240 604 1328 scripti
635 1239 690 1321 πρθ
718 1239 886 1306 Εὐκλείδου
909 1240 1032 1307 exarant
1055 1247 1151 1307 erent
1176 1243 1331 1315 Ἀττικοῖς
1356 1239 1460 1323 γρθρο·

265 1370 345 1427 μασι
367 1346 453 1413 κατὰ
473 1347 528 1423 rin
547 1346 687 1429 einzelnen
703 1346 951 1428 γραμματικήν,
973 1365 1055 1432 quae
1072 1365 1175 1434 neque
1194 1344 1338 1433 duplices
1356 1365 1462 1434 neque

263 1451 376 1539 longas
395 1450 521 1519 vocales
540 1461 568 1518 H
588 1460 622 1518 et
642 1460 677 1519 n
699 1459 854 1528 noverat.
879 1459 912 1518 et
933 1449 1009 1519 hinc
1029 1472 1157 1540 qnoque
1174 1449 1319 1518 nonnulli
1332 1471 1461 1519 errores

264 1558 406 1647 suscepti
425 1567 457 1625 et
477 1557 634 1646 quaedam
656 1558 839 1646 scripturae
859 1556 1075 1644 discrepantia
1097 1555 1172 1625 onte
1191 1564 1252 1624 est.
1285 1556 1319 1622 ln
1341 1554 1457 1646 Odyss.

264 1673 306 1730 A.
331 1666 396 1731 dot

403 1765 424 1834 ὦ
448 1768 556 1849 πθποι,
581 1767 600 1847 ἦ
622 1767 658 1846 tt,
684 1769 798 1836 πολλθν
820 1767 1028 1850 ἀποιχομένου
1051 1769 1201 1846 Ὀδυσῆος

402 1874 492 1957 δούς,
517 1872 536 1940 θ
556 1899 590 1941 re
612 1880 780 1956 μννρςῆρτιν
803 1873 938 1941 οὶναιθέτι
960 1883 1071 1958 χεῖρας
1094 1875 1195 1959 έφοθνρ.

265 1976 587 2067 terebatur·anttqua
610 1977 706 2047 lectio
730 1988 879 2057 Δθτεῐ,
903 1977 942 2046 de
966 1999 1030 2067 qna
1054 1979 1289 2067 grammaticus
1310 1978 1354 2046 ite
1374 1979 1460 2047 indi·

265 2093 338 2153 oal:
373 2087 497 2165 μήποτε
528 2084 653 2164 νἰραεινον
680 2083 698 2168 ἦ
730 2083 783 2152 dod
814 2090 868 2152 τοῦ
900 2109 933 2152 ει
965 2086 1118 2171 γρθφειν.
1151 2084 1203 2153 rod
1233 2083 1296 2154 ἐτιν
1322 2082 1380 2153 οἷον
1403 2095 1462 2165 τῆς

264 2192 405 2275 ἀρχαίας
426 2199 653 2274 γραμματικῆς
677 2188 709 2257 ἐν
731 2216 762 2258 τι
787 2191 952 2258 καὶτοῦτο
975 2199 1033 2259 τῶν
1055 2191 1334 2270 ὑπολιλειμμέιυν.
1383 2192 1461 2260 Per·

263 2282 414 2383 spiritum
435 2306 484 2364 est
503 2296 602 2364 scribi
624 2304 791 2385 oportere:
818 2297 870 2364 θινὶ
889 2302 943 2364 τοῦ
965 2307 1008 2365 Hi
1025 2296 1182 2381 γριέφειν,
1208 2315 1281 2364 nam
1295 2299 1461 2386 scripturn

265 2422 323 2492 per
357 2412 425 2483 61,.
448 2404 572 2490 inquit,
608 2421 708 2468 nnnm
739 2410 790 2470 est
820 2422 857 2471 ex
891 2402 942 2470 lris
965 2423 1048 2490 quae
1071 2423 1110 2471 ex
1136 2402 1270 2490 entique
1295 2403 1461 2471 scribendi

266 2507 500 2576 consuetudine
525 2516 768 2587 remanserunt,
792 2508 825 2576 id
849 2517 899 2576 est
919 2528 976 2595 per
998 2508 1227 2596 negligentiam
1250 2508 1362 2577 relicte
1382 2518 1463 2577 sunt

266 2635 368 2702 quum
401 2622 540 2690 Ἰωνικοῖς
570 2615 742 2697 θρέμμασι
764 2613 864 2681 scribi
888 2613 1008 2681 vocalis
1031 2614 1125 2703 longa
1150 2625 1193 2683 HI
1216 2613 1359 2683 deberet.
1406 2613 1462 2682 Si·

269 2719 391 2789 militer
414 2721 454 2788 nd
479 2719 594 2811 Odyss.
618 2731 660 2788 A.
685 2723 750 2788 lid

403 2835 561 2909 μνιρςῆρας
584 2827 641 2907 μέν
664 2826 714 2892 έπ)
738 2824 879 2911 σφέτεροι
901 2825 1081 2894 ταέθναοθαι
1105 2824 1242 2910 θνιοχθι,

402 2931 523 3015 μητέρα
544 2931 591 3011 δ’,
616 2931 691 2998 eloi
714 2932 806 3012 θυμὸς
830 2932 1009 3015 ἐφορμᾶται
1034 2931 1211 3012 γαμέεσθαι

404 3036 454 3119 en
477 3039 531 3106 θτοι
558 3039 590 3111 ἐς
612 3036 749 3120 μέγοιρον
771 3037 888 3120 πατρὸς
912 3036 1002 3118 μέγα
1026 3038 1212 3118 δυναμένοιο.

315 3143 467 3211 Veterum
497 3143 691 3211 criticorum
722 3143 926 3230 nescioquis
950 3144 1134 3210 annotavit:
1158 3154 1199 3228 τῇ
1222 3143 1347 3229 ιέρχαέρι
1370 3167 1462 3221 τυνν-

270 3250 336 3336 θεέρ
367 3249 547 3332 ἐγέγραπτο
578 3257 725 3316 ΜΕΤΕΡ
749 3249 818 3315 einr)
841 3253 896 3315 τοῦ
919 3258 1091 3317 ΜΗΤΗΡ.
1117 3255 1208 3316 τοῦτο
1231 3251 1389 3330 θγνοῆτας
1411 3273 1462 3325 τις

267 3356 433 3438 πριοθθιρνιν
454 3354 490 3421 cl
513 3365 553 3422 A.
602 3353 698 3421 Plane
718 3353 890 3440 gemellum
911 3363 960 3421 est
981 3353 1067 3441 qnod
1086 3361 1263 3423 annotatur
1284 3355 1324 3423 nd
1345 3353 1461 3446 Odyss.

269 3471 309 3528 A.
335 3464 389 3528 52.

710 3566 764 3633 θεοὶ
788 3563 815 3631 θ’
839 3566 870 3631 ἐν
893 3565 1025 3646 tonan
1048 3566 1127 3634 ναίει

402 3671 579 3747 Ἀτλαντος
602 3669 740 3754 θυγοέτνρρ
763 3672 936 3756 ὀλοόφρονος
960 3668 993 3747 dc
1016 3696 1053 3738 τε
1076 3669 1236 3749 θαλοθοτιρς

406 3775 509 3856 cdere
532 3775 648 3859 βένθεα
668 3772 758 3846 οἶδεν.

317 3881 482 3951 Scholion:
514 3882 694 3966 ἐγέγραπτο
724 3883 810 3950 ιιατοὶ
841 3883 896 3959 rin
918 3883 1060 3966 οέρχαέαν
1082 3886 1227 3969 γραφέν·
1251 3880 1323 3952 εἶτα
1345 3908 1393 3959 τις
1416 3888 1463 3965 μθρ

271 3989 382 4068 νοήσας
414 3990 577 4072 προσέθηκε
608 3992 643 4057 τέ
668 3998 734 4057 oc.
783 3987 913 4056 Excidit
937 3989 1006 4078 ipsa
1031 3998 1124 4057 retus
1146 3991 1307 4078 scripturn
1331 3998 1365 4057 et
1387 4010 1463 4079 sup·

273 4094 446 4184 plendum:
481 4095 661 4179 ἐγέγραπτο
690 4095 777 4162 ιιατιθ
806 4097 862 4171 τὴν
887 4094 1028 4177 θρχαέαν
1053 4098 1180 4181 γραφὲν
1203 4104 1462 4173 ΟΛΟΟΦΡΟΝ,

273 4199 344 4269 εἶτα
373 4226 421 4275 τις
451 4202 516 4269 ιιτὲ.
565 4210 802 4271 οΛοοΦΡοΝ
835 4210 944 4269 antem
968 4200 1119 4285 θλιθφρυν
1141 4210 1212 4269 erat
1235 4200 1462 4293 scribendum,

273 4308 358 4397 qnod
381 4307 526 4375 nonnulli
548 4327 659 4374 vernrn
680 4327 750 4374 esse
770 4306 937 4394 portabant.
975 4306 1030 4373 Sic
1046 4309 1078 4373 in
1097 4306 1263 4395 Euripidis
1280 4306 1462 4376 Phoenissis

273 4433 322 4482 us.
347 4418 412 4482 682
441 4432 499 4501 pro
