3242 5014
608 362 615 377 ,
677 313 852 407 Ηοπτιιιορ.
1293 290 1357 358 179

171 489 224 550 cui
255 485 369 553 Graeci
399 503 456 569 per
485 486 676 549 derisionem
698 486 949 570 Agamemnonis
973 504 1006 549 se
1029 481 1130 547 filium
1153 480 1262 546 eudem
1285 480 1358 568 lege

172 590 301 657 daturos
323 590 515 674 pollicentur
532 610 579 655 vs.
605 586 680 653 378.

307 696 409 771 δοῖμεν
433 696 459 757 δ’
482 693 644 774 Ἀτρεΐδαο
667 695 823 772 θυγατρῶν
844 688 922 764 εἶδος
946 692 1051 772 οόρόενρν

294 799 427 878 Ἀργεος
452 797 666 876 ἐξαγαγόντες
690 795 843 874 ὀπυιέμεν.

307 905 384 967 ἀλλ’
408 900 501 977 ἕπεο,
526 904 594 984 ὄφρ’
617 902 668 966 ἐπὶ
693 901 776 975 envoi
802 901 958 977 συνώμεθα
982 899 1204 980 ποντοπόροισιν

309 1008 397 1088 ἀμφὶ
421 1008 534 1089 γόμιρ,
561 1007 626 1071 ἐπεὶ
650 1005 729 1071 οότοι
754 1006 904 1071 ἐεδνωταὶ.
921 1007 1012 1071 κακοό
1033 1008 1127 1084 εἶμεν.

218 1111 368 1177 Scholion
398 1113 438 1177 ad
460 1134 507 1178 vs.
534 1110 609 1175 366.
641 1110 846 1176 όνέεδνον;
878 1114 895 1185 ό
921 1110 1014 1185 διπλῆ
1038 1107 1084 1174 ότι
1106 1106 1199 1174 ἕδνα
1222 1107 1358 1175 ἕδόδόοαν

175 1220 200 1281 οἱ
224 1215 447 1294 μννςενόμενοι.
481 1216 523 1280 διδ
555 1212 639 1286 οὗτος
671 1213 881 1294 ὑποσχόμενος
915 1214 1073 1291 ε’ξελόσειν
1100 1213 1170 1287 τοὺς
1200 1212 1358 1288 Ἕλληνας

174 1320 309 1385 οὶνὲεδνον
333 1321 419 1385 αἰτεῖ
439 1323 494 1395 τὴν
518 1318 729 1399 Κασσόνδροον.
755 1325 786 1384 et
810 1320 850 1384 ad
871 1341 918 1386 ve.
944 1317 1019 1385 382.
1045 1318 1254 1383 εἐδνωταότ
1280 1319 1296 1393 ό
1316 1317 1357 1382 δι·

174 1432 239 1498 πλνῑ
273 1421 319 1489 ότι
354 1422 450 1490 ἕδνα
484 1425 619 1490 ἕδιδοσαν
653 1427 679 1489 οἱ
714 1422 939 1501 μννςενόμενοι.
975 1422 1116 1489 ἐεδνωταὶ
1148 1423 1180 1489 δδ
1210 1419 1357 1496 κνδεςαό,

175 1529 316 1609 πενθεροό.
345 1525 424 1595 οὗτοι
444 1528 508 1610 γόορ
539 1530 582 1594 τό
613 1526 683 1595 ἕδνα
715 1528 801 1608 παροδ
832 1530 891 1594 τῶν
913 1527 1143 1607 μνη-πενομένων
1164 1525 1356 1609 ἐνεδέχοντο,

173 1633 236 1720 leg.
261 1633 435 1712 ’ἐδέχοντο

219 1737 309 1804 Iliad.
334 1749 374 1803 11.
400 1737 475 1803 190.
548 1794 554 1803 .

355 1842 496 1921 όγόγετο
519 1844 590 1923 πρός
615 1843 733 1921 δώματ’
758 1842 823 1907 ἐπεὶ
850 1843 921 1922 πόρε
943 1844 1026 1924 μόρι’
1048 1842 1146 1919 ἔεδνα.

172 1947 214 2011 cf.
239 1946 345 2014 Schol.
371 1948 410 2012 ad
431 1969 478 2013 vs.
498 1947 579 2016 178.

218 2050 309 2117 Iliad.
334 2062 370 2117 Χ.
397 2051 474 2118 472.

510 2154 561 2222 dre
585 2180 638 2235 μιν
661 2158 847 2238 κορυθαίολος
873 2157 1005 2238 ἠγάγεθ’
1026 2158 1145 2238 Ἕκτορ

360 2263 395 2326 ἐκ
418 2259 510 2339 δόμου
533 2262 691 2336 Ἠετόιονος
716 2264 782 2328 ἐπεὶ
806 2262 878 2342 πόρε
901 2263 984 2344 μόρι’
1008 2262 1105 2328 ἔεδνα.

220 2364 496 2450 Quemadmodum
520 2366 559 2431 de
581 2387 694 2451 sponso
717 2367 836 2432 dicitur
856 2368 928 2446 πόρε
948 2367 1030 2448 μόρι’
1050 2365 1153 2444 ἔεδνα,
1178 2369 1223 2432 sic
1241 2367 1359 2437 dicitur

174 2469 214 2531 de
235 2470 276 2531 iis
298 2472 354 2553 qui
375 2468 477 2541 filium
500 2468 661 2534 elocatum
683 2469 796 2555 Odyss.
822 2479 861 2535 0.
887 2469 963 2536 367.

287 2575 342 2645 σὺν
365 2574 421 2650 μὲν
443 2571 553 2637 ἔπειτα
577 2572 723 2651 Σόμνινδε
746 2573 837 2639 δόσαν
861 2574 913 2638 καὶ
938 2574 1043 2652 μόρι’
1065 2570 1216 2638 ἕλοντο.

174 2677 207 2741 id
231 2683 279 2741 est
301 2675 396 2756 μόρια
420 2673 493 2742 ἕδνα
516 2677 565 2740 ἕπ1
590 2685 629 2759 τῇ
653 2679 782 2757 θυγατρὶ
807 2675 934 2756 ἔλαβον.

219 2779 309 2846 Hiud.
336 2790 372 2844 X.
402 2780 455 2845 51.

286 2885 392 2949 πολλόν
416 2885 477 2962 γὰρ
501 2886 608 2949 ὤπασε
630 2884 717 2950 παιδὶ
741 2885 836 2964 γέρων
860 2886 1066 2963 όνομόκλυτος
1087 2885 1220 2961 Ἀλτνς.

218 2987 385 3054 Scholion:
418 2990 553 3064 όδιπλῆ
578 2987 624 3054 ότι
647 2993 672 3056 οἱ
696 2991 827 3071 πατέρες
850 3000 921 3064 ταῖς
946 2989 1118 3071 θυγατρόοι
1142 2991 1356 3070 γαμουμέναις

172 3094 250 3172 δῶρα
274 3100 434 3176 παρεῖχον.

510 3200 571 3276 ἐγὼ
595 3199 621 3264 δ’
645 3199 694 3264 ἐπὶ
718 3201 828 3278 μεόλια
852 3200 944 3266 δόσαν.

216 3302 308 3368 iliad.
334 3314 369 3368 X.
396 3302 449 3368 88.
481 3305 541 3369 οὐδ’
573 3303 689 3385 ἄλοχος
718 3305 903 3386 πολόδιοροςῑ
938 3309 955 3382 ό
979 3294 1073 3380 διπλῆ
1096 3304 1142 3372 ότι
1173 3304 1267 3372 ἕδνα
1297 3307 1357 3372 ἐδό-

171 3410 263 3473 δοσαν
298 3410 324 3473 οι’
360 3409 489 3474 παλαιοὶ
525 3417 596 3483 ταῖς
632 3409 803 3490 θυγατράσι
838 3410 890 3475 καὶ
926 3410 1151 3491 πολόδωρον
1186 3410 1274 3489 λόγει
1301 3411 1356 3486 τὴν

172 3511 401 3578 πολόεδνον.

216 3617 306 3683 Adde
327 3618 379 3683 his
401 3638 481 3703 quoe
503 3640 542 3684 ex
565 3620 748 3685 Aristarcho
766 3618 949 3705 Hesychius
970 3624 1125 3687 servarit:
1147 3620 1289 3685 Ἔδναι
1313 3620 1357 3686 roi

173 3721 231 3787 όπδ
261 3728 320 3787 τῶν
350 3724 507 3801 μννςόρων
539 3730 610 3796 ταῖς
642 3722 883 3802 μννςενομένοιις
914 3725 1065 3804 διδόμενα.
1088 3725 1235 3805 μεόλια
1258 3726 1289 3791 δὲ
1312 3725 1356 3789 τοὶ

173 3827 237 3893 όπδ.
264 3832 323 3890 τόν
357 3828 466 3905 γονέων
500 3838 571 3900 ταῖς
607 3829 834 3907 γαμουμέναις.
887 3828 977 3895 Idem
1010 3833 1045 3895 in
1077 3853 1109 3896 v.
1141 3828 1355 3895 ’Λνόεδνον

172 3931 270 4011 (male
299 3953 357 4016 pro
383 3932 547 4019 όνόεδνον);
572 3969 616 3984 -
639 3932 732 3998 ἕδνα
764 3935 810 4001 iel
834 3934 876 3998 τόν
899 3934 956 4014 πρό
978 3941 1036 3999 τῶν
1059 3934 1171 4013 γόμιον
1194 3942 1266 4006 ταῖς
1290 3957 1354 4012 γα·

171 4037 295 4113 μεῖσθαι
318 4039 508 4114 μελλούσαις
532 4038 618 4118 παροδ
641 4045 699 4103 τῶν
721 4038 878 4118 μννρςόρονν
899 4039 1040 4115 διδόμενα
1060 4039 1148 4117 δῶρα.
1173 4036 1222 4103 Of.
1241 4037 1352 4124 Βόγην.

171 4139 219 4205 Μ.
243 4162 275 4205 v.
297 4140 432 4207 Ἐδνατ
458 4142 500 4208 τοὶ
524 4144 580 4223 πρό
603 4148 656 4208 τοῦ
681 4142 788 4220 γόμον
812 4143 868 4209 ὑπό
887 4148 940 4209 τοῦ
962 4144 1094 4227 νυμφόον
1113 4142 1254 4220 διδόμενα
1276 4142 1353 4223 δῶρα

171 4252 210 4325 τῇ
235 4242 347 4327 νόμφρ.
374 4251 406 4311 et
428 4246 574 4313 liuststh.
599 4246 638 4312 sd
666 4246 778 4332 Odyss.
803 4251 841 4314 A.
867 4246 943 4314 277.
966 4269 1039 4334 pag.
1065 4245 1171 4324 1417,
1198 4246 1250 4313 12.
1275 4247 1301 4312 ο1
1320 4246 1352 4312 δὲ
