3388 5010
652 361 807 409 cocturam
829 361 865 407 m
890 362 1043 410 cuminis.
1375 346 1440 411 alu

251 527 406 614 spicatnr.
443 528 607 596 Praeceiso
627 529 695 596 XX.
717 534 736 596 d
759 550 821 596 non
836 529 994 599 intellexit
1007 532 1062 619 qui
1078 531 1183 601 Gnell.
1197 531 1349 619 scripsit,
1363 531 1438 598 inde

250 631 407 720 effingens
436 635 595 724 praecioso
628 635 773 723 (praec),
805 635 890 724 quod
922 638 1025 724 prima
1058 658 1185 726 qnoque
1209 636 1298 705 Laid.
1324 657 1440 704 manns

249 738 362 819 babet,
393 740 450 808 scd
481 741 548 808 Vll.
585 748 624 808 to
653 743 823 829 praeccidil
855 743 1026 830 vestigium
1060 742 1251 831 diphthongi
1276 745 1437 810 incertum

248 854 316 925 est,
346 847 433 935 quod
461 848 622 934 praecedit
650 848 682 913 in
717 849 810 916 Bern.
842 858 874 914 cl
904 848 982 916 Gen.
1010 869 1028 916 o
1055 848 1243 919 confusione
1268 849 1439 916 verborum

244 953 425 1039 praecidere
451 961 484 1022 ct
503 953 689 1040 praecedere
714 963 825 1022 natum
850 974 920 1022 asse
946 963 1060 1042 potest.
1111 954 1206 1021 libro
1230 954 1299 1021 XV.
1325 961 1344 1022 u
1370 976 1440 1021 mc-

247 1057 329 1124 iorei
350 1060 449 1146 spolio
472 1059 514 1127 lt.
541 1078 600 1148 pro
622 1061 741 1127 maiore
763 1062 796 1126 is
820 1062 931 1147 spatio.
970 1060 1033 1129 Sed
1054 1070 1125 1148 post
1144 1061 1224 1128 alios
1246 1059 1439 1136 Buecheler,

247 1160 301 1230 lat.
328 1164 447 1232 [leelin.
473 1186 504 1253 p.
529 1172 589 1232 cn:
614 1166 668 1232 lici
692 1165 752 1232 den
776 1165 1025 1255 Comparativcn
1045 1168 1088 1233 ist
1105 1168 1220 1233 maiori
1244 1166 1440 1253 heutzntage

246 1268 337 1335 nicht
362 1270 609 1339 nachauweisen
634 1291 692 1337 vor
721 1271 828 1338 Lucan
856 1272 919 1338 und
946 1272 1006 1340 deu
1033 1272 1185 1341 [liclrlern
1207 1271 1331 1340 welche
1351 1271 1436 1337 Pris-

245 1376 317 1442 cian
342 1382 361 1443 7
385 1381 402 1464 §
429 1382 472 1445 69
496 1386 616 1455 ncrrnt,
641 1375 725 1444 deon
750 1377 802 1444 die
827 1377 1128 1465 republicantscnen
1153 1377 1349 1445 luschriltcn
1371 1375 1436 1444 und

244 1479 302 1547 das
324 1483 552 1569 angustcisclre
576 1482 728 1550 Zeitaltev
749 1484 875 1552 konnen
897 1483 1047 1570 lediglich
1066 1486 1193 1562 maiore,
1210 1487 1337 1571 priore,·
1359 1481 1437 1548 aher

243 1585 318 1653 dass
342 1590 477 1656 maiorcd
499 1589 584 1657 anch
608 1610 648 1656 cu
671 1591 787 1656 mnori
810 1589 921 1669 ward,
946 1592 989 1657 ist
1013 1610 1054 1657 an
1079 1589 1149 1657 sich
1173 1588 1346 1677 glanhlich.
1371 1588 1435 1655 llos

243 1700 351 1760 tamon
377 1704 442 1762 tam
467 1698 592 1763 incerta
612 1697 807 1762 auctoritate
832 1715 894 1762 non
920 1695 1106 1763 credemus,

288 1797 427 1867 Omnino
451 1810 518 1869 tam
542 1802 637 1869 exilia
661 1801 740 1869 haec
763 1812 858 1877 sunt,
882 1809 919 1868 nt
942 1802 1003 1868 nisi
1024 1822 1062 1869 ex
1084 1802 1187 1889 ipsius
1207 1801 1324 1870 Lucilii
1344 1801 1437 1868 testi·

243 1907 350 1972 monio
373 1908 534 1975 sciremus
556 1908 715 1997 placuisse
739 1910 768 1975 ei
794 1909 828 1974 in
854 1908 977 1976 nonnin.
1003 1907 1087 1996 plur.
1107 1929 1153 1985 m,
1178 1928 1216 1975 ex
1235 1907 1327 1974 libris
1345 1906 1434 1975 llSS.

149 2068 154 2075 .
242 2030 306 2078 nou
329 2014 583 2101 suspicaremur.

286 2116 370 2198 Quin
395 2118 539 2187 Lucilius
564 2122 598 2186 in
622 2122 771 2206 genetivo
794 2134 824 2186 at
846 2120 1067 2208 usurpaverit,
1091 2139 1155 2186 non
1179 2118 1364 2194 dubitatum
1387 2118 1431 2187 cl.

240 2219 302 2289 inc.
331 2229 389 2299 12,
416 2224 472 2292 scd
496 2224 536 2293 dc
559 2226 697 2312 singulis
722 2227 799 2293 locis
825 2245 846 2292 a
868 2226 908 2292 ll.
933 2245 992 2313 ope
1013 2228 1154 2313 genetivi
1172 2225 1259 2291 illius
1270 2223 1433 2291 restitutis

239 2325 535 2413 dissentirelicet;
567 2352 641 2398 nam
670 2332 754 2420 quod
787 2331 841 2397 lv,
875 2337 917 2398 37
952 2330 1060 2398 dedite
1095 2332 1237 2399 »catulos
1265 2329 1432 2415 letumque

240 2432 375 2515 »levni”,
400 2435 492 2505 codd.
520 2442 621 2527 scrut,
651 2436 800 2526 displicet
823 2436 1026 2504 collectivum
1052 2441 1137 2526 [cruz
1168 2437 1238 2504 Vll.
1265 2440 1307 2503 ⁰23
1326 2435 1430 2524 »saci

237 2539 279 2605 cd
313 2540 437 2608 catulos
474 2543 627 2611 accedere
665 2543 830 2611 inultum”
868 2544 1057 2610 coniectura
1089 2546 1276 2611 restitutum
1308 2549 1357 2609 est
1388 2560 1428 2607 cv

236 2655 303 2712 rata
325 2647 382 2724 ad,
413 2656 450 2714 nt
473 2649 600 2717 litterae
623 2649 837 2737 [rescidisse
861 2657 1036 2736 putentur,
1061 2647 1117 2714 scd
1140 2646 1270 2715 lectioni
1293 2657 1362 2714 rato
1385 2645 1428 2712 cd

237 2749 314 2837 quid
339 2753 434 2820 obiici
456 2758 555 2841 possit
580 2776 643 2822 non
671 2754 778 2830 video;
801 2756 887 2821 rutci
909 2765 957 2822 cst
979 2756 1011 2821 in
1034 2754 1149 2841 lragrn.
1167 2752 1340 2823 admodum
1356 2771 1426 2817 cor·

237 2865 334 2944 rupto
364 2859 422 2927 lll.
457 2864 520 2942 27,
550 2863 583 2928 in
608 2882 672 2949 quo
695 2861 873 2929 secundum
900 2861 942 2931 lt.
967 2862 1158 2929 inmortales
1173 2859 1259 2927 cclix
1281 2867 1313 2925 ct
1336 2866 1426 2925 rutae

185 3032 189 3042 ,
236 2963 337 3030 caulis
357 2963 493 3034 deliciae
516 2966 693 3046 dicuntur,
717 2968 809 3054 qnasi
837 2986 913 3033 vcro
940 2967 1157 3034 incrustatum
1187 2964 1336 3053 poculum
1357 2981 1426 3029 cer·

236 3078 307 3137 tum
338 3070 467 3159 aliquod
492 3076 557 3141 vini
581 3095 685 3163 genus
707 3075 908 3142 continuerit
934 3071 989 3159 (cl.
1013 3073 1103 3139 doni.
1129 3072 1154 3138 l.
1187 3093 1217 3160 p.
1246 3073 1311 3160 18).
1361 3066 1424 3135 Sed

236 3196 298 3242 non
327 3177 460 3258 dulillo,
493 3183 570 3266 quin
604 3190 691 3249 recte
723 3180 893 3268 scripserit
918 3179 971 3247 lX.
997 3184 1039 3245 22
1061 3178 1141 3277 pilai
1165 3179 1200 3245 in
1222 3177 1282 3245 hoc
1307 3195 1421 3243 versu:

237 3283 436 3352 mollitiam.
461 3293 590 3354 tenucst
615 3309 625 3354 v
650 3287 725 3374 pilai
750 3307 813 3375 qna
839 3287 994 3355 ludimus.
1017 3281 1144 3373 pilcm''
1169 3295 1202 3351 ct
1225 3284 1316 3350 lovci
1339 3281 1422 3350 Xlll.
1555 3368 1568 3387 .

236 3393 295 3456 il:
317 3400 458 3478 »puncto
472 3413 535 3460 uno
555 3392 645 3461 horai
667 3394 861 3481 quicomquc
882 3394 1001 3460 invasit
1023 3393 1136 3459 ν-ν.”
1161 3390 1280 3460 Notalu
1299 3408 1427 3478 quoqne

235 3493 369 3582 dignum
393 3500 426 3563 ci
449 3499 481 3564 in
508 3519 605 3566 unam
630 3499 786 3589 syllabam
815 3498 984 3575 contrahi,
1008 3507 1040 3566 ct
1063 3498 1195 3566 elisione
1220 3498 1232 3563 i
1255 3499 1423 3572 amittere,

235 3602 326 3690 qnod.
348 3603 537 3683 Lucretius,
566 3626 630 3693 quo
661 3625 757 3674 nemo
790 3604 994 3692 frequentius
1028 3604 1081 3671 illa
1113 3604 1217 3671 lorma
1249 3621 1327 3671 usus
1358 3610 1426 3678 cst,

237 3729 298 3776 uon
320 3707 382 3791 sibi
408 3712 564 3799 permisit.
610 3712 652 3780 Et
677 3719 785 3780 lernen
810 3731 848 3779 eo
871 3712 995 3779 ducunt
1019 3711 1094 3778 libri
1119 3710 1174 3777 Xl.
1200 3715 1241 3776 lt

1000 3837 1063 3884 viar

326 3922 510 3990 sternendai
536 3924 718 3993 iaciendum
747 3925 808 3992 truc
833 3942 962 4011 agerem
986 3932 1019 3990 et
1042 3921 1074 3989 id
1099 3922 1195 4008 genn’
1220 3920 1322 3988 rudus
1414 4010 1418 4017 .

235 4027 290 4094 ubi
313 4027 407 4096 codd.
432 4032 496 4096 cim
518 4040 552 4098 el
575 4031 739 4099 sternendo
761 4039 810 4108 et,
832 4030 943 4098 codem
971 4049 1089 4117 genere
1117 4026 1337 4115 corruptelae,
1361 4047 1425 4114 quo

180 4219 190 4229 ἱ
235 4135 317 4200 siin
340 4156 357 4200 e
380 4145 409 4201 ct
432 4156 531 4224 supra
556 4139 697 4205 transire
719 4136 1027 4214 animadvertimus,
1052 4143 1085 4201 el
1108 4135 1171 4201 cici
1191 4135 1287 4205 XXX.
1306 4139 1365 4213 65,
1385 4156 1425 4203 ex

235 4240 330 4307 nicet.
379 4241 492 4328 ltaque
526 4254 612 4312 reete
644 4244 734 4309 dorni
765 4242 873 4333 disyll.
896 4242 1084 4309 restitutum
1109 4262 1148 4309 ex
1172 4241 1263 4309 codd.
1288 4241 1424 4309 lectione

235 4344 312 4413 lcrc
345 4345 416 4415 XX.
443 4354 501 4427 13,
528 4360 563 4417 nt
585 4348 669 4438 apud
695 4349 883 4419 Lucretium
910 4368 1010 4437 paene
1033 4368 1161 4436 semper
1181 4349 1214 4415 io
1238 4347 1373 4435 oblongo
1393 4356 1426 4414 el

165 4496 171 4503 .
234 4450 394 4538 quadrato
424 4458 594 4541 genetivus
625 4456 679 4525 ille
710 4463 886 4544 corruptus
915 4463 982 4534 est;
1011 4463 1043 4524 et
1072 4454 1209 4525 fortasse
1235 4455 1337 4526 XXX.
1362 4459 1426 4536 68,
