3388 5010
259 312 323 377 aut
655 316 809 370 tuoruum
834 321 869 369 nr
892 319 1048 370 tumturn.

259 518 298 567 eo
327 492 658 571 commendationem,
684 490 769 580 quod
799 489 958 559 delatores
990 490 1132 580 (indices)
1164 487 1288 559 laniunt
1317 486 1385 555 lere
1413 494 1449 553 ιιι

259 623 358 672 carisa
388 601 461 688 quis
492 600 603 677 eadat,
628 619 689 665 non
715 606 751 664 ut
772 596 887 665 evadat
910 617 950 665 ex
974 595 1095 664 iudioio
1116 595 1273 684 superior.
1321 595 1362 660 dt
1381 611 1450 659 non

259 707 423 795 reputavit
446 706 518 784 ille,
542 725 628 772 nune
653 725 715 771 non
741 711 829 771 reete
852 704 957 791 sequi:
984 712 1039 770 »et
1062 703 1202 769 domnoli
1224 699 1279 767 alil
1298 697 1449 767 omnes.''

258 812 322 883 sed
355 813 486 879 omnino
515 833 577 878 nou
606 811 703 877 indeo
726 809 782 877 sed
806 810 903 877 iudea
927 809 1145 877 scribendum.
1194 806 1331 894 loquum
1352 806 1450 873 etiam

259 918 447 1001 Qniolrerat.
503 918 551 984 dd
587 935 782 1005 praenomen
819 918 1033 1005 postpositum
1074 913 1115 982 ol.
1155 921 1284 1002 praeter
1321 910 1452 978 laudata

258 1024 375 1093 catull.
401 1030 455 1092 10.
477 1030 539 1093 50:
568 1024 687 1089 »Cinna
712 1030 762 1089 est
786 1022 904 1101 (laius,
931 1023 958 1089 is
978 1021 1041 1088 siti
1061 1021 1225 1109 paravit.’'
1266 1016 1451 1086 Weissenln

260 1130 300 1198 ad
330 1132 397 1198 llo.
423 1130 449 1197 l.
474 1136 538 1209 56,
564 1128 621 1196 Cio
646 1148 704 1217 pro
727 1128 791 1195 ldil.
818 1134 851 1197 3.
901 1128 938 1195 ln
962 1137 991 1195 et
1016 1125 1097 1194 nihil
1120 1136 1170 1195 est
1190 1123 1275 1214 quod
1295 1121 1453 1199 offendat,

260 1236 412 1304 ellectum
435 1235 597 1321 signifieat
619 1257 661 1290 =
685 1233 873 1321 »proinde'',
906 1235 1063 1321 ugitur’t
1088 1252 1192 1320 neque
1204 1228 1360 1319 exemplis
1371 1227 1453 1296 indi·

259 1363 376 1427 gemus
400 1361 437 1409 ex
467 1343 593 1410 'l'aoitoz
620 1351 773 1408 »senatus
797 1340 981 1408 consultum
1006 1349 1100 1407 atrox
1121 1349 1155 1406 et
1177 1337 1345 1417 irritnm’',
1370 1334 1454 1403 aliis.

262 1448 301 1515 lit
335 1447 488 1534 quoniam
520 1445 679 1534 quomodo
711 1466 823 1515 versus
855 1445 1055 1534 penultimus
1085 1443 1276 1513 emendetur
1299 1463 1319 1510 a
1343 1449 1454 1509 nostro

264 1554 385 1621 indicio
410 1552 546 1643 pendet,
573 1552 773 1621 scribamus:

856 1657 942 1726 huno
967 1658 1085 1727 Tulliu’
1108 1678 1242 1745 aequom

447 1765 544 1834 iudea
568 1765 720 1833 heredem
746 1762 824 1831 laoit
846 1773 878 1832 et
901 1763 1045 1832 damnati
1070 1763 1125 1830 alii
1149 1781 1273 1831 omnes.

240 1932 243 1939 ⁴
309 1879 436 1960 Anceps
460 1871 619 1939 iudicium
644 1879 694 1938 est
717 1871 756 1937 de
780 1869 991 1938 emendandis
1014 1871 1129 1959 primis
1153 1869 1260 1938 uerbis
1280 1869 1315 1933 in
1335 1864 1377 1936 lu.
1402 1869 1453 1932 ta.

265 1980 287 2047 Ι.
315 1981 358 2047 xt
384 1979 427 2067 (v.
454 1981 512 2062 26)
1009 2053 1012 2063 1

425 2082 497 2149 lrioe
520 2083 672 2150 strieosu'
697 2082 928 2170 bovinatorque
948 2102 1007 2151 ,ore
1031 2082 1192 2172 improlu'
1216 2080 1309 2151 duro.

312 2188 366 2255 Sie
398 2187 519 2257 Gellius
551 2188 605 2256 Xl.
638 2194 670 2256 7.
702 2192 754 2266 9.;
789 2188 882 2256 Nonii
914 2188 990 2256 libri
1014 2211 1045 2278 p.
1070 2194 1124 2257 79.
1148 2194 1191 2257 dli
1217 2187 1328 2277 (etiam
1355 2184 1455 2273 Harl.)

266 2293 318 2362 lio
350 2295 531 2373 sitrieouu,
562 2314 662 2381 quare
693 2295 845 2381 alriposus
878 2297 1073 2364 auctoritate
1103 2293 1369 2372 commendatur,
1402 2292 1456 2357 tri·

265 2423 354 2468 coarto
384 2400 424 2468 ad
456 2401 649 2468 sententiam
683 2403 777 2469 uulee
808 2410 918 2489 aptum
951 2411 1019 2484 est3
1053 2401 1095 2469 ei.
1130 2401 1454 2468 mantuensem:

267 2507 331 2573 null
366 2506 410 2572 mi
444 2515 539 2595 opust
570 2505 682 2574 litiltus
711 2526 815 2594 neque
839 2508 965 2575 tricis”.
1013 2506 1111 2575 Paulo
1134 2516 1209 2574 ante
1234 2506 1379 2573 »trienne
1402 2524 1457 2571 ra·

265 2610 364 2679 dato''
397 2612 451 2679 xl.
484 2617 537 2680 aa.
585 2613 765 2700 Strt'poms,
797 2614 1008 2691 macilentus,
1038 2613 1117 2701 quid
1147 2631 1319 2680 commune
1341 2609 1457 2678 lrabeat

265 2740 341 2788 uum
369 2718 555 2785 lrorinatore
580 2739 643 2784 non
667 2729 810 2808 apparet.
858 2719 968 2809 Colore
991 2720 1149 2786 orationis
1176 2720 1300 2806 requiri
1325 2714 1455 2804 aliquod

267 2827 388 2912 ingenii
416 2827 530 2891 vllium
558 2824 765 2893 manifestum
789 2835 849 2893 est.
896 2825 944 2892 Ex
965 2825 1073 2893 littera
1093 2845 1112 2891 o
1132 2825 1165 2891 in
1187 2825 1335 2891 atrienses
1353 2821 1458 2891 efficio

268 2951 331 2998 non
354 2932 507 3016 striposus
530 2929 570 2997 alt
595 2931 687 2998 initio
711 2931 831 3009 inisse,
857 2951 931 2999 nam
952 2932 1100 2999 striomus
1121 2950 1281 3018 nusquam
1302 2937 1457 2998 testatum

266 3046 326 3104 est.
375 3035 496 3103 Contra
526 3037 567 3102 ll.
599 3037 673 3105 inde
700 3037 818 3118 efficit,
844 3037 980 3105 formam
1005 3038 1166 3107 exstitisse
1190 3037 1347 3104 strieoms.
1396 3034 1458 3104 Sed

270 3153 397 3231 praeter
427 3143 621 3210 seutentiam
654 3145 752 3212 etiam
782 3145 886 3212 laoilis
917 3145 1113 3233 permutatio
1136 3142 1319 3211 litlemrum
1344 3162 1362 3208 e
1384 3151 1460 3209 ets

270 3268 344 3315 eum
372 3245 500 3314 relellit.
527 3246 647 3315 Serio:
673 3250 747 3318 »hie
771 3251 943 3318 tricosus'’.

314 3354 403 3420 Xlll.
432 3357 460 3419 1.
481 3353 561 3424 Non.
588 3359 666 3423 tut.
694 3362 730 3423 ιε
759 3377 912 3424 »eernere
936 3377 1050 3423 rursus
1074 3356 1255 3444 disponere.
1295 3356 1372 3425 Lno.
1392 3355 1460 3426 Sal.

268 3458 324 3528 tit.
352 3460 393 3528 V:
420 3470 588 3549 postquam
614 3463 811 3551 praesidium
836 3465 953 3531 eastris
976 3463 1113 3531 educere
1133 3465 1246 3530 erevit.
1294 3462 1382 3530 lderu
1404 3462 1459 3530 lit.

269 3565 359 3635 Xlll:
384 3566 515 3635 aeribus
539 3571 624 3635 inter
648 3589 682 3636 se
706 3590 780 3637 curu
806 3570 908 3636 armis
931 3568 1104 3657 eoulligere
1127 3571 1268 3637 eernil.”

318 3674 376 3740 Vix
411 3673 506 3741 terlio
531 3674 654 3762 indiget
679 3675 778 3742 »alios
802 3674 975 3763 confligere
998 3677 1130 3743 cerno”-
1144 3696 1201 3763 pro
1224 3696 1262 3743 eo
1285 3674 1371 3763 quod
1395 3685 1459 3744 est:

271 3781 364 3846 ‚aliis
394 3778 632 3868 eortlllgendum
669 3802 739 3848 esse
769 3781 907 3849 decerno
931 3780 1095 3870 (oense0)’'
1117 3801 1136 3847 a
1160 3780 1283 3848 Luoilio
1307 3780 1372 3849 diei
1398 3802 1459 3848 non
1579 3768 1584 3793 '

271 3888 426 3975 poluisse.
461 3886 645 3974 legendum
666 3898 715 3954 est
735 3898 873 3955 amount.
912 3886 1007 3963 Clam,
1026 3885 1109 3974 quod
1132 3887 1170 3951 ll.
1186 3909 1228 3949 =
1247 3907 1344 3973 quom
1362 3888 1461 3955 inter·

273 4002 437 4081 pretatur,
465 3992 505 4060 ad
537 4003 676 4061 metrum
704 3993 901 4062 fulciendum
926 3993 965 4060 alt
990 3993 1140 4080 imperito
1164 3992 1296 4060 librario
1321 3994 1460 4081 interpo

273 4101 372 4166 situm
398 4108 455 4165 aut
479 4120 518 4167 ex
539 4101 804 4188 interpretatione
823 4122 928 4168 aerum
949 4109 1061 4166 nalum
1083 4108 1161 4186 puto
1182 4119 1256 4167 curn
1279 4099 1461 4167 teraleotlo

274 4206 455 4273 oblitterata
480 4216 585 4274 esst-t:

318 4311 449 4378 aeribus
473 4313 557 4381 inter
577 4334 646 4381 sem
663 4314 766 4383 armis
785 4314 959 4400 eondigere
980 4321 1118 4381 cernunt
1138 4312 1173 4403 (i.
1186 4333 1214 4382 e.
1228 4312 1460 4403 constituunt.)

318 4417 398 4488 Nou.
425 4423 522 4487 »398.
547 4423 610 4487 “lta
635 4418 780 4489 Samium
805 4429 853 4490 est
876 4430 1026 4488 testeum.
1052 4419 1130 4489 luo.
1152 4421 1220 4490 Sat.
1242 4420 1296 4490 tit.
1321 4421 1408 4489 Xlll:
1428 4429 1478 4490 et.
