3242 5014
663 366 834 416 seusana.
1277 348 1341 423 173

156 558 219 604 non
242 535 390 612 cadebat]
414 536 452 598 ut
474 539 535 597 tum
557 531 685 617 quidem
707 533 808 621 vulgo
828 533 1046 617 opinabantur.
1082 533 1118 599 In
1138 535 1344 620 simplicitate

153 643 289 725 antiqua
311 641 382 725 quis
404 637 533 703 taudem
557 639 592 702 in
615 636 674 702 tali
696 659 730 703 re
753 634 950 703 offendisset?

201 744 311 811 Unum
334 765 372 809 ex
395 742 495 809 Iliade
517 742 624 809 locum
649 742 774 808 addam.
820 742 956 830 Legitur
973 750 1014 805 T.
1038 739 1115 807 218.

292 848 428 929 κρείοοον
450 846 495 922 οἷς
519 848 624 926 ἕμίίεν
648 847 701 912 καί
724 847 868 930 φέρτερος
891 849 944 912 οὖν
968 845 1073 925 ίλίγον
1094 869 1152 927 περ

292 951 404 1032 ἔγχει,
428 954 490 1031 ἐγὼ
514 951 547 1017 δέ
570 975 605 1017 κε
628 959 690 1019 τοῖο
714 950 846 1029 νοήματί
868 975 907 1029 γε
931 951 1147 1031 προβαλοίμην

292 1056 419 1135 πολλόν,
444 1056 511 1123 ἐπεί
535 1056 676 1139 πρίτερος
699 1055 833 1135 γενόμην
856 1056 909 1121 καί
934 1056 1063 1122 πλείονα
1086 1052 1169 1122 οἶδα.

154 1161 289 1228 laudans
310 1163 395 1227 huuc
416 1183 544 1229 versum
562 1161 718 1228 Aristides
736 1161 803 1242 περὶ
824 1164 877 1225 τοῦ
897 1160 1170 1242 παραφίίγμοοτος
1190 1161 1285 1228 Tom:
1300 1162 1340 1228 Π.

155 1290 229 1357 pag.
242 1252 331 1332 ⁵499.
355 1267 450 1333 Dind.
478 1266 585 1332 addit:
616 1268 642 1332 οί
665 1269 783 1348 Φαῦλον
805 1271 865 1331 τῶν
887 1271 1117 1346 γραμματντῶν
1138 1266 1341 1346 λυμαίνονται

155 1375 198 1455 τῷ
230 1371 316 1448 ἕπεο,
349 1364 376 1438 oi
403 1371 438 1437 τί
462 1378 650 1439 ΠΟΛΛΟΝ
672 1371 858 1438 ἀπολύουσιν
881 1370 944 1436 οξτο
967 1376 1021 1436 τοῦ
1045 1371 1204 1453 προτέρου,
1229 1370 1341 1451 ἄγονον

91 1498 95 1515 ·
155 1479 183 1544 δ’
207 1478 258 1543 ἐπί
282 1479 325 1543 τοὶ
349 1474 433 1552 ἑένῖο,
465 1473 503 1542 ὧν
537 1477 662 1556 ἡγεῖται
687 1476 773 1541 κατὰ
794 1477 850 1552 την
872 1479 926 1541 τοῦ
948 1475 1039 1547 ἔπους
1062 1477 1173 1557 οίρχνὶν.
1219 1476 1341 1543 Eadem

156 1604 206 1648 res
234 1581 348 1648 multis
377 1586 645 1647 commemoratur
665 1582 700 1646 in
723 1579 878 1647 Scholiis:
914 1580 1076 1659 ίαυματία
1100 1581 1152 1646 καὶ
1176 1580 1340 1659 διαβόητος

157 1692 175 1764 ἦ
199 1689 300 1767 ςογμη
317 1689 335 1762 η
355 1687 398 1759 είς
420 1684 456 1750 τί
478 1684 766 1766 προβαλοίμην
788 1686 841 1750 καί
864 1684 1055 1769 οέναφίρετοον
1080 1686 1122 1759 εἷς
1146 1687 1339 1767 Ἀροςοκλέα.

156 1794 241 1875 Quid
263 1792 393 1858 tandem
414 1794 574 1876 permovit
596 1789 787 1856 Aristoclem
808 1796 847 1856 nt
865 1796 934 1856 tam
952 1796 1094 1856 coactam
1113 1797 1146 1856 et
1162 1798 1340 1857 contortam

154 1899 324 1965 verborum
344 1898 605 1982 compositionem
620 1894 760 1960 naturali
779 1915 815 1960 ac
826 1894 966 1979 simplici
977 1892 1198 1980 anteponeret?
1214 1896 1339 1983 Nempe

154 2007 359 2069 ’ΛΠΡΕΠΕΟ
388 2001 471 2093 δοκεῖ
496 2000 580 2080 αὐτῷ
612 1997 648 2063 τὸ
682 1997 835 2064 πολλίν
862 2007 926 2070 τοῖς
958 1999 1135 2078 ἡγουμένους
1159 1999 1337 2076 ουνοίπτονν,

155 2112 340 2194 poteratque
369 2127 406 2171 ea
433 2125 484 2170 res
509 2102 631 2169 Achilli
652 2103 818 2189 displicere
839 2110 896 2169 aut
917 2104 1017 2169 bilem
1038 2124 1176 2170 movere.
1224 2103 1338 2171 Gram-

155 2215 347 2278 maticorum
366 2209 574 2276 debramenta
590 2208 669 2274 haec
688 2214 763 2274 sunt
781 2228 817 2274 eo
837 2211 1058 2294 turpioraque
1077 2208 1222 2294 pluribus
1233 2231 1338 2275 erem-

151 2316 215 2403 plis
235 2317 398 2382 constabat
416 2314 486 2388 τοὺς
507 2312 602 2394 ἥρωας
621 2315 655 2377 in
675 2319 776 2379 semet
793 2315 871 2397 ipsis
888 2313 1055 2378 laudandis
1072 2320 1221 2378 naturam
1231 2315 1337 2400 magis

152 2427 275 2489 secutos
298 2443 395 2508 qoam
418 2418 584 2486 artificiose
607 2418 793 2484 simulatam
816 2417 1016 2483 modestiam.

197 2527 346 2593 Scholion
376 2524 416 2590 ad
447 2522 559 2609 Odyss.
587 2508 623 2587 ⁴1’.
657 2520 733 2587 aot.
765 2525 812 2585 ita
841 2522 1115 2587 constituendum:
1150 2525 1253 2602 χρεῖός
1283 2546 1336 2601 μον

151 2633 323 2715 ὀφέλλεται
347 2630 411 2696 οὔτι
435 2628 497 2693 νέον
517 2650 557 2705 γε
580 2627 642 2692 οὐδ’
661 2626 782 2704 ὀλίγοντ
814 2634 999 2692 AlcxuoN
1027 2626 1092 2706 γοὶρ
1111 2626 1147 2691 τί
1168 2628 1265 2694 δοκεῖν
1284 2627 1336 2691 ieci

151 2737 260 2819 βραχὺ
284 2734 425 2815 οίργύροον
447 2728 731 2804 οίποολλοίττετίαν.
764 2732 885 2795 mirum
907 2732 942 2794 ni
964 2730 1133 2810 ἀργυρίδιον
1156 2733 1334 2817 scripserit,

152 2848 189 2908 ut
210 2848 259 2908 est
281 2845 349 2907 tota
371 2836 645 2906 observatiuncula
666 2837 795 2908 εὐτελὴς
820 2834 871 2898 καί
897 2834 1062 2913 νευτερονυί.

196 2945 309 3033 Odyss.
335 2954 373 3010 H.
398 2941 475 3010 238.
506 2941 554 3013 τίς
584 2964 629 3005 τον
651 2938 728 3004 τάδε
750 2937 856 3016 εἵματ’
879 2938 1005 3015 ἔδυνενς
1037 2943 1223 3005 annotatur:
1255 2938 1339 3005 δοκεῖ

150 3074 211 3116 τοτε
242 3046 521 3130 μονροτρεπὶς
551 3045 604 3110 καί
635 3045 834 3110 ταπεινὸν
863 3041 899 3107 τί
929 3044 984 3117 την
1015 3043 1148 3123 Ἀρήτην
1171 3043 1259 3125 παροὶ
1281 3048 1335 3110 τοῦ

150 3153 234 3233 ξένου
257 3161 370 3235 πρῶτον
393 3153 460 3233 περὶ
484 3158 540 3225 τῆς
564 3150 685 3224 dedices
710 3147 922 3214 πυνίοίνεοίοον.

197 3259 282 3340 Quid
312 3264 420 3325 contra
447 3262 578 3323 naturae
608 3256 834 3343 cougroentios
856 3256 922 3332 est,
951 3253 1028 3338 quid
1048 3258 1267 3320 matronarum
1289 3255 1336 3319 in·

152 3367 246 3453 genio
270 3359 527 3431 convenientius?
557 3360 682 3449 Regina
703 3362 846 3448 Aegypti
868 3365 901 3424 et
923 3357 1089 3444 opulentae
1111 3359 1336 3426 Alexandrino-

151 3491 225 3534 rum
247 3489 360 3535 uxores
379 3467 458 3534 talia
475 3487 537 3532 non
556 3466 724 3531 curabant:
749 3463 841 3529 facile
860 3464 968 3540 credo,
993 3463 1048 3528 sed
1067 3464 1144 3549 quid
1159 3463 1199 3529 ad
1218 3463 1336 3529 Home

150 3570 245 3638 rum?
291 3571 505 3653 Μννροτρεπίς
548 3577 580 3634 et
621 3567 766 3635 τατεννίν
806 3567 961 3633 vocabula
1003 3574 1077 3633 eunt
1118 3568 1336 3654 arrogantium

150 3676 337 3742 aulicorum.
709 3667 713 3675 ’

195 3779 307 3867 Odyss.
333 3790 371 3847 Η.
396 3780 472 3847 311.

263 3887 289 3951 εί
313 3886 397 3967 γοίρ,
423 3889 483 3950 Ζεῦ
508 3909 544 3951 το
567 3882 666 3965 ποίτορ
689 3883 741 3950 καί
764 3882 911 3959 Ἀθηναίη
936 3882 988 3947 ναί
1009 3881 1188 3960 Ἄπολλον,

262 3999 342 4064 τοῖος
366 3990 420 4056 ἐὼν
442 3986 501 4065 cide
526 3991 609 4066 ἐστι,
631 3988 674 4055 τοί
696 4013 731 4053 τε
755 3987 885 4067 Φρυνίων
907 3990 946 4060 ὥς
971 3987 1032 4064 ἐγώ
1055 4010 1135 4067 περ,

264 4096 365 4164 παῖδά
388 4099 418 4160 τ’
441 4097 517 4175 ἐμὴν
540 4092 656 4176 ίχίμεν
678 4093 730 4159 καί
754 4093 826 4171 ἐμὸς
850 4092 997 4172 γαμβρὸς
1020 4090 1199 4157 ναλὲετίαν.

150 4203 220 4275 τοὺς
244 4199 280 4278 ἓξ
304 4199 509 4289 (all-316)
535 4199 719 4281 Ἀρίςοορχος
748 4196 865 4280 δοςοίζεν
896 4199 1031 4278 Όμηρον
1061 4191 1148 4261 εἶναι.
1177 4198 1203 4262 εί
1227 4195 1258 4262 ii
1282 4199 1334 4262 καί

149 4306 307 4388 Ὁμηρικοὶ
343 4307 389 4392 (id
419 4312 467 4372 est
498 4306 614 4371 etiami
627 4307 736 4391 formo
757 4311 786 4370 et
807 4305 905 4369 οοοόίο
924 4303 1037 4368 τίοοοίοε
1058 4309 1128 4366 ruat
1149 4303 1334 4382 Hemesa,

150 4412 266 4477 etiomci
294 4434 429 4476 οοοοοονονο
459 4411 681 4477 Homericam
710 4410 832 4493 spectem
853 4411 1006 4495 referam
1030 4405 1150 4479 οἷαίτονο
1176 4407 1227 4497 (ἂν
1250 4409 1336 4497 add.)
