3296 5022
594 364 792 413 muracraura
816 363 932 411 mutua.
1293 345 1358 409 405

216 526 348 595 ‚litem
370 528 475 618 impie
498 528 660 616 siqnibeat
684 529 777 597 mede
803 548 934 597 uxorem
960 528 1115 597 maritum
1139 527 1234 596 medo
1258 529 1359 597 mari·

168 636 242 699 tum
274 651 404 701 uxerem
435 633 618 721 obiurgare.
668 635 870 722 Quapropter
901 634 971 700 iure
994 640 1144 719 expectes
1167 634 1200 700 iu
1224 653 1360 721 sequeu-

169 734 260 803 tibus
282 736 424 824 aliquam
447 748 535 806 certe
556 741 728 807 memorari
750 738 926 826 prolectam
945 757 964 804 a
984 738 1104 806 marite
1123 738 1234 806 uxoris
1251 737 1358 807 abiar·

169 841 346 925 gailonem.
393 842 457 911 Sed
481 852 593 911 contra
616 856 677 913 est.
725 844 809 912 Audi
835 842 943 910 mede:

195 940 201 946 ’
309 956 377 1014 tum
403 950 512 1034 gravis
536 948 587 1015 illa
614 950 682 1016 vire
705 958 784 1017 tuuc
807 951 885 1017 orba
910 946 1028 1036 tigride
1050 950 1157 1036 peior,

307 1070 381 1119 curu
407 1053 540 1121 simulat
563 1057 719 1140 gemitus,
744 1054 862 1121 occulti
888 1055 1017 1121 muscia
1041 1051 1117 1119 iacti

307 1165 364 1225 aut
387 1157 455 1225 edit
477 1178 594 1245 pueros
617 1168 675 1226 aut
698 1158 772 1226 fleta
797 1157 909 1245 pellice
934 1159 1039 1246 plorat

307 1261 461 1331 uberibus
482 1282 611 1352 semper
634 1263 778 1331 lacrimis
801 1283 993 1351 semperque
1017 1266 1139 1351 paratis

308 1369 342 1434 in
365 1369 503 1436 statione
526 1388 584 1436 sua
608 1377 706 1455 atque
726 1367 989 1456 exspectantibus
1011 1367 1110 1447 illam,

307 1492 371 1557 quc
396 1473 503 1540 iubeat
527 1492 659 1540 manare
684 1472 792 1540 modo:
820 1483 855 1540 tu
875 1472 983 1541 credis
1007 1492 1172 1551 amorem,

307 1586 343 1643 tu
367 1576 425 1644 tibi
450 1584 527 1644 tunc
554 1577 656 1645 Uruca
681 1576 786 1665 places
812 1577 987 1664 letumque
1012 1577 1135 1647 labellis

306 1681 440 1748 exorbes
463 1690 540 1749 cett.

217 1788 286 1870 Qua
316 1785 356 1854 de
389 1806 489 1855 causa
519 1788 629 1854 nescio
667 1806 707 1853 an
742 1786 858 1854 leuiter
889 1786 1116 1874 corrigendum
1149 1789 1207 1854 sit:
1239 1808 1360 1875 semper

170 1892 266 1960 habet
289 1892 363 1959 lites
385 1902 573 1979 cumque
598 1892 704 1977 iurgia
726 1891 841 1984 lectus.

576 1994 700 2063 ibidem
725 2017 772 2064 rs.
797 2002 862 2065 aba
887 2017 951 2084 sq.:

500 2101 653 2187 quoniam
677 2100 808 2189 Delphis
831 2102 961 2169 oracula
985 2111 1134 2179 cessant,

397 2214 430 2273 et
452 2224 555 2292 genus
577 2203 758 2273 humanum
781 2226 902 2275 resurr
926 2207 1031 2293 caligo
1055 2205 1157 2273 laturi

216 2310 438 2380 lleiuricbius:
465 2310 621 2396 mblipct.
646 2330 705 2377 aus
724 2310 782 2377 der
798 2311 1010 2398 juristisebeu
1027 2310 1182 2399 Spracbe.
1219 2311 1268 2378 ln
1287 2312 1361 2378 eine

172 2415 382 2503 ‚corruption
414 2416 457 2482 ist
488 2414 579 2481 uicbt
610 2435 651 2481 zu
683 2415 845 2483 deuleu.”
898 2418 938 2482 lt
971 2416 1173 2484 scirerelim
1198 2414 1361 2502 adquam

171 2540 239 2589 rem
263 2520 367 2607 caliga
396 2518 499 2588 luituri
531 2538 633 2606 genus
665 2519 845 2588 humanum
877 2521 1006 2608 obliget.
1056 2520 1239 2607 Numquam
1272 2523 1361 2588 enim

170 2627 321 2694 demeare
344 2635 393 2693 ast
424 2626 543 2714 laquea,
576 2624 712 2704 uincire,
738 2635 851 2692 tenere.
899 2625 932 2692 Si
957 2625 1037 2692 nibil
1061 2645 1080 2691 a
1105 2625 1221 2692 scribis
1246 2645 1361 2712 pecua·

172 2739 242 2799 tum
265 2739 334 2808 est,
357 2730 486 2797 demeat
507 2730 540 2796 b.
562 2727 582 2793 Ι.
607 2728 833 2815 explicandum
859 2729 987 2796 videtur
1010 2730 1128 2808 laedit,
1153 2730 1266 2794 damea
1293 2729 1360 2817 affl·

170 2837 225 2914 cit,
236 2855 334 2923 quam
347 2837 412 2902 rim
427 2834 560 2902 verbum
573 2832 690 2903 babere
703 2842 837 2920 putatur
848 2835 934 2922 apud
948 2835 1097 2903 Plautum
1112 2835 1361 2913 Trinummlv,

175 2948 206 3018 1.
222 2948 263 3009 10
276 2924 478 3029 pauperibus*
485 2947 516 3006 te
529 2956 660 3026 parcere
673 2939 803 3006 solitum
818 2938 935 3006 diuites
947 2940 1097 3007 domuere
1109 2948 1207 3026 atque
1218 2937 1362 3006 domare.

173 3045 236 3115 Sed
254 3046 348 3132 longe
367 3047 435 3112 reri
456 3044 596 3111 similius
611 3063 681 3111 esse
704 3044 845 3113 arbitrer
861 3054 987 3132 poetam
1007 3047 1195 3132 scripsisset

376 3159 524 3236 elgerus
544 3148 721 3216 bumauum
746 3171 897 3218 casurum
921 3150 1024 3238 caligo
1047 3151 1161 3220 luturi.

558 3253 680 3322 lbidem
713 3276 776 3324 uss.
802 3261 868 3324 aab
890 3277 973 3343 sqq:

310 3359 451 3447 disperiit
474 3360 619 3439 crinem,
642 3360 792 3429 laceratis
816 3363 883 3448 ipsa
909 3361 1032 3448 capillis

310 3465 398 3532 nudo
422 3484 534 3532 umere
557 3466 673 3534 Psecas
698 3466 808 3534 iuielix
834 3463 995 3553 nudisque
1018 3467 1173 3534 marcidis

310 3570 425 3638 »altior
448 3570 502 3637 bic
524 3591 626 3656 quare
648 3572 866 3639 cincinnusi''
893 3582 1004 3639 laurea
1029 3571 1122 3658 punit

309 3677 464 3742 continue
490 3675 563 3742 llari
589 3679 711 3744 crimen
737 3676 927 3764 facinusque
950 3677 1068 3764 capilli.

310 3780 394 3861 Quid
418 3780 533 3848 Psecas
555 3780 707 3849 admisit?
732 3802 890 3868 quaenam
917 3782 1041 3850 estate
1065 3780 1159 3868 culpa
1180 3779 1324 3869 puellae,

312 3887 339 3951 si
363 3885 422 3951 tibi
445 3886 611 3974 displicuit
636 3906 735 3953 nasus
758 3887 855 3954 tuus?
881 3886 982 3954 altera
1007 3888 1130 3953 laeuum

309 3990 455 4058 extendit
478 3993 641 4079 pectitque
664 4010 773 4058 comas
796 4001 828 4059 et
852 3992 948 4058 volvit
973 3992 1006 4058 iu
1030 3990 1151 4059 urbem.

220 4096 305 4178 Quid
329 4096 388 4163 sibi
419 4097 450 4162 b.
472 4097 492 4163 l.
526 4096 602 4164 velit
633 4098 754 4163 laeuum
788 4116 906 4184 neque,
923 4116 982 4183 ege
1007 4094 1157 4183 intellego
1180 4115 1283 4183 neque
1306 4094 1364 4164 alii

176 4201 256 4270 mibi
279 4200 463 4288 expediunt.
512 4202 671 4268 luvenalis
695 4201 845 4288 scripsit,
871 4201 1000 4288 siquid
1025 4200 1133 4268 video:

434 4381 445 4389 ,
867 4307 967 4374 altera
992 4308 1093 4375 laeuas

357 4412 499 4480 extendit
524 4416 685 4501 pectitque
709 4437 810 4481 cerras
836 4425 868 4482 et
893 4415 990 4481 uclrit
1015 4415 1047 4481 iu
1069 4413 1176 4501 urbem
