3388 5010
284 333 349 396 238
680 340 836 401 cocturam
860 356 895 402 rr
921 356 1074 405 acernum.

284 543 337 589 sau
351 523 375 612 ¹)
401 520 633 603 insectatione,
664 541 715 589 me
745 522 929 613 imperitum
956 527 1110 593 metricae
1133 526 1215 592 artis
1239 535 1271 592 et
1297 528 1476 597 vetustissi-

285 648 356 695 mae
381 628 485 716 poesis
508 626 641 695 Latinae
664 630 779 702 iactam
813 629 928 697 deinde
963 634 1204 700 excusationem
1236 633 1398 719 quandam
1424 655 1476 703 se·

260 721 431 802 'veritatis
454 732 560 809 addim
585 754 646 801 non
667 734 852 802 mirandum
874 757 944 803 esse
964 739 992 804 si
1012 741 1086 825 quis
1106 748 1196 805 extra
1220 736 1299 804 lines
1319 741 1475 808 materiae

284 839 383 908 semel
407 849 575 925 susceptae
598 840 802 926 egrediatur,
826 861 900 908 eum
927 841 1000 910 lairi.
1049 844 1116 931 Ego
1142 851 1177 910 ut
1201 843 1289 910 illam
1314 845 1474 933 vitupera·

285 948 419 1022 tionem,
444 946 488 1010 ita
512 944 595 1039 hanc
610 946 722 1027 ‚fictam
748 946 1001 1015 benevolentiam
1019 948 1185 1036 deprecor.
1210 948 1367 1037 Equidem
1381 970 1474 1018 num·

283 1072 380 1140 quam
406 1051 446 1117 ll.
471 1051 648 1117 amicitiam
670 1062 727 1118 aut
748 1051 944 1140 praesidium
966 1064 1146 1142 aucupatus
1166 1075 1238 1121 sunu
1252 1054 1291 1143 ¹).
1316 1055 1472 1124 Noveram

282 1178 321 1226 cx
355 1158 437 1224 libro
466 1156 506 1223 de
537 1176 571 1222 re
604 1159 739 1224 metrica
764 1156 925 1226 hominem
950 1179 1020 1227 esse
1043 1159 1195 1240 doctum,
1220 1159 1275 1227 sed
1299 1181 1415 1248 parum
1440 1163 1473 1228 in

283 1263 454 1331 scribendo
476 1260 656 1347 elegantem
681 1272 714 1330 et
737 1264 806 1330 suis
830 1265 970 1331 inventis
994 1265 1131 1332 mirifice
1155 1265 1352 1334 exultantem
1376 1277 1409 1334 et
1433 1267 1472 1335 ad

283 1367 453 1457 opprobria
486 1367 678 1455 proclivem,
710 1368 847 1436 subinde
881 1370 1016 1439 ridicule
1048 1391 1180 1438 sanum.
1228 1371 1349 1439 Modica
1373 1374 1474 1460 igitur

283 1473 455 1543 admodum
489 1473 582 1543 laude
612 1475 740 1565 elusio
766 1475 847 1541 lilrro
870 1474 910 1542 de
935 1476 1103 1563 philologis
1127 1476 1368 1545 Nederlandicis
1393 1477 1472 1547 mihi

283 1581 403 1648 tributa
435 1580 568 1668 gavisus
599 1600 689 1658 sum,
725 1600 799 1648 cum
835 1583 1023 1669 praesertim
1057 1601 1094 1649 ea
1117 1583 1373 1650 cnrnruunicaret
1397 1603 1472 1650 cum

280 1689 419 1763 exteris,
443 1707 525 1775 quae
549 1687 577 1752 si
600 1685 641 1753 ad
663 1706 718 1754 eos
741 1696 935 1775 perventura
959 1707 1030 1755 esse
1053 1688 1232 1766 novissem,
1256 1689 1387 1755 omnino
1410 1708 1470 1755 non

282 1794 495 1881 scripsissem.

327 1894 374 1966 Ea
397 1897 496 1966 editio
509 1897 535 1988 ⁸)
562 1897 641 1963 milri
665 1897 826 1991 scribendi
847 1898 886 1966 de
906 1897 1020 1966 Lucilii
1042 1898 1232 1984 fragmentis
1248 1901 1472 1987 opportunitas

282 2004 365 2082 erit,
392 2024 453 2070 nun
479 2023 543 2090 quo
567 2012 709 2092 repetam
734 2024 815 2091 quae
839 2003 914 2071 olim
939 2024 957 2071 a
983 2024 1034 2071 me
1058 2005 1145 2072 dicta
1165 2014 1343 2083 sunt,‘aut
1365 2004 1472 2072 deien-

280 2110 353 2177 dam
386 2130 424 2179 ea
458 2108 522 2175 illis
551 2130 603 2188 ea,
635 2130 717 2197 quae
750 2110 790 2176 ll.
822 2110 975 2199 pleraque
997 2110 1125 2178 silentiu
1150 2108 1371 2198 praetermisit
1396 2110 1473 2200 (quo

281 2218 353 2284 iure
383 2215 436 2281 alii
469 2215 647 2304 indicent),
680 2215 734 2281 sed
762 2225 796 2282 ut
820 2235 903 2303 quae
928 2218 1036 2283 minus
1060 2225 1147 2284 recte
1170 2216 1210 2284 alr
1232 2237 1270 2284 eo
1294 2219 1472 2284 constituta

280 2342 351 2389 esse
373 2321 559 2398 videantur,
579 2341 618 2388 ex
635 2327 728 2409 parte
751 2331 839 2388 certe
862 2321 1073 2409 redarguam,
1096 2331 1245 2391 ceterum
1269 2322 1309 2388 nd
1335 2323 1473 2391 Coniec-

281 2436 375 2495 tanea
402 2436 644 2515 provocaturus,

327 2534 361 2601 ln
387 2554 425 2601 eo
442 2534 558 2620 'lapsus
582 2542 631 2601 est
655 2532 844 2612 Muellerus,
877 2534 961 2621 quod
985 2532 1064 2601 dum
1088 2535 1197 2602 ornnia
1222 2533 1290 2602 vult
1316 2535 1472 2622 interpre-

281 2640 364 2719 tari,
395 2642 520 2719 omnia,
552 2640 649 2706 etiam
684 2660 736 2707 me
765 2638 870 2707 iudice
893 2639 1102 2721 insanabilia,
1133 2639 1320 2721 emendare,
1352 2659 1471 2707 asera

280 2755 312 2815 et
342 2745 482 2836 simplici
516 2748 640 2814 ratione
671 2746 817 2825 atterrat,
852 2765 997 2834 novaque
1021 2757 1053 2814 et
1077 2746 1162 2814 mira
1190 2756 1335 2815 sectatur
1364 2747 1472 2836 potius

281 2872 378 2940 quam
404 2846 620 2938 ignorantiam
647 2850 778 2918 latetur.

326 2958 429 3034 llaec,
454 2965 490 3022 ut
514 2978 573 3044 par
594 2965 663 3034 est,
687 2957 842 3042 exenrplis
866 2956 1190 3027 demonstrabuntur.
1240 2957 1303 3026 Sed
1327 2977 1364 3024 eo
1383 2965 1472 3024 ante·

280 3083 377 3153 qnam
403 3083 516 3151 pergo,
547 3063 670 3152 aliquid
694 3052 940 3131 dicendum‘est
963 3063 1003 3132 de
1027 3064 1137 3132 codice
1160 3062 1328 3145 Leidensi,
1353 3061 1393 3130 de
1417 3083 1471 3130 cu·

281 3171 332 3237 ius
357 3169 611 3237 correctionibus
636 3190 686 3236 me
710 3168 791 3237 lalsa
811 3168 961 3238 retulisse
982 3170 1160 3238 contendit.

304 3353 339 3418 t)
353 3350 389 3402 Ῥ.
407 3348 520 3400 XXXIi
545 3350 612 3400 n'l'h.
630 3350 777 3401 Momeenne
794 3350 906 3401 inlibris
923 3364 985 3415 quoe
1001 3349 1032 3400 de
1047 3348 1125 3414 gestia
1142 3346 1314 3399 Romanorum
1331 3346 1472 3412 composuit

277 3433 486 3501 generedicendi
503 3447 533 3485 eo
549 3447 600 3498 qno
616 3433 750 3483 deterrime
766 3446 800 3483 ex
816 3434 880 3483 actis
892 3431 990 3482 diurnis
1005 3432 1044 3481 nti
1056 3431 1138 3481 nolent
1152 3430 1229 3496 [eic],
1246 3430 1317 3496 qnasi
1331 3442 1469 3493 numquam

277 3518 379 3585 legisset
400 3524 443 3566 ont
465 3515 623 3566 Lachmanni
645 3515 853 3565 commentarium
880 3515 1062 3565 Lucretianum
1084 3521 1127 3563 ent
1143 3520 1242 3563 nomos
1258 3512 1283 3562 d
1302 3527 1322 3561 r.
1340 3526 1375 3560 nr.
1392 3525 1418 3575 p.
1436 3509 1469 3559 1..

277 3598 368 3661 libros,
392 3614 443 3649 non
469 3598 567 3648 erubuit
587 3597 738 3647 contendere
760 3597 851 3647 Lucilli
874 3610 960 3646 versae
975 3597 1037 3646 hant
1057 3596 1130 3645 aliter
1146 3595 1313 3659 perstringere
1328 3592 1468 3655 legentium

277 3683 377 3733 animos
390 3696 477 3747 -qnem
491 3680 606 3745 origam
621 3674 757 3746 &perp-ve
772 3681 828 3730 aire
840 3693 904 3743 quoa
921 3679 1027 3743 bar‘gare
1041 3684 1115 3727 voret
1131 3676 1316 3727 Knitelrerae.
1349 3673 1418 3751 Spne
1433 3674 1469 3738 lp

278 3764 329 3816 rius
347 3765 475 3816 Momseni
488 3771 582 3824 metra,
597 3764 688 3828 quibus
701 3763 805 3813 reddere
818 3771 923 3813 conatur
937 3761 1014 3810 verba
1028 3760 1134 3819 Lucilii,
1151 3774 1228 3825 qnam
1236 3757 1470 3808 meximerocende

277 3856 336 3903 sunt
359 3844 558 3903 Knittelrerse.''
593 3846 655 3907 Legi
676 3845 818 3911 itemmqne
838 3844 889 3909 legi
906 3851 1039 3909 utrumqne
1055 3856 1118 3907 opus
1135 3850 1161 3892 et
1177 3848 1262 3891 temen
1282 3854 1333 3889 non
1350 3839 1470 3889 erubesco

277 3931 359 3983 dicere
377 3926 470 3980 Laellii
487 3935 567 3979 meme
583 3924 686 3977 horride
701 3940 763 3978 esse.

312 4014 340 4073 a)
367 4012 478 4079 Mirnm',
502 4006 625 4061 Muellero
645 4008 858 4073 operaepretium
874 4007 956 4058 visum
978 4004 1055 4057 misae
1078 4010 1133 4056 tem
1154 4004 1265 4069 imperiti
1281 4001 1393 4054 lronrinle
1408 4001 1471 4052 ritis

277 4096 379 4161 oblique
403 4108 518 4158 carpere,
544 4104 651 4167 eumque
677 4090 782 4140 subinde
807 4081 945 4140 antestari.v
974 4088 1006 4139 In
1032 4087 1199 4153 explicatione
1226 4084 1321 4136 Lucilli
1347 4096 1471 4149 numnam

278 4176 445 4228 animadverti
462 4176 545 4224 locum
561 4188 577 4223 e
595 4170 632 4224 Μ.
649 4173 755 4222 allatum
774 4171 940 4222 neeessariam
956 4185 990 4222 ex
1004 4168 1210 4235 remariapoetii,
1226 4169 1270 4233 qui
1284 4182 1300 4217 a
1313 4164 1472 4217 meomisans

278 4268 351 4309 esset.
386 4258 419 4307 ln
441 4271 469 4307 re
491 4256 595 4306 metrice
616 4254 737 4305 dissentio
754 4253 856 4303 abelus
873 4253 1005 4319 iudiciuae
1022 4251 1095 4302 facile
1111 4253 1202 4317 poterit
1218 4248 1307 4301 afferre
1325 4249 1472 4298 onbeerrnn·

277 4341 343 4396 tiaa”
354 4337 518 4409 aptemqw
526 4341 563 4400 (nt
571 4338 624 4389 eins
632 4336 715 4387 verbis
722 4336 789 4400 utar)
795 4350 857 4400 quas
862 4347 910 4398 ego
917 4334 1073 4385 violaverim.
1082 4335 1245 4399 Quamquam
1251 4326 1471 4383 edhncmnlecit.

309 4428 338 4489 8)
358 4423 404 4475 Ὀ.
422 4422 505 4473 Laodi
521 4418 670 4471 Saturarum
683 4417 813 4481 reliquiae
840 4418 1001 4485 ·Emendprit
1017 4425 1042 4467 et
1059 4416 1189 4466 adnotavit
1206 4414 1333 4467 Lucam
1352 4412 1471 4464 Mueller.

277 4508 340 4560 Aac.
358 4504 422 4558 Acci
439 4531 472 4543 -
488 4510 514 4554 et
530 4502 591 4556 Suel
608 4516 685 4554 cerm.
702 4499 830 4565 reliquiae.
865 4496 934 4564 Llps.
950 4492 1078 4551 Teubner.
1101 4495 1192 4550 lilla?l
