3276 5006
268 342 312 409 82
562 350 736 408 cromerus
758 354 909 414 cumnis
932 358 965 405 ns
988 356 1149 410 comeum

359 533 484 595 ciorum
515 523 687 593 necessest
721 522 928 611 Complures
955 529 1054 592 nostri
1085 540 1214 593 cmssm
1247 525 1375 600 dicens
1404 551 1463 601 uos

360 636 416 720 qui
441 634 581 718 corrupti
602 651 730 708 sumus,
754 650 817 695 non
843 630 1007 696 dicimus”.

270 736 369 819 Hinc,
402 756 464 804 uon
491 737 557 814 ilo,
586 740 626 800 ut
651 737 852 801 oonisoenmt
881 735 1057 801 lembiuus
1086 742 1120 801 et
1148 737 1316 805 Patricius.
1348 738 1461 806 Prono.

270 846 368 914 codex
395 844 476 908 duic.
514 841 651 907 iuferius
677 842 711 904 in
741 841 800 904 hec
829 840 1143 925 secumcoepit,
1168 841 1230 908 30:
1259 849 1332 921 „At
1353 868 1389 910 es
1409 846 1464 909 loo

270 951 334 1036 pecc
357 949 478 1014 crimen
508 942 676 1011 exoritur?
718 942 879 1009 Similiter
898 941 1007 1011 Cicero
1030 944 1064 1009 in
1089 946 1229 1013 erutione
1251 968 1309 1034 pro
1329 949 1461 1036 Ligurio

269 1053 348 1133 vit,
371 1052 426 1118 22.
452 1044 579 1129 ¹„Hinc
600 1051 635 1113 in
657 1048 826 1136 Ligurium
853 1051 973 1115 crimen
997 1050 1126 1114 oritur'’.
1168 1052 1253 1117 Hinc
1274 1056 1378 1141 igitur
1400 1070 1463 1119 ser·

269 1159 429 1234 seudum,
454 1155 641 1240 pressorum
663 1170 703 1217 ue
726 1154 863 1236 suspicio
890 1152 1106 1237 relinquetur:
1133 1153 1265 1232 „multe
1288 1162 1362 1222 ente
1384 1156 1464 1221 hoec

269 1264 368 1331 verbs
393 1256 527 1337 detses'',
561 1265 600 1323 ut
620 1255 772 1325 solebant
800 1254 953 1321 Lambini
977 1262 1081 1322 setsts
1112 1258 1198 1323 docti
1221 1256 1354 1345 quidum
1379 1262 1461 1337 viri}

270 1368 326 1435 ssd
355 1382 418 1433 nou
440 1370 516 1430 suut
538 1378 677 1450 mugnus
700 1361 833 1429 lucum
854 1362 888 1426 in
914 1363 974 1427 hec
996 1364 1147 1428 orstions.
1178 1361 1364 1429 Tenendum
1386 1382 1464 1430 vero

270 1472 446 1558 imprimis,
478 1470 653 1535 cretionem
681 1469 823 1534 mouenti
852 1467 892 1530 sd
915 1472 1146 1544 accusatorem,
1176 1468 1217 1533 od
1246 1464 1443 1534 Memmium
1450 1505 1459 1562 3

271 1576 306 1643 id
328 1574 413 1662 quod
435 1570 593 1660 poslerius
614 1577 761 1657 sppuret,
786 1590 886 1656 quum
908 1577 1012 1637 orstor
1030 1570 1222 1656 simpliciter
1238 1579 1350 1660 neget:
1377 1592 1464 1651 „nec

274 1698 350 1749 cum
378 1679 528 1746 Postumi
557 1690 654 1743 ceusu
683 1694 734 1741 res
761 1677 822 1740 leto
849 1678 1016 1741 coniunme
1038 1675 1117 1756 est”;
1141 1683 1301 1761 postremo
1322 1679 1358 1742 in
1379 1677 1462 1743 illis:

275 1783 519 1867 „Quamobrem
540 1786 717 1867 nequem,
742 1775 779 1846 0.
801 1776 955 1856 Memmi,
978 1776 1039 1845 hoc
1059 1779 1161 1845 fucere
1183 1779 1295 1858 debes,
1318 1786 1358 1845 ut
1374 1798 1462 1847 sens·

273 1889 362 1956 tum’'
390 1892 465 1954 cett.
496 1918 539 1935 -
570 1885 644 1971 Ipso
669 1884 724 1950 hic
753 1884 906 1950 Memmii
935 1887 1125 1950 immoene
1146 1886 1246 1951 verbo
1265 1892 1464 1970 repetuntur.

275 1993 476 2078 Quspropter]
500 1991 583 2053 aaut
601 1991 636 2054 iu
658 1989 743 2052 teus
763 1994 965 2054 convertetur
986 2006 1112 2055 neeesse
1133 1994 1191 2054 esu
1236 1988 1386 2055 Alterum
1405 1990 1465 2053 itte

274 2099 432 2164 omissum
452 2097 486 2160 in
508 2093 601 2158 libris
622 2082 732 2159 irene.
756 2099 790 2158 et
811 2091 850 2157 V.
873 2091 1083 2158 Scribendum
1105 2095 1224 2178 iteque:

322 2198 438 2279 „Hinc
458 2200 602 2284 primum
625 2199 768 2264 exoritur
789 2199 908 2263 crimen
930 2198 1031 2262 istud:
1057 2204 1258 2275 „‚,scnstum
1277 2204 1464 2283 corruptum

366 2325 433 2370 esse
463 2302 623 2369 dicunt.'”'
655 2340 699 2351 —
722 2301 749 2366 0
772 2302 806 2366 di
829 2299 1041 2367 immortulcsl
1065 2303 1143 2368 hseo
1164 2306 1213 2366 est
1233 2301 1292 2368 ills
1313 2307 1467 2388 exoptsts

367 2407 560 2474 iudiciorum
583 2404 753 2495 severitas?
775 2412 971 2491 corruptores
992 2409 1092 2472 nostri
1113 2406 1205 2473 cett.’'

323 2512 395 2580 Hoc
421 2514 541 2579 crimen
571 2508 682 2578 Licere
710 2510 776 2577 levi
807 2531 918 2589 cursu,
948 2516 986 2576 ut
1009 2513 1134 2597 soepius
1162 2514 1196 2576 in
1225 2512 1284 2577 hec
1306 2514 1465 2590 oratione,

279 2617 409 2685 eludens
427 2618 551 2684 transit.
598 2614 754 2682 Senatum
774 2616 938 2682 defendere
956 2617 1146 2702 supersedet.
1193 2614 1314 2683 Temen
1329 2639 1369 2683 ex
1383 2617 1466 2704 Epp.

279 2724 295 2789 1
327 2723 357 2788 1.
386 2723 427 2789 sd
455 2721 630 2789 Lentulum
660 2726 693 2787 et
719 2721 769 2797 Π,
794 2721 815 2784 2
838 2720 877 2785 ed
901 2718 1057 2799 Quintum
1078 2721 1209 2787 stetrem
1231 2721 1466 2810 intelligimus,

280 2824 474 2896 Postumum
495 2828 530 2892 iu
552 2826 594 2891 iis
616 2824 824 2891 oreditoribus
846 2824 957 2901 misse,
980 2845 1036 2910 per
1058 2846 1135 2910 quos
1157 2826 1214 2892 illo
1237 2833 1380 2912 tempore
1398 2828 1469 2914 egit

279 2934 487 3009 emmonius,
519 2928 727 2996 Alexandrini
752 2930 838 3017 regis
859 2929 1002 3016 legatus,
1026 2935 1133 3015 aperte
1155 2934 1323 3016 pecuniam
1346 2938 1469 2998 senato

278 3038 368 3104 ribus
388 3036 536 3123 largitus.

328 3140 406 3227 Cep.
436 3136 494 3207 ΠΙ.
523 3140 602 3206 ibid.
637 3136 735 3216 „Non
764 3139 851 3203 enim
879 3137 1013 3215 lotroni,
1043 3138 1098 3204 sed
1128 3142 1198 3227 regi
1227 3139 1379 3220 credidit,
1411 3162 1471 3208 nec

373 3247 444 3334 regi
472 3246 603 3311 inimico
631 3240 742 3331 populi
772 3241 909 3308 Romani
916 3289 925 3320 ,
948 3238 1003 3309 scd
1026 3246 1074 3321 ei,
1097 3246 1182 3311 cuiue
1203 3244 1332 3310 reditum
1353 3247 1472 3311 cosesls‘

366 3350 537 3415 mondotom
558 3374 578 3414 o
597 3356 703 3416 emoto
724 3345 881 3415 videbat.”

327 3454 463 3524 Reditus
481 3450 626 3522 mendosi
645 3456 774 3521 omnino
793 3473 856 3518 non
873 3455 993 3537 potest,
1010 3453 1154 3518 mundari
1172 3459 1296 3540 poteret
1308 3452 1470 3534 reductio,

282 3564 337 3629 sed
366 3581 429 3627 non
459 3564 507 3628 est
537 3560 696 3626 mundate.
744 3559 894 3623 Primum
924 3554 1055 3642 quidem
1084 3559 1169 3645 regis
1198 3558 1370 3625 reducendi
1401 3579 1472 3645 pro-

280 3670 388 3736 vincie
409 3670 493 3732 sorte
515 3662 652 3730 Lentulo
673 3664 850 3750 obtigerit,
873 3658 929 3727 sed
950 3663 1136 3748 interposite
1154 3660 1258 3729 flueret
1278 3665 1473 3741 „auctoritas

281 3774 314 3838 et
343 3764 492 3859 religio”;
518 3766 614 3837 editis
637 3766 723 3835 enlm
746 3764 837 3833 libris
859 3765 1028 3854 Sibyllinis
1051 3754 1101 3833 res
1123 3767 1263 3834 discusse
1285 3774 1349 3847 sst;
1375 3791 1473 3855 quere

282 3870 439 3944 Lentulus
462 3872 554 3940 illum
577 3874 663 3962 regis
685 3872 855 3939 reducendi
877 3874 1074 3958 provinciam
1097 3873 1165 3937 siue
1187 3871 1256 3939 ullu
1270 3873 1474 3944 dubitatione

283 3982 439 4066 deposuit.
486 3978 597 4064 Ituque
627 3979 749 4044 fectum
779 3983 827 4043 est
854 3977 984 4043 Solum:
1016 3998 1090 4043 oum
1120 3976 1330 4046 multitudine
1359 4002 1475 4068 regem

283 4084 393 4151 reduci
424 4083 638 4169 periculosum
668 4081 861 4167 reipublicae
889 4082 1000 4147 videri.
1040 4078 1097 4148 css.
1128 4081 1208 4169 llpp.
1238 4083 1270 4161 1,
1304 4083 1342 4163 7,
1373 4086 1405 4150 4.
1437 4089 1476 4153 in

282 4190 390 4254 Pison.
421 4209 448 4253 c.
479 4186 534 4252 21.
568 4187 607 4252 ud
637 4186 794 4266 Quintum
824 4187 872 4264 ll,
905 4186 935 4251 1.
982 4186 1054 4253 Non
1082 4186 1176 4254 licuit
1201 4191 1304 4276 igitur
1327 4187 1477 4259 Ciceroni

282 4292 403 4368 dicere,
427 4290 549 4356 consuli
570 4290 757 4356 mundatum
779 4311 846 4356 esse
868 4312 888 4356 s
908 4296 1020 4356 senetu
1042 4295 1127 4380 regis
1149 4292 1377 4360 reductionem.
1408 4294 1479 4363 Sed

282 4415 339 4460 nec
374 4394 496 4459 reditus
525 4393 694 4459 mundatus
724 4400 772 4458 est
801 4415 939 4480 nomque
966 4395 1001 4460 id
1028 4417 1091 4463 uon
1122 4397 1249 4464 dicitur.
1296 4397 1479 4468 Videamus
