3340 5014
597 359 789 408 cccccccccc
813 358 849 404 ιιι
871 358 999 407 ιιιιισιιιι.
1326 343 1388 410 155

203 526 375 595 ἐπαινεῖται
401 564 445 581 -
476 530 519 604 είο
561 527 669 596 πάντα
702 530 944 614 παρενείρων
977 525 1030 596 καί
1065 531 1144 596 πάσι
1185 530 1385 613 καταμιγνὺς

202 635 310 701 ἑαυσδν
332 636 475 722 άπληείρι
501 633 587 713 δι’ξης
617 635 770 720 ηφίίνω.
817 634 853 701 in
886 634 983 702 huius
1006 634 1065 701 loci
1091 634 1209 703 vicinia
1232 636 1387 723 leguntur

200 741 316 807 incerti
344 741 474 827 Tragici
503 741 654 808 uersiculi
678 761 697 807 a
722 741 864 807 Nauckio
888 742 921 807 in
947 741 1156 826 Tragicoruni
1183 742 1388 828 Fragmentis

202 847 385 933 praeteriti,
410 848 505 914 cuius
532 847 593 914 loci
617 846 873 914 emendationem
899 849 987 912 iuvat
1009 845 1061 913 hic
1085 849 1277 930 nepessinus.
1313 847 1388 914 Edi·

201 960 271 1019 tur:
288 954 332 1031 μίη
347 953 578 1037 ἀναγκάζωμεν
597 956 634 1021 σί
652 961 751 1037 χῆραι
764 951 1011 1037 ἐξελεγχόμενον
1033 952 1083 1019 ἐπὶ
1107 955 1256 1030 σοιαιίσαο
1279 955 1388 1038 Φωνάς

199 1059 431 1143 καταφέρεσθαι

403 1163 457 1233 Ὠ
482 1163 569 1243 δεξιά
596 1167 687 1249 χείρ,
711 1168 751 1240 ως
773 1167 876 1240 ποίεῑς
897 1167 1012 1247 λαβεῖν
1033 1164 1100 1248 δίρυ

426 1273 457 1338 ίν
480 1271 509 1340 δ’
533 1272 675 1356 άσίενείρι
697 1273 749 1338 πδν
771 1272 860 1339 πίίον
882 1272 1041 1344 διώλεσας.

201 1376 342 1444 adversis
367 1377 526 1444 [cuntibus
548 1387 749 1445 concurrunt
778 1379 878 1452 ποίεῖς
900 1386 933 1444 et
955 1378 1007 1444 σδν
1029 1377 1118 1444 πίίον
1139 1377 1305 1456 διώλεσαο,
1330 1377 1386 1444 sed

201 1490 236 1549 tu
259 1482 393 1550 emenda
1265 1498 1274 1515 '

471 1591 546 1658 οὐδ’
569 1590 710 1675 άσίενείρι
732 1592 785 1657 σδν
808 1588 896 1656 πίίον
917 1589 1076 1663 διώλεσας.

201 1695 234 1762 iti
257 1703 305 1761 est
328 1696 394 1763 οὐδὲ
429 1697 485 1762 ὑπδ
518 1701 571 1762 τοῦ
602 1697 647 1775 μη
678 1695 823 1762 δύνασίαι
855 1694 981 1761 ἐπαύσω
1009 1697 1145 1761 ποίοῦσα
1176 1696 1243 1763 sive
1274 1696 1385 1781 καίπερ

201 1806 282 1873 οὐδὲν
305 1802 457 1883 δυναμένη
481 1800 562 1880 ὅμως
586 1801 631 1869 ἕσι
655 1803 768 1876 ποίεῖς.

245 1999 318 2086 Cap.
343 2003 376 2066 9.
402 2001 417 2064 ί
440 1997 804 2081 Περικλῆς-τρέπεται
828 1998 900 2080 πρδσ
923 1999 978 2073 σὶην
1000 2006 1059 2065 πῶν
1078 1999 1227 2078 δημοσίων
1243 2001 1388 2079 διανομην

201 2107 491 2186 συμβουλεύσαντος
528 2107 612 2187 αὐτῷ
654 2105 830 2184 Δημωνίδου
864 2110 918 2171 τοῦ
955 2103 1083 2183 Οίηίεν,
1119 2109 1158 2179 ὥς
1193 2106 1388 2188 ’Λριςοσέλης

201 2212 345 2294 ίςίρηκεν.
399 2209 644 2278 lamentandum
680 2220 730 2277 est
765 2211 914 2290 Δάμωνος
950 2211 1130 2289 Δαμωνίδου
1161 2210 1289 2277 Ὄαθεν.
1337 2212 1388 2277 Ιιι·

201 2316 321 2385 dicium
354 2317 434 2382 mitt
467 2315 543 2383 iecit
575 2315 758 2403 Stephanus
792 2317 988 2404 Byzantinus
1019 2335 1048 2381 ν.
1069 2319 1159 2382 'Oct
1180 2355 1224 2366 -
1244 2319 1259 2382 t
1282 2317 1386 2396 μέντοι

201 2424 336 2503 δημίσης
355 2422 475 2489 ”octav
495 2422 626 2501 λέγεται
652 2421 817 2501 »Δάμων
842 2422 1077 2501 Δαμωνίδου
1098 2424 1281 2488 Ὄσιίεν.”
1328 2423 1387 2491 ttic

200 2536 250 2595 est
272 2527 325 2594 iiie
348 2529 490 2607 itatnon,
515 2527 554 2593 de
579 2548 643 2614 quo
667 2527 861 2593 Plutarchus
884 2527 1017 2613 scripsit
1037 2547 1105 2614 cap.
1129 2532 1159 2592 t.
1184 2527 1249 2593 tut
1269 2528 1389 2609 Δάμων

201 2672 243 2685 -
271 2635 313 2715 τῷ
345 2642 490 2714 Περικλεῖ
514 2642 604 2710 συνῆν
635 2632 775 2714 καθάπερ
806 2635 926 2716 άίλησῇ
957 2639 1017 2697 τῶν
1047 2639 1210 2699 πολιτικῶν
1233 2635 1386 2710 α’λείπσης

199 2739 252 2805 καὶ
276 2739 473 2813 διδάσκαλος.

244 2921 318 3008 Gap.
347 2927 398 2988 10.
437 2920 689 2999 Λακεδαιμονίων
719 2922 822 3002 ερασῷ
853 2918 988 3002 μεγάλω
1030 2919 1233 3001 ἐμβαλόντων
1262 2922 1306 2995 είς
1333 2924 1388 2999 την

199 3030 442 3109 Ταναγραϊκήν,
467 3035 592 3095 exenta
616 3026 744 3094 iitcnuta
765 3024 973 3093 scribentium
997 3028 1208 3108 Ταναγρικιὶν.
1222 3025 1262 3093 ci.
1277 3027 1387 3117 Steph.

201 3134 278 3224 Byz.
303 3153 333 3201 v.
361 3133 530 3218 Τάναγρα.
1041 3164 1045 3171 ’

245 3316 280 3382 ln
316 3334 386 3403 cap.
426 3320 478 3384 10.
513 3317 557 3383 διὸ
588 3315 640 3382 καί
674 3314 759 3382 δοκεῖ
786 3321 936 3398 Περικλῆς
968 3311 1244 3397 ἕρρωμενεςάσην
1274 3314 1387 3401 μάχην

199 3424 313 3501 ἐκείνην
347 3422 579 3503 άνωνίσασίαι)
616 3419 834 3508 reponendum
871 3420 1137 3502 ἕρρωμενίςαπα
1173 3424 1244 3499 την
1276 3422 1388 3504 μάχην

199 3530 312 3606 ἐκείνην
343 3530 573 3610 άχωνίσασίαι,
607 3547 710 3614 neque
740 3528 826 3593 enini
855 3525 1031 3593 articulum
1067 3529 1122 3603 τὴν
1153 3528 1260 3592 omitti
1284 3530 1389 3615 potuit

201 3656 304 3724 neque
327 3635 423 3718 μάχη
447 3634 601 3722 appellari
624 3632 790 3715 ἐρρωμένη,
816 3632 870 3699 sed
890 3631 1039 3714 καρτεροί,
1066 3641 1102 3697 ut
1113 3631 1198 3719 apud
1213 3631 1386 3700 tinnuerunt

336 3743 534 3824 καρσίςην
558 3740 593 3817 δίη
617 3738 706 3815 τάνδε
729 3738 840 3820 μάχην
863 3736 949 3821 φάτο
973 3737 1100 3817 δυ’μεναι
1121 3737 1242 3818 άνδρῶν.

200 3857 232 3915 et
267 3850 313 3916 sic
350 3846 434 3935 apud
461 3866 590 3923 omnes,
624 3851 659 3911 ut
690 3844 722 3910 in
758 3843 817 3911 hac
853 3844 922 3931 ipsa
955 3843 1021 3908 vita
1056 3861 1126 3930 cap.
1157 3848 1198 3909 25
1223 3842 1387 3924 γενομένης

200 3956 232 4022 δὲ
255 3958 450 4039 καρτεράς
474 3952 669 4033 ναυμαχίας.
714 3948 776 4017 Set
800 3949 969 4032 ἐρρωμένως
991 3947 1153 4029 μάχεσθαι
1186 3956 1219 4015 et
1241 3949 1387 4032 άχωνίζ·

200 4063 270 4129 σίαι
294 4060 460 4144 ε’ρρωμίνως
484 4057 672 4145 saepissime
702 4054 842 4142 legitur,
870 4063 905 4120 ut
934 4053 1131 4121 delectione
1158 4054 1389 4138 ἕρρωμενίεασα

199 4169 255 4244 την
278 4165 390 4251 μάχην
414 4164 501 4233 uuita
523 4165 622 4252 pessit
644 4181 716 4230 esse
739 4159 905 4227 dubitatio.
1342 4146 1357 4167 '

246 4348 282 4416 iu
305 4348 411 4437 lepido
441 4347 528 4414 dicto
559 4346 692 4415 Periclis
722 4344 762 4413 ad
792 4342 959 4431 Eipinicen
984 4361 1055 4431 cap.
1086 4348 1136 4410 10.
1162 4340 1184 4409 ὦ
1206 4344 1386 4422 Ἐλπινίκη,

201 4459 300 4538 γραῦς
324 4451 368 4532 εί,
393 4457 431 4530 ὥς
460 4451 643 4537 πράγματα
670 4456 848 4528 τηλικαῦτα
872 4449 1037 4532 πράσσειν,
1061 4448 1190 4518 dicendi
1215 4470 1293 4518 usus
1317 4473 1390 4538 pos·
