3340 5014
583 353 778 405 succenseres
802 354 839 401 ar
860 355 989 403 carrica.
1324 333 1385 407 15¹

240 513 364 582 Addam
397 516 570 586 ridiculum
603 541 768 604 errorem,
805 524 837 588 in
871 543 967 609 quem
998 543 1033 590 se
1057 521 1190 590 Photius
1217 521 1325 591 induit
1354 546 1385 592 v.

197 630 455 690 Ξενοκοπεῖνε
490 625 559 693 άνπὶ
594 632 647 693 ποῦ
679 629 846 709 πληγάς
881 628 1045 710 ἔλαβον.
1077 626 1153 696 οὕτω
1185 629 1385 710 Μεταγένης.

195 726 313 794 Saldae
336 736 450 816 stupor
472 733 585 811 λαβεῖν
609 729 697 801 dedit
721 754 778 820 pro
801 732 926 813 ἔλαβον.
971 734 1152 802 -hleinelius
1171 753 1282 800 verum
1304 735 1385 801 vidit

195 831 365 909 Ξυνεκόπνρν
389 854 562 921 reponens3
589 837 647 904 hcc
671 848 721 906 est
743 841 875 918 πλνργοδρ
898 838 1032 920 ἔλαβον,
1058 849 1094 906 ut
1123 837 1312 917 Ευγκόπτειν
1335 850 1385 907 cst

193 938 333 1005 πόπτειν.
380 939 393 1004 l
419 953 556 1009 nuncet
582 943 677 1011 erede
700 945 935 1031 grammaticis.

241 1043 417 1113 Verborum
441 1068 479 1114 ex
504 1058 624 1115 -κοπεῖν
647 1051 898 1138 compositorum
917 1050 978 1118 elia
1000 1057 1130 1118 servant
1150 1048 1239 1116 verhi
1258 1048 1383 1116 edacem

194 1150 460 1237 significationem
492 1155 653 1242 propriam
679 1160 730 1240 (ul
750 1159 1011 1235 decemcordo,
1037 1158 1271 1238 όρπνγοκοπεῖν,
1294 1170 1383 1231 sahe-

193 1267 317 1336 κοπεῑν,
342 1259 777 1352 incommemoratum),
801 1263 864 1329 alla
887 1263 1148 1350 metaphoricam,
1171 1281 1234 1349 qua
1258 1261 1382 1328 κόπτειν

193 1364 263 1432 τινά
292 1373 342 1430 est
373 1366 540 1433 obtundere
570 1366 708 1455 aliquem
740 1377 773 1435 et
801 1390 949 1449 οινοοιινο,
982 1374 1018 1433 ut
1046 1366 1131 1454 apud
1164 1367 1381 1455 hegesippum

193 1469 347 1537 Athenaei
372 1490 404 1558 p.
427 1474 493 1539 290
516 1484 551 1541 Β.

734 1578 751 1655 ἢ
775 1579 876 1659 λέγων
900 1578 1014 1662 Φαόνου
1037 1580 1069 1646 πό
1091 1601 1143 1657 ροοι

372 1686 474 1751 καινόν
494 1685 582 1767 παρά
605 1685 676 1758 τοὺς
699 1683 866 1766 ἕμπροσόεν
891 1684 908 1760 ἢ
932 1686 981 1762 μὶν
1003 1684 1126 1751 κόππε
1150 1708 1211 1762 με.

238 1792 353 1878 ltaque
376 1792 401 1856 oi
425 1791 665 1870 βουλοκοπόδαι,
690 1793 716 1857 οἱ
737 1790 980 1870 δνροοκοποῦντες
1003 1798 1036 1857 et
1060 1793 1330 1864 πολιποκοποῦνπες
1350 1799 1383 1855 et

193 1900 461 1979 όεαπροκοποῦνπερ
474 1904 505 1962 el
520 1899 762 1980 όχλοκοποῦνπες
783 1906 858 1963 sunl
880 1898 935 1982 qui
948 1906 1119 1976 senatum,
1139 1893 1312 1982 populum,
1334 1895 1381 1961 oi·

193 2025 262 2081 ves,
276 2011 489 2092 spectatores,
514 2001 710 2087 plebeculam
729 2001 864 2069 dicendo
883 2012 917 2069 et
941 2001 1132 2070 blandiendo
1151 2000 1288 2086 fatigant
1306 2020 1381 2087 gra-

192 2111 269 2175 tiam
294 2118 327 2174 et
351 2107 489 2174 lacerem
512 2115 695 2193 captantes,
717 2116 750 2174 et
767 2117 843 2174 sunt
858 2108 1056 2176 haecomnia
1069 2106 1221 2174 voeabula
1234 2115 1266 2173 et
1287 2105 1381 2173 male·

191 2214 277 2283 dicta
296 2215 497 2281 hemicorum
516 2214 584 2279 icco
609 2213 683 2279 ficta
706 2223 739 2280 et
769 2212 986 2293 πεπαιγραόνα.
1035 2211 1155 2278 Eadem
1185 2218 1235 2277 est
1258 2209 1382 2278 indoles

191 2322 410 2408 reliquorum:
442 2318 668 2399 μετεωροκόποο
700 2327 749 2386 est
780 2318 957 2386 deridentis
990 2327 1025 2385 et
1048 2314 1318 2399 μεταρσιολέοχνς
1349 2323 1382 2382 et

189 2423 468 2509 μετεωροφένακας.
501 2433 725 2505 Κρημνοκοπεῖν
745 2424 847 2511 lepide
860 2433 891 2491 et
904 2427 985 2491 scite
1004 2423 1115 2489 fictum
1136 2430 1186 2489 est
1198 2422 1231 2487 in
1252 2430 1379 2509 pediam

189 2532 364 2614 εόροφακα.
382 2530 594 2611 κρημνοποιόν,
617 2538 654 2596 ut
667 2529 860 2620 Aeschylum
882 2530 1020 2618 appellat
1044 2527 1251 2615 Philippides
1270 2527 1303 2593 in
1317 2525 1381 2592 Nu·

191 2639 321 2705 hihrmv.
340 2641 435 2703 1567.
474 2636 527 2703 Sic
551 2646 583 2703 et
605 2642 778 2719 ῥησικοπεῑν
799 2635 938 2712 dicitur,
961 2633 1117 2702 eleatem
1144 2632 1237 2699 modo
1259 2633 1382 2718 pieriae

189 2745 292 2810 iconis
301 2753 439 2829 coptotcr
450 2740 557 2809 odiose
571 2741 741 2810 dicebatur
753 2739 912 2819 δοξοκόπον
924 2750 957 2807 et
970 2739 1141 2818 δοξοκοπεῖν
1151 2738 1225 2828 (ιιοιι
1240 2737 1380 2818 δοξοκόρο-

189 2875 245 2924 ποο
262 2858 293 2916 et
310 2849 531 2934 δοξοκοαπεῖν),
555 2856 587 2914 et
608 2846 828 2934 hincapparet
842 2846 1052 2914 Plutarchum
1067 2844 1250 2931 scripsisse:
1265 2843 1335 2918 τοὺς
1348 2844 1379 2912 δὲ

187 2962 241 3022 ποῦ
266 2955 445 3036 Περικλέους
476 2955 531 3030 τὴν
562 2952 742 3033 σεμνότητα
772 2950 1013 3030 δοξοκοπίαν
1037 2977 1072 3017 πε
1098 2951 1151 3017 καὶ
1176 2955 1275 3034 τῦφον
1299 2951 1379 3017 άπο·

188 3064 361 3136 καλοῦντας
379 3061 393 3126 ό
413 3060 515 3136 Ζήνων
534 3056 704 3139 παρεκάλει
727 3058 780 3125 καὶ
806 3058 917 3133 αὐτούς
937 3083 968 3125 τι
988 3063 1121 3125 τοιοῦτον
1140 3053 1377 3133 δοξοκοπεῖν.

235 3274 308 3361 Cap.
331 3278 362 3340 6.
388 3272 415 3361 (ό
438 3270 603 3358 Περικλῆς)
628 3270 681 3336 καὶ
706 3271 944 3350 δειπιδαιροονόας
967 3272 1050 3338 δοκεῖ
1066 3270 1210 3351 γενέσθαι
1230 3271 1379 3354 καόνπόρ·

187 3403 270 3460 τερος
293 3375 364 3455 όονρν
386 3379 421 3444 πό
445 3378 517 3458 πρὸς
541 3378 584 3442 τά
608 3375 748 3457 μετέωρα
772 3376 893 3457 όάροβος
918 3376 1084 3458 ἐργάζεται
1104 3386 1167 3452 τοῖς
1184 3376 1299 3445 τούτων
1317 3379 1377 3454 πάρ

188 3485 292 3556 αἰτίας
316 3487 488 3562 οὶγνοοῦοιν.
538 3481 606 3548 Duc
638 3485 667 3548 in
702 3481 753 3548 his
784 3484 860 3549 vitia
892 3490 984 3548 sunt:
1015 3503 1053 3549 ex
1083 3492 1190 3551 vetere
1214 3485 1376 3570 scriptura

187 3596 588 3656 KAOTssePTePOCHN
610 3586 692 3652 male
709 3586 901 3655 effinxerunt
921 3587 1140 3672 καόνπέρπεροο
1164 3585 1255 3671 όοιρν,
1276 3609 1376 3677 quiam

186 3701 271 3761 esset
294 3692 515 3776 καόιιπέρτερορ
540 3685 573 3768 ἣν
604 3693 824 3759 scribendum.
874 3693 992 3760 llcinde
1017 3694 1044 3758 si
1068 3696 1141 3780 quis
1165 3694 1242 3781 quid
1266 3696 1299 3760 ιἰο
1324 3695 1377 3763 ho·

185 3801 308 3865 minem
330 3799 445 3865 animis
468 3801 609 3865 excitare
632 3797 770 3878 dicitur,
793 3801 969 3884 composito
989 3798 1205 3882 ἐνεργάζεσθαι
1227 3821 1284 3887 pre
1301 3803 1376 3867 sint·

186 3905 261 3993 plici
283 3904 467 3988 ἐργάζεσθαι
492 3904 658 3970 utendum.
698 3904 927 3991 Exemplorum
945 3905 1037 3991 plena
1056 3913 1134 3972 suant
1153 3907 1272 3973 omnia.
1298 3906 1376 3973 Gon·

186 4010 370 4077 funduntur
404 4013 584 4078 sexcenties
620 4011 653 4076 iu
694 4009 806 4088 lihris,
843 4008 898 4076 sed
944 4012 1048 4076 verior
1083 4013 1246 4099 scriptum
1282 4011 1375 4080 lacile
1399 4024 1411 4035 ”

185 4118 390 4201 agnoscitur,
413 4126 450 4182 ul
474 4118 505 4183 iu
531 4118 666 4183 vicinia:
693 4118 708 4183 o‘
733 4115 861 4200 Φυσικός
885 4115 979 4196 λόγος
1002 4116 1070 4183 rival
1095 4125 1150 4193 τῆς
1170 4156 1216 4168 -
1234 4119 1376 4186 δεισιδαι-

184 4223 293 4303 μονίας
316 4224 373 4299 riv
389 4261 433 4272 -
454 4222 617 4303 εὐσέβειαν
650 4224 834 4305 ἐργάζεται,
866 4222 932 4288 iuro
958 4242 1030 4289 tero
1054 4223 1274 4306 ἐνεργάζεται,
1300 4225 1376 4311 quia

185 4337 321 4395 naturae
343 4329 485 4415 cognitio
509 4350 567 4419 pro
589 4326 821 4418 superstitione
845 4330 997 4415 pietatem
1021 4329 1055 4394 ι’νι
1079 4329 1241 4399 homiaem
1261 4331 1377 4398 animia

185 4436 322 4503 eecitme
345 4434 479 4503 dicitur.
