3242 5014
283 317 351 385 208
794 337 965 387 comaron.

285 512 435 594 antiquae
455 506 611 574 rationem
631 513 664 574 et
675 531 788 588 usum,
810 513 838 575 si
850 507 917 575 fieri
928 514 1052 595 potest,
1072 511 1247 576 restituere.
1272 506 1356 572 Sunt
1367 513 1483 576 autem

285 612 348 680 loci
370 612 500 699 pauculi
522 613 575 679 hi:
601 623 639 680 H.
666 613 730 683 117
754 617 857 693 σέδειής
879 618 985 702 prima
1007 615 1097 682 brevi
1120 612 1205 692 είτερ
1227 613 1331 689 ἀδειής
1356 613 1414 682 ἔτι.
1437 621 1480 677 Θ.

287 716 362 784 133.
388 719 561 800 βροντήσας
593 720 653 802 ίίρα
686 721 787 790 δεινόν.
819 732 860 793 N.
887 719 961 787 163.
992 720 1057 786 eiad
1085 743 1130 786 ιεσ
1153 720 1235 786 δεῖσε
1259 719 1289 784 δὲ
1312 721 1408 798 θυμῷ.
1435 729 1479 784 Ο.

286 823 363 891 626.
387 824 509 906 dripere
528 827 560 891 δὲ
583 825 674 901 δεινὸς
698 829 807 905 ἀήτης.
832 837 879 893 Ω.
905 823 980 892 663.
1004 833 1107 908 Τρῶες
1131 825 1281 901 δεδίασιν,
1306 830 1340 891 61
1361 823 1481 889 duobis

283 930 362 997 locis
392 956 429 1011 α.
453 930 529 999 203.
554 938 587 1000 61
618 958 650 998 ω.
676 931 751 999 534.
784 940 843 997 τῶν
872 933 898 997 δ’
928 929 990 1011 ἄρα
1019 930 1183 997 δεισάντων
1204 936 1237 997 61
1258 931 1294 1009 β.
1320 929 1373 996 66.
1399 929 1479 993 ὑσσ-

282 1036 416 1104 δείσατε.

328 1143 419 1224 Qnod
444 1149 553 1209 autem
576 1148 702 1231 saepius
723 1148 757 1210 in
779 1151 914 1231 utroque
937 1145 1077 1211 carmine
1098 1142 1220 1230 legitur
1241 1140 1326 1207 δειδω
1349 1145 1382 1206 61
1404 1141 1479 1206 ubi·

282 1271 343 1335 que
374 1250 409 1314 in
438 1249 617 1316 hexametri
646 1253 741 1318 initio
772 1251 961 1328 collocatur,
996 1270 1059 1315 non
1090 1248 1225 1315 arbitror
1254 1268 1320 1313 ease
1341 1246 1479 1335 linguae

280 1353 489 1434 Homericae,
521 1362 560 1422 ut
582 1377 683 1444 neque
703 1360 832 1425 Atticae
853 1356 984 1445 linguae
1007 1376 1073 1422 esse
1096 1356 1174 1420 satis
1196 1358 1328 1419 constet.
1374 1352 1477 1418 Athe

281 1463 406 1527 nienses
437 1467 616 1529 constanter
638 1463 757 1529 δέδοικα
781 1468 838 1529 aut
860 1462 942 1528 δέδια
966 1462 1112 1527 dicebant
1135 1463 1168 1526 et
1190 1459 1297 1536 δέδιθι,
1330 1458 1473 1537 δέδιμεν,

283 1565 439 1639 ἐδέδισαν,
465 1566 612 1645 δεδιέναι,
643 1569 743 1642 δεδιώς
767 1575 846 1636 caet.
893 1567 1054 1634 Homerus
1076 1566 1115 1632 de
1136 1584 1225 1631 more
1248 1566 1356 1630 omnia
1375 1565 1477 1630 habet

281 1672 410 1750 eadem,
442 1671 498 1737 sed
528 1676 633 1759 prima
655 1676 695 1741 ob
719 1678 874 1741 amissum
898 1674 1064 1762 digamma
1084 1675 1120 1738 in
1142 1670 1380 1757 diphthongum
1402 1691 1475 1756 pro

281 1778 394 1844 ducta:
427 1777 579 1857 δείδοικα,
610 1779 725 1855 δείδια,
750 1781 900 1861 δείδιμεν,
925 1780 1089 1853 ἐδείδισαν,
1115 1776 1324 1849 ὑπεδείδισαν,
1348 1776 1473 1854 δείδιθι,

281 1882 411 1963 δειδίμεν
448 1883 601 1973 (δεδιέναι)
630 1892 663 1952 61
685 1885 836 1959 δειδιότες.
882 1885 946 1952 Pro
967 1884 1102 1973 vulgata
1123 1883 1208 1949 δείδω
1230 1902 1475 1968 nonnumquam

282 1989 461 2076 discrepans
493 1988 589 2056 lectio
619 1993 746 2078 antiquo
776 1992 871 2057 δείδια
903 2012 942 2057 ex
973 1993 1110 2058 vetustis
1139 1993 1250 2074 potitae
1277 1987 1475 2053 editionibus

281 2098 349 2163 sire
370 2095 552 2175 δισσθωσεσιν
571 2097 744 2183 profertur,
764 2104 803 2164 ut
818 2097 909 2164 iliud.
929 2107 962 2164 Ξ.
984 2095 1045 2173 44,
1070 2115 1167 2181 quam
1185 2093 1333 2179 equidem
1350 2093 1474 2179 ubique

280 2201 462 2270 cantoribus
493 2201 608 2267 Ionicis
637 2203 830 2270 reddendam
860 2225 927 2270 esse
954 2203 1106 2278 arbitror,
1138 2206 1171 2265 et
1193 2220 1249 2285 pro
1273 2198 1357 2265 δείδιε
1382 2220 1472 2285 repo-

279 2307 418 2374 nendum
450 2305 547 2373 δείδια
577 2317 613 2373 Κ.
647 2306 700 2374 39.
734 2320 776 2377 Λ.
802 2306 877 2376 470.
902 2317 943 2374 Ν.
969 2306 1045 2374 745.
1071 2316 1103 2374 Ξ.
1128 2304 1181 2370 44.
1206 2314 1247 2369 Τ.
1272 2303 1326 2369 24.
1350 2314 1389 2371 T.
1415 2304 1471 2372 30.

280 2424 317 2481 Χ.
342 2411 418 2480 456.
444 2418 477 2479 61
499 2415 533 2479 in
556 2413 699 2501 Odyssea
722 2440 745 2480 ε.
772 2413 847 2481 300.
873 2413 949 2481 419.
975 2412 1050 2482 473.
1074 2418 1107 2479 61
1126 2436 1161 2488 ιι.
1188 2409 1263 2480 122.

740 2664 745 2669 ’
827 2714 930 2789 v111.

425 2945 658 3005 FGAAOMAI
685 2974 727 2987 -·
752 2938 937 3003 ’GFAAHN
963 2972 1005 2984 -
1028 2941 1317 3003 ἙΕΡΕΛΜΕΝΟΙ.

322 3151 439 3218 Editur
463 3150 548 3236 apud
570 3147 750 3216 Homerum
772 3158 810 3215 Ε.
835 3148 911 3215 203.

736 3255 847 3336 ὦνδρῶν
871 3254 1040 3331 sinopem.

276 3369 309 3430 61
332 3372 368 3429 E.
396 3359 471 3430 782.

708 3465 827 3534 isarae
850 3503 895 3517 -
918 3465 1077 3544 είλόμενσι.

277 3580 309 3641 61
332 3583 371 3639 Θ.
396 3572 474 3639 216.

481 3676 652 3756 εἰλομένων.
677 3677 753 3743 είλει
778 3678 809 3743 δὲ
834 3716 876 3726 -
901 3679 1026 3758 Ἕκτωρ
1051 3678 1232 3758 Πριαμίδης.

320 3786 486 3853 Bekkerus
516 3783 552 3850 τὸ
584 3784 737 3863 δίγαμμα
770 3784 894 3851 addidit
924 3783 1103 3862 ιειλόμενσι,
1139 3782 1332 3860 εειλσμένων,
1368 3783 1468 3847 εείλει.

277 3889 486 3959 Consentiunt
509 3891 602 3969 libri,
637 3889 825 3957 confirmant
848 3895 945 3957 testes
967 3894 1105 3965 veteres,
1135 3887 1341 3974 Apollonius,
1365 3886 1470 3975 Hesy-

276 3997 385 4075 chius,
411 3996 632 4085 Etymologici
651 4001 777 4074 auctor,
799 3997 925 4062 caeteri.
959 3994 1083 4061 Tamen
1102 3993 1254 4061 mendosa
1271 3994 1349 4058 haec
1366 3992 1470 4058 forma

276 4109 325 4169 661
348 4110 381 4169 61
402 4106 617 4170 inveteratum
641 4106 814 4189 scripturae
836 4105 956 4170 vitium
979 4124 1036 4168 nos
1058 4102 1152 4168 fallit.
1200 4102 1287 4183 Quae
1310 4103 1354 4167 sit
1371 4102 1471 4187 proba

275 4216 308 4275 et
342 4200 482 4296 genuina
514 4210 618 4275 forma
653 4209 732 4275 duce
767 4211 889 4294 optima
922 4208 1069 4295 analogia
1101 4208 1361 4295 investigandum
1396 4211 1467 4273 erit.

275 4312 463 4400 Spectemus
486 4317 629 4400 primum
654 4316 771 4380 formes
791 4336 830 4380 en
849 4320 955 4380 vetere
974 4316 1071 4380 verbo
1086 4320 1286 4401 propagatas.
1322 4315 1469 4379 doristus

275 4424 324 4485 661
341 4419 468 4495 είλσαν,
488 4417 592 4485 rimas
613 4426 646 4486 61
664 4419 804 4496 irtacus,
827 4419 956 4497 ιέλσας,
976 4426 1013 4486 ut
1025 4419 1180 4485 κίλσαι61
1192 4418 1320 4491 κέλσας.
1335 4429 1375 4484 Λ.
1389 4417 1466 4483 413.
