3242 5014
174 380 178 387 ·
262 347 327 414 186
767 361 939 452 sonamus,

260 531 344 618 quod
371 531 465 616 plane
492 531 579 597 idem
610 535 775 614 astatque
798 529 882 614 apud
904 529 1158 619 Theophrastum
1179 531 1212 596 τί
1233 530 1381 613 εὑρίσκοιρ
1403 539 1446 598 ut

259 636 442 716 οέποκιρριίξνι
466 636 498 711 ὅ,
521 658 552 699 τι
576 634 615 701 δν
639 633 768 716 αλφοίνρι
790 641 838 700 eet
860 634 1052 701 ἀποδώσεται
1077 639 1130 700 τοῦ
1153 634 1299 714 εὑρόντος.

305 740 463 821 Quoniam
493 742 595 827 igitur
623 739 797 805 solemnem
819 759 855 804 aa
876 740 1026 806 stabilem
1047 743 1082 805 in
1104 759 1141 804 ea
1161 761 1197 804 re
1217 738 1325 805 sedani
1346 741 1445 807 habet

259 847 394 915 verbum
416 845 570 921 οὶλΦοίνειν
594 847 796 928 consequitur
819 845 1029 923 οὶλφεσιβοίας
1048 844 1113 910 diei
1131 844 1284 910 formosas
1302 845 1443 930 puellas,

260 946 306 1015 ίπι
330 958 629 1015 ΠΩΛΟΤΜΕΝΛΙ
653 951 694 1029 τῷ
718 949 812 1027 πατρί
836 949 915 1027 βίας
937 947 1148 1029 οίλΦοίνονσιν,

621 1055 701 1137 qaod
721 1061 786 1117 erut
807 1054 1081 1130 demonstrandam,

260 1168 297 1224 ut
319 1159 494 1244 loquuntur
516 1158 747 1223 mathematici.

305 1262 456 1347 Sequitur
479 1282 518 1326 ax
540 1265 609 1347 ipsa
631 1267 744 1326 natura
766 1263 799 1324 οὐ
822 1270 1045 1340 γεωμετρικαῖς
1069 1263 1144 1326 αλλ’
1169 1261 1322 1340 ἐρωτικαῖς
1343 1262 1444 1340 οέννίγ·

259 1390 328 1439 ιιοις
361 1371 412 1446 (ut
441 1364 535 1431 Plato
564 1368 687 1431 iocatur
716 1367 753 1427 de
782 1364 857 1447 Rep.
887 1387 960 1453 pap.
986 1363 1061 1430 458.
1093 1371 1139 1443 u.)
1169 1385 1278 1450 proeos
1307 1365 1442 1451 puellis,

260 1490 396 1556 quarum
428 1473 556 1555 nuptias
585 1470 759 1545 ambirent,
797 1469 877 1533 dona
907 1490 943 1534 aa
973 1489 1106 1535 munera
1135 1472 1273 1535 mittere.
1320 1469 1445 1535 Sedes

260 1595 323 1640 non
346 1573 415 1639 ἕδνα
438 1574 493 1638 sed
515 1594 572 1639 suo
595 1577 723 1638 nomine
745 1573 823 1652 δῶρα
847 1574 1055 1657 appellantur.
1101 1572 1258 1659 Penelopa
1280 1588 1354 1640 auos
1374 1592 1445 1658 pro

260 1698 313 1746 eos
335 1681 498 1763 increpans
519 1681 566 1744 ita
589 1678 668 1742 dicit
690 1677 802 1764 Odyss.
828 1688 864 1743 Σ.
889 1674 966 1742 275.

418 1783 572 1862 μνκςνίρων
593 1784 654 1861 οὐχ
679 1781 728 1857 ἣδε
753 1782 819 1856 δίκη
843 1782 877 1845 τὸ
902 1781 1023 1861 ποίροιίε
1048 1782 1195 1856 τέτυκτο,

418 1885 449 1952 οί
466 1889 497 1952 τ’
521 1887 643 1964 οὶγαίήν
666 1910 706 1963 γε
728 1894 865 1963 γυναῖκα
889 1886 941 1949 καί
964 1888 1099 1966 οὶφνειοῖο
1124 1887 1265 1965 ίιίγατρα

418 1992 578 2069 μννςειίειν
601 1988 722 2055 ἐθέλωσι
747 1991 799 2054 καί
824 1991 972 2063 αλλήλοις
996 1992 1139 2068 ἐρίσωσιν.

418 2096 506 2161 αὐτοὶ
529 2096 610 2171 τοίγ’
633 2094 783 2171 ἀνοίγουσι
806 2094 887 2171 βίας
912 2094 964 2157 καί
988 2094 1062 2175 ἴφια
1085 2101 1175 2171 μῆλα

418 2200 524 2279 κούρης
550 2198 645 2263 δαῖτα
665 2199 781 2277 Φίλοισι
805 2200 857 2262 καί
880 2200 993 2275 οέγλαοδ
1019 2208 1140 2264 ΔΩΡΑ
1169 2199 1306 2265 διδοῦσιν.

261 2305 373 2372 deinde
402 2308 496 2389 potita
525 2302 567 2366 σοδ
599 2302 676 2381 δῶρα
707 2304 747 2367 arl
776 2302 953 2386 Penelopen
981 2302 1086 2367 delata
1107 2310 1289 2381 enumerat,
1320 2310 1445 2370 uestem

260 2409 475 2496 splendidam,
498 2406 629 2484 fibulas,
654 2413 815 2492 torquem,
840 2411 982 2484 inauras,
1003 2411 1111 2473 omnia
1129 2429 1169 2473 er
1188 2429 1264 2474 auro
1283 2414 1339 2473 aut
1354 2430 1447 2495 gem·

260 2517 324 2580 mis
346 2515 505 2578 distinata.

374 2616 456 2682 ἄλλο
478 2618 504 2682 δ’
529 2614 577 2695 ἄρ’
600 2614 696 2688 ἄλλος
719 2625 873 2682 ΔΩΡΟΝ
899 2620 1037 2696 Ἀχαιῶν
1060 2618 1155 2682 καλὸν
1179 2615 1298 2683 ἔνεικεν.

261 2719 374 2799 κίσμον
404 2729 575 2797 γυναικεῖον
607 2729 678 2792 ταῖς
702 2720 942 2797 μννςενομέναις
966 2721 1140 2802 ἐδωροῦντο,
1171 2742 1234 2786 nou
1256 2728 1390 2785 armento
1412 2727 1448 2786 et

257 2846 368 2907 ρτορον.

306 2928 360 2996 Sia
381 2931 484 3015 igitur
505 2930 582 3013 quid
603 2933 687 2995 inter
709 2927 779 2995 ἕδνα
803 2935 835 2993 et
867 2930 976 3006 μείλια
1008 2935 1041 2993 et
1071 2928 1150 3008 δῶρα
1181 2930 1338 2994 constanti
1367 2926 1448 2994 Pob

261 3038 312 3100 tae
334 3054 396 3098 usu
417 3035 543 3098 intersit
564 3030 687 3116 liquido
709 3054 857 3118 apparere
882 3034 1026 3098 arbitror.

304 3138 422 3202 Poetae
444 3136 552 3221 Lyriei
576 3143 608 3200 et
630 3136 773 3223 Tragici,
798 3140 854 3220 qui
872 3157 989 3223 magno
1008 3134 1141 3201 artifieio
1159 3136 1307 3223 linguam
1327 3134 1448 3201 Homa-

260 3243 362 3306 rieam
383 3245 416 3304 et
437 3239 570 3324 Epicam
593 3242 819 3317 imitabantur,
844 3262 944 3325 quum
965 3240 1071 3305 multa
1094 3247 1197 3305 essent
1218 3238 1374 3305 voeabula
1393 3259 1447 3304 au·

261 3348 352 3430 tiqua
384 3346 463 3429 ipsis
496 3346 659 3430 incognita
692 3347 863 3409 utebantur
896 3348 937 3409 iis
971 3364 1007 3409 eo
1041 3365 1155 3422 sensu,
1196 3365 1292 3428 quem
1324 3343 1447 3408 indocti

261 3448 503 3528 γλωσσογράφοι
529 3453 585 3514 aut
607 3447 796 3535 pervulgata
818 3449 999 3532 aequalium
1022 3451 1128 3531 opinio
1151 3449 1325 3513 tribuisset.
1372 3446 1446 3531 Opi·

260 3554 417 3619 nabantur
439 3553 584 3617 homines
605 3554 681 3616 vivo
703 3552 841 3617 Pindaro
863 3559 895 3617 et
914 3553 1073 3637 Aeschylo
1092 3554 1178 3617 idem
1197 3553 1280 3637 quod
1300 3552 1356 3617 diu
1375 3556 1448 3635 post

260 3657 481 3722 aristarchum
505 3658 664 3721 dicentem
686 3657 852 3722 audimus:
888 3657 1018 3735 ,,κνρίως
1041 3659 1097 3733 μὲν
1120 3657 1163 3721 τὰ
1186 3653 1280 3723 ἕδνα
1304 3651 1380 3720 εἶναι
1403 3655 1446 3719 τοὶ

261 3760 402 3838 διδόμενα
427 3762 484 3826 ὑπὸ
507 3764 560 3824 τοῦ
583 3765 758 3838 γαμοῦντος
778 3771 816 3842 τῇ
836 3762 1039 3841 γαμονμίνρ,
1064 3761 1119 3825 aad
1134 3761 1295 3827 interdum
1314 3761 1356 3824 τοδ
1374 3758 1447 3823 ἐδνοο

260 3867 355 3930 ιίοίονν
377 3887 500 3951 quoque
523 3864 726 3952 significare’'.
761 3865 873 3951 Itaque
894 3866 1052 3930 Pindarus
1073 3866 1113 3931 de
1132 3867 1199 3930 dote
1217 3868 1326 3950 posuit
1350 3866 1447 3949 Olym·

253 3971 340 4053 pion.
365 3971 422 4036 IX.
449 3968 479 4035 7.

487 4078 666 4154 οέκρωτιίριον
685 4075 811 4147 Ἄλιδος
836 4075 871 4140 ri
894 4075 1007 4149 δήποτε
1029 4074 1140 4154 Πέλοψ

487 4180 617 4259 ἐξοίρατο
637 4180 786 4249 κοίλλιςον
808 4181 978 4246 ’ἘΔΝΟΝ
999 4180 1235 4257 Ἱπποδαμείας.

260 4282 317 4347 ubi
340 4284 451 4349 duatus
474 4288 644 4371 interpres:
676 4283 755 4350 ἕδνον
778 4294 867 4351 NTN
892 4286 926 4350 οὐ
950 4287 984 4350 σδ
1008 4285 1094 4364 παροδ
1118 4291 1170 4348 τοῦ
1196 4283 1300 4363 ἀνδρὸς
1325 4282 1446 4360 διδόμε-

261 4411 307 4453 νον
324 4398 363 4471 τῇ
381 4391 564 4473 γαμονμένρ
586 4390 691 4467 λέγει,
715 4392 789 4455 ἀλλ’
806 4387 926 4463 imbria
946 4390 1060 4463 ἐκείνων
1077 4390 1186 4467 λαβὼν
1205 4387 1446 4469 προσεκτήσατο.
