<?xml version="1.0" encoding="UTF-8"?>
<!DOCTYPE html PUBLIC "-//W3C//DTD XHTML 1.0 Transitional//EN"
    "http://www.w3.org/TR/xhtml1/DTD/xhtml1-transitional.dtd">
<html xmlns="http://www.w3.org/1999/xhtml" xml:lang="en" lang="en">
 <head>
  <title>
</title>
<meta http-equiv="Content-Type" content="text/html;charset=utf-8" />
  <meta name='ocr-system' content='tesseract 3.04.00' />
  <meta name='ocr-capabilities' content='ocr_page ocr_carea ocr_par ocr_line ocrx_word'/>
</head>
<body>
  <div class='ocr_page' id='page_1' title='image "./mnemosynebiblio00servgoog_0038.png"; bbox 0 0 3254 5034; ppageno 0'>
   <div class='ocr_carea' id='block_1_1' title="bbox 564 361 1359 426">
    <p class='ocr_par' dir='ltr' id='par_1_1' title="bbox 564 361 1359 426">
     <span class='ocr_line' id='line_1_1' title="bbox 564 361 1359 426; baseline -0.001 -2"><span class='ocrx_word' id='word_1_1' title='bbox 564 377 756 425; x_wconf 74' lang='lat' dir='ltr'><strong>carnotorum</strong></span> <span class='ocrx_word' id='word_1_2' title='bbox 780 376 816 424; x_wconf 84' lang='lat' dir='ltr'><strong>aa</strong></span> <span class='ocrx_word' id='word_1_3' title='bbox 838 378 965 426; x_wconf 76' lang='lat' dir='ltr'><strong>curares.</strong></span> <span class='ocrx_word' id='word_1_4' title='bbox 1318 361 1359 423; x_wconf 73' lang='lat'><strong>27</strong></span> 
     </span>
    </p>
   </div>
   <div class='ocr_carea' id='block_1_2' title="bbox 83 544 1370 4552">
    <p class='ocr_par' dir='ltr' id='par_1_2' title="bbox 172 544 1363 1055">
     <span class='ocr_line' id='line_1_2' title="bbox 173 544 1359 634; baseline -0.002 -21"><span class='ocrx_word' id='word_1_5' title='bbox 173 545 346 630; x_wconf 87' lang='lat' dir='ltr'><strong>babemus,</strong></span> <span class='ocrx_word' id='word_1_6' title='bbox 383 550 438 618; x_wconf 88' lang='lat' dir='ltr'><strong>sed</strong></span> <span class='ocrx_word' id='word_1_7' title='bbox 471 546 691 615; x_wconf 80' lang='lat' dir='ltr'><strong>Aristonicum</strong></span> <span class='ocrx_word' id='word_1_8' title='bbox 724 548 830 634; x_wconf 88' lang='lat' dir='ltr'><strong>ipsum</strong></span> <span class='ocrx_word' id='word_1_9' title='bbox 863 546 955 614; x_wconf 89' lang='lat' dir='ltr'><strong>nobis</strong></span> <span class='ocrx_word' id='word_1_10' title='bbox 993 545 1101 614; x_wconf 85' lang='lat' dir='ltr'><strong>dicere</strong></span> <span class='ocrx_word' id='word_1_11' title='bbox 1137 544 1359 612; x_wconf 89' lang='lat' dir='ltr'><strong>testimonium</strong></span> 
     </span>
     <span class='ocr_line' id='line_1_3' title="bbox 174 651 1362 741; baseline -0.003 -21"><span class='ocrx_word' id='word_1_12' title='bbox 174 653 360 741; x_wconf 75' lang='lat' dir='ltr'><strong>ignoramus</strong></span> <span class='ocrx_word' id='word_1_13' title='bbox 383 668 417 724; x_wconf 90' lang='lat' dir='ltr'><strong>et</strong></span> <span class='ocrx_word' id='word_1_14' title='bbox 440 656 600 721; x_wconf 88' lang='lat' dir='ltr'><strong>incertum</strong></span> <span class='ocrx_word' id='word_1_15' title='bbox 626 653 765 739; x_wconf 80' lang='lat' dir='ltr'><strong>aliquem</strong></span> <span class='ocrx_word' id='word_1_16' title='bbox 797 653 1048 739; x_wconf 81' lang='lat' dir='ltr'><strong>grammaticum</strong></span> <span class='ocrx_word' id='word_1_17' title='bbox 1074 673 1111 719; x_wconf 89' lang='lat' dir='ltr'><strong>ea</strong></span> <span class='ocrx_word' id='word_1_18' title='bbox 1135 652 1243 719; x_wconf 80' lang='lat' dir='ltr'><strong>dicere</strong></span> <span class='ocrx_word' id='word_1_19' title='bbox 1267 651 1362 737; x_wconf 78' lang='lat' dir='ltr'><strong>vulgo</strong></span> 
     </span>
     <span class='ocr_line' id='line_1_4' title="bbox 173 759 1362 845; baseline -0.004 -19"><span class='ocrx_word' id='word_1_20' title='bbox 173 761 347 828; x_wconf 87' lang='lat' dir='ltr'><strong>credimus.</strong></span> <span class='ocrx_word' id='word_1_21' title='bbox 380 760 584 828; x_wconf 89' lang='lat' dir='ltr'><strong>Aristonicus</strong></span> <span class='ocrx_word' id='word_1_22' title='bbox 609 760 709 845; x_wconf 77' lang='lat' dir='ltr'><strong>igitur</strong></span> <span class='ocrx_word' id='word_1_23' title='bbox 736 761 779 825; x_wconf 89' lang='lat' dir='ltr'><strong>ita</strong></span> <span class='ocrx_word' id='word_1_24' title='bbox 800 760 928 826; x_wconf 89' lang='lat' dir='ltr'><strong>scribit:</strong></span> <span class='ocrx_word' id='word_1_25' title='bbox 952 767 1008 835; x_wconf 77' lang='grc' dir='ltr'><strong>τῆς</strong></span> <span class='ocrx_word' id='word_1_26' title='bbox 1032 761 1063 827; x_wconf 75' lang='grc' dir='ltr'><strong>δὲ</strong></span> <span class='ocrx_word' id='word_1_27' title='bbox 1087 759 1257 836; x_wconf 73' lang='grc' dir='ltr'><strong><em>αίετησεως</em></strong></span> <span class='ocrx_word' id='word_1_28' title='bbox 1277 759 1362 838; x_wconf 76' lang='grc' dir='ltr'><strong><em>αὐτῷ</em></strong></span> 
     </span>
     <span class='ocr_line' id='line_1_5' title="bbox 174 860 1363 956; baseline -0.003 -24"><span class='ocrx_word' id='word_1_29' title='bbox 174 865 226 956; x_wconf 71' lang='grc' dir='ltr'><strong>(τῷ</strong></span> <span class='ocrx_word' id='word_1_30' title='bbox 250 867 440 953; x_wconf 82' lang='grc' dir='ltr'><strong><em>’Λριςοίρχῳ)</em></strong></span> <span class='ocrx_word' id='word_1_31' title='bbox 482 865 582 938; x_wconf 79' lang='grc' dir='ltr'><strong><em>διττὸς</em></strong></span> <span class='ocrx_word' id='word_1_32' title='bbox 605 867 620 931; x_wconf 81' lang='grc' dir='ltr'><strong><em>ί</em></strong></span> <span class='ocrx_word' id='word_1_33' title='bbox 644 865 756 943; x_wconf 78' lang='grc' dir='ltr'><strong><em>λόγος.</em></strong></span> <span class='ocrx_word' id='word_1_34' title='bbox 781 867 795 932; x_wconf 82' lang='grc' dir='ltr'><strong><em>δ</em></strong></span> <span class='ocrx_word' id='word_1_35' title='bbox 819 868 876 944; x_wconf 80' lang='grc' dir='ltr'><strong>μέν</strong></span> <span class='ocrx_word' id='word_1_36' title='bbox 899 864 962 946; x_wconf 82' lang='grc' dir='ltr'><strong><em>γοίρ</em></strong></span> <span class='ocrx_word' id='word_1_37' title='bbox 986 867 1031 936; x_wconf 68' lang='lat' dir='ltr'><strong>ter</strong></span> <span class='ocrx_word' id='word_1_38' title='bbox 1055 867 1211 945; x_wconf 93' lang='grc' dir='ltr'><strong><em>σημαίνων</em></strong></span> <span class='ocrx_word' id='word_1_39' title='bbox 1237 860 1282 931; x_wconf 78' lang='grc' dir='ltr'><strong>ὅτι</strong></span> <span class='ocrx_word' id='word_1_40' title='bbox 1302 865 1363 944; x_wconf 77' lang='grc' dir='ltr'><strong>οὐχ</strong></span> 
     </span>
     <span class='ocr_line' id='line_1_6' title="bbox 172 971 853 1055; baseline -0.003 -17"><span class='ocrx_word' id='word_1_41' title='bbox 172 976 307 1055; x_wconf 80' lang='grc' dir='ltr'><strong><em>Ὀμιίροω</em></strong></span> <span class='ocrx_word' id='word_1_42' title='bbox 332 975 367 1041; x_wconf 80' lang='grc' dir='ltr'><strong>τὸ</strong></span> <span class='ocrx_word' id='word_1_43' title='bbox 391 973 485 1049; x_wconf 77' lang='grc' dir='ltr'><strong><em>ἔπος,</em></strong></span> <span class='ocrx_word' id='word_1_44' title='bbox 510 974 549 1046; x_wconf 80' lang='grc' dir='ltr'><strong>ὦς</strong></span> <span class='ocrx_word' id='word_1_45' title='bbox 574 972 701 1050; x_wconf 75' lang='grc' dir='ltr'><strong>ἐλέγετο</strong></span> <span class='ocrx_word' id='word_1_46' title='bbox 725 971 775 1036; x_wconf 69' lang='lat' dir='ltr'><strong>ieri</strong></span> <span class='ocrx_word' id='word_1_47' title='bbox 799 976 853 1037; x_wconf 79' lang='grc' dir='ltr'><strong>τοῦ</strong></span> 
     </span>
    </p>

    <p class='ocr_par' dir='ltr' id='par_1_3' title="bbox 170 1076 1363 1479">
     <span class='ocr_line' id='line_1_7' title="bbox 330 1076 1180 1163; baseline -0.005 -17"><span class='ocrx_word' id='word_1_48' title='bbox 330 1079 478 1163; x_wconf 84' lang='grc' dir='ltr'><strong><em>τέρπεται</em></strong></span> <span class='ocrx_word' id='word_1_49' title='bbox 501 1078 533 1143; x_wconf 83' lang='grc' dir='ltr'><strong>έν</strong></span> <span class='ocrx_word' id='word_1_50' title='bbox 555 1077 645 1161; x_wconf 75' lang='grc' dir='ltr'><strong><em>θαλίη</em></strong></span> <span class='ocrx_word' id='word_1_51' title='bbox 670 1077 722 1143; x_wconf 84' lang='grc' dir='ltr'><strong>καί</strong></span> <span class='ocrx_word' id='word_1_52' title='bbox 746 1077 814 1158; x_wconf 77' lang='grc' dir='ltr'><strong><em>ἔχει</em></strong></span> <span class='ocrx_word' id='word_1_53' title='bbox 837 1076 1049 1160; x_wconf 72' lang='grc' dir='ltr'><strong>καλλίσφυρον</strong></span> <span class='ocrx_word' id='word_1_54' title='bbox 1066 1077 1180 1157; x_wconf 85' lang='grc' dir='ltr'><strong><em>Ἥβην.</em></strong></span> 
     </span>
     <span class='ocr_line' id='line_1_8' title="bbox 171 1181 1361 1267; baseline -0.003 -16"><span class='ocrx_word' id='word_1_55' title='bbox 171 1184 321 1252; x_wconf 71' lang='grc' dir='ltr'><strong><em>ἀδύνατον</em></strong></span> <span class='ocrx_word' id='word_1_56' title='bbox 350 1186 413 1267; x_wconf 74' lang='grc' dir='ltr'><strong>γὰρ</strong></span> <span class='ocrx_word' id='word_1_57' title='bbox 442 1187 498 1261; x_wconf 76' lang='grc' dir='ltr'><strong>την</strong></span> <span class='ocrx_word' id='word_1_58' title='bbox 525 1185 662 1259; x_wconf 80' lang='grc' dir='ltr'><strong><em>διηνεκῶς</em></strong></span> <span class='ocrx_word' id='word_1_59' title='bbox 687 1183 830 1264; x_wconf 73' lang='grc' dir='ltr'><strong><em>παρθένον</em></strong></span> <span class='ocrx_word' id='word_1_60' title='bbox 860 1181 1106 1265; x_wconf 71' lang='grc' dir='ltr'><strong><em>παραδεδομένην</em></strong></span> <span class='ocrx_word' id='word_1_61' title='bbox 1136 1181 1361 1261; x_wconf 70' lang='grc' dir='ltr'><strong><em>γεγαμῆσθαι.</em></strong></span> 
     </span>
     <span class='ocr_line' id='line_1_9' title="bbox 172 1284 1363 1379; baseline -0.002 -25"><span class='ocrx_word' id='word_1_62' title='bbox 172 1288 186 1354; x_wconf 79' lang='grc' dir='ltr'><strong><em>ὅ</em></strong></span> <span class='ocrx_word' id='word_1_63' title='bbox 209 1290 240 1356; x_wconf 84' lang='grc' dir='ltr'><strong>δέ</strong></span> <span class='ocrx_word' id='word_1_64' title='bbox 265 1290 481 1379; x_wconf 76' lang='grc' dir='ltr'><strong><em>(Ἀρίταρχος)</em></strong></span> <span class='ocrx_word' id='word_1_65' title='bbox 506 1290 611 1355; x_wconf 74' lang='grc' dir='ltr'><strong><em>αἰτίαν</em></strong></span> <span class='ocrx_word' id='word_1_66' title='bbox 638 1288 776 1370; x_wconf 80' lang='grc' dir='ltr'><strong><em>ἐπιφέρει</em></strong></span> <span class='ocrx_word' id='word_1_67' title='bbox 799 1291 838 1361; x_wconf 70' lang='lat' dir='ltr'><strong>oie</strong></span> <span class='ocrx_word' id='word_1_68' title='bbox 865 1295 924 1353; x_wconf 80' lang='grc' dir='ltr'><strong>τῶν</strong></span> <span class='ocrx_word' id='word_1_69' title='bbox 948 1287 1127 1367; x_wconf 72' lang='grc' dir='ltr'><strong><em>ποιημάτιον</em></strong></span> <span class='ocrx_word' id='word_1_70' title='bbox 1147 1289 1181 1353; x_wconf 79' lang='grc' dir='ltr'><strong>έν</strong></span> <span class='ocrx_word' id='word_1_71' title='bbox 1210 1297 1249 1370; x_wconf 71' lang='grc' dir='ltr'><strong>τῇ</strong></span> <span class='ocrx_word' id='word_1_72' title='bbox 1273 1284 1363 1364; x_wconf 62' lang='lat' dir='ltr'><strong>reike</strong></span> 
     </span>
     <span class='ocr_line' id='line_1_10' title="bbox 170 1392 1314 1479; baseline -0.001 -20"><span class='ocrx_word' id='word_1_73' title='bbox 170 1395 439 1479; x_wconf 82' lang='grc' dir='ltr'><strong><em>διημαρτημένων.</em></strong></span> <span class='ocrx_word' id='word_1_74' title='bbox 464 1392 584 1462; x_wconf 75' lang='grc' dir='ltr'><strong><em>ὅτανδ’</em></strong></span> <span class='ocrx_word' id='word_1_75' title='bbox 605 1393 619 1458; x_wconf 81' lang='grc' dir='ltr'><strong><em>ί</em></strong></span> <span class='ocrx_word' id='word_1_76' title='bbox 640 1393 853 1473; x_wconf 81' lang='grc' dir='ltr'><strong><em>Ἀγαμέμνων</em></strong></span> <span class='ocrx_word' id='word_1_77' title='bbox 875 1394 957 1477; x_wconf 85' lang='grc' dir='ltr'><strong><em>λέγη</em></strong></span> <span class='ocrx_word' id='word_1_78' title='bbox 980 1394 1054 1477; x_wconf 76' lang='grc' dir='ltr'><strong><em>πρὸς</em></strong></span> <span class='ocrx_word' id='word_1_79' title='bbox 1077 1393 1129 1459; x_wconf 85' lang='grc' dir='ltr'><strong>τδν</strong></span> <span class='ocrx_word' id='word_1_80' title='bbox 1152 1393 1314 1477; x_wconf 82' lang='grc' dir='ltr'><strong><em>Ἀχιλλέα</em></strong></span> 
     </span>
    </p>

    <p class='ocr_par' dir='ltr' id='par_1_4' title="bbox 83 1498 1370 4552">
     <span class='ocr_line' id='line_1_11' title="bbox 308 1498 1199 1584; baseline -0.006 -14"><span class='ocrx_word' id='word_1_81' title='bbox 308 1504 370 1570; x_wconf 84' lang='grc' dir='ltr'><strong><em>αίεί</em></strong></span> <span class='ocrx_word' id='word_1_82' title='bbox 395 1501 458 1584; x_wconf 82' lang='grc' dir='ltr'><strong><em>γοίρ</em></strong></span> <span class='ocrx_word' id='word_1_83' title='bbox 480 1525 526 1569; x_wconf 91' lang='grc' dir='ltr'><strong>τοι</strong></span> <span class='ocrx_word' id='word_1_84' title='bbox 550 1498 607 1582; x_wconf 84' lang='grc' dir='ltr'><strong><em>έρις</em></strong></span> <span class='ocrx_word' id='word_1_85' title='bbox 631 1524 667 1566; x_wconf 84' lang='grc' dir='ltr'><strong>το</strong></span> <span class='ocrx_word' id='word_1_86' title='bbox 690 1500 770 1583; x_wconf 92' lang='grc' dir='ltr'><strong><em>φίλη</em></strong></span> <span class='ocrx_word' id='word_1_87' title='bbox 795 1498 927 1579; x_wconf 78' lang='grc' dir='ltr'><strong><em>πόλεμοί</em></strong></span> <span class='ocrx_word' id='word_1_88' title='bbox 950 1525 986 1566; x_wconf 80' lang='grc' dir='ltr'><strong>τε</strong></span> <span class='ocrx_word' id='word_1_89' title='bbox 1009 1501 1119 1580; x_wconf 75' lang='grc' dir='ltr'><strong><em>μαχαο</em></strong></span> <span class='ocrx_word' id='word_1_90' title='bbox 1144 1523 1199 1565; x_wconf 92' lang='grc' dir='ltr'><strong>τε.</strong></span> 
     </span>
     <span class='ocr_line' id='line_1_12' title="bbox 171 1603 1364 1690; baseline -0.003 -17"><span class='ocrx_word' id='word_1_91' title='bbox 171 1609 306 1675; x_wconf 73' lang='grc' dir='ltr'><strong><em>ἐνταῦθα</em></strong></span> <span class='ocrx_word' id='word_1_92' title='bbox 331 1608 496 1685; x_wconf 76' lang='grc' dir='ltr'><strong><em>ἦθοσῆσίαί</em></strong></span> <span class='ocrx_word' id='word_1_93' title='bbox 518 1612 597 1690; x_wconf 90' lang='grc' dir='ltr'><strong><em>φησι</em></strong></span> <span class='ocrx_word' id='word_1_94' title='bbox 615 1606 710 1690; x_wconf 72' lang='grc' dir='ltr'><strong><em>χάριν</em></strong></span> <span class='ocrx_word' id='word_1_95' title='bbox 724 1612 778 1672; x_wconf 80' lang='grc' dir='ltr'><strong>τοῦ</strong></span> <span class='ocrx_word' id='word_1_96' title='bbox 801 1604 957 1685; x_wconf 85' lang='grc' dir='ltr'><strong><em>βασιλέως</em></strong></span> <span class='ocrx_word' id='word_1_97' title='bbox 982 1605 1156 1687; x_wconf 74' lang='grc' dir='ltr'><strong><em>ὀφείλοντος</em></strong></span> <span class='ocrx_word' id='word_1_98' title='bbox 1180 1606 1206 1670; x_wconf 83' lang='lat' dir='ltr'><strong>ri</strong></span> <span class='ocrx_word' id='word_1_99' title='bbox 1230 1603 1364 1678; x_wconf 77' lang='grc' dir='ltr'><strong><em>τοιοῦτός</em></strong></span> 
     </span>
     <span class='ocr_line' id='line_1_13' title="bbox 173 1710 1365 1796; baseline -0.003 -19"><span class='ocrx_word' id='word_1_100' title='bbox 173 1714 233 1783; x_wconf 70' lang='lat' dir='ltr'><strong>ian</strong></span> <span class='ocrx_word' id='word_1_101' title='bbox 267 1716 299 1781; x_wconf 80' lang='grc' dir='ltr'><strong>ἐν</strong></span> <span class='ocrx_word' id='word_1_102' title='bbox 334 1715 460 1796; x_wconf 77' lang='grc' dir='ltr'><strong><em>πολέμῳ</em></strong></span> <span class='ocrx_word' id='word_1_103' title='bbox 483 1715 497 1779; x_wconf 78' lang='grc' dir='ltr'><em>ὃ</em></span> <span class='ocrx_word' id='word_1_104' title='bbox 521 1715 594 1779; x_wconf 86' lang='grc' dir='ltr'><strong><em>κατ’</em></strong></span> <span class='ocrx_word' id='word_1_105' title='bbox 617 1713 788 1794; x_wconf 75' lang='grc' dir='ltr'><strong><em>ἐπικουρίαν</em></strong></span> <span class='ocrx_word' id='word_1_106' title='bbox 812 1710 907 1788; x_wconf 78' lang='grc' dir='ltr'><strong><em>η’κων.</em></strong></span> <span class='ocrx_word' id='word_1_107' title='bbox 938 1710 1041 1791; x_wconf 87' lang='grc' dir='ltr'><strong><em>δοίπερ</em></strong></span> <span class='ocrx_word' id='word_1_108' title='bbox 1071 1710 1121 1776; x_wconf 71' lang='lat' dir='ltr'><strong>irai</strong></span> <span class='ocrx_word' id='word_1_109' title='bbox 1149 1710 1206 1788; x_wconf 85' lang='grc' dir='ltr'><strong>μέν</strong></span> <span class='ocrx_word' id='word_1_110' title='bbox 1237 1715 1291 1775; x_wconf 78' lang='grc' dir='ltr'><strong>τοῦ</strong></span> <span class='ocrx_word' id='word_1_111' title='bbox 1316 1724 1365 1775; x_wconf 80' lang='grc' dir='ltr'><strong><em>λε·</em></strong></span> 
     </span>
     <span class='ocr_line' id='line_1_14' title="bbox 171 1816 1365 1900; baseline -0.003 -14"><span class='ocrx_word' id='word_1_112' title='bbox 171 1820 305 1900; x_wconf 87' lang='grc' dir='ltr'><strong><em>γσμένοω</em></strong></span> <span class='ocrx_word' id='word_1_113' title='bbox 337 1821 389 1887; x_wconf 85' lang='grc' dir='ltr'><strong>ὑπ’</strong></span> <span class='ocrx_word' id='word_1_114' title='bbox 417 1818 651 1899; x_wconf 86' lang='grc' dir='ltr'><strong><em>Ἀγαμέμνονος</em></strong></span> <span class='ocrx_word' id='word_1_115' title='bbox 680 1817 789 1897; x_wconf 76' lang='grc' dir='ltr'><strong><em>ὀβελὸς</em></strong></span> <span class='ocrx_word' id='word_1_116' title='bbox 822 1817 1047 1900; x_wconf 86' lang='grc' dir='ltr'><strong><em>παρακείσεται</em></strong></span> <span class='ocrx_word' id='word_1_117' title='bbox 1079 1816 1133 1882; x_wconf 85' lang='grc' dir='ltr'><strong>καί</strong></span> <span class='ocrx_word' id='word_1_118' title='bbox 1165 1816 1236 1897; x_wconf 74' lang='grc' dir='ltr'><strong><em>πρὸς</em></strong></span> <span class='ocrx_word' id='word_1_119' title='bbox 1267 1816 1365 1897; x_wconf 78' lang='grc' dir='ltr'><strong><em>τούτῳ</em></strong></span> 
     </span>
     <span class='ocr_line' id='line_1_15' title="bbox 171 1917 1364 2011; baseline -0.003 -20"><span class='ocrx_word' id='word_1_120' title='bbox 171 1927 353 2011; x_wconf 72' lang='grc' dir='ltr'><strong><em>αςερίσκος.</em></strong></span> <span class='ocrx_word' id='word_1_121' title='bbox 385 1926 473 2002; x_wconf 82' lang='grc' dir='ltr'><strong><em>δηλοῖ</em></strong></span> <span class='ocrx_word' id='word_1_122' title='bbox 502 1925 533 1991; x_wconf 78' lang='grc' dir='ltr'><strong>δὲ</strong></span> <span class='ocrx_word' id='word_1_123' title='bbox 557 1928 648 1992; x_wconf 80' lang='grc' dir='ltr'><strong><em>τοῦτο</em></strong></span> <span class='ocrx_word' id='word_1_124' title='bbox 678 1920 752 1990; x_wconf 72' lang='grc' dir='ltr'><strong><em>ἕπον</em></strong></span> <span class='ocrx_word' id='word_1_125' title='bbox 777 1922 815 1990; x_wconf 74' lang='grc' dir='ltr'><strong>ἂν</strong></span> <span class='ocrx_word' id='word_1_126' title='bbox 839 1921 857 2006; x_wconf 66' lang='grc' dir='ltr'><strong><em>ᾖ</em></strong></span> <span class='ocrx_word' id='word_1_127' title='bbox 881 1923 1018 2000; x_wconf 81' lang='grc' dir='ltr'><strong><em>κείμενος</em></strong></span> <span class='ocrx_word' id='word_1_128' title='bbox 1050 1923 1105 1988; x_wconf 82' lang='grc' dir='ltr'><strong>σὺν</strong></span> <span class='ocrx_word' id='word_1_129' title='bbox 1126 1924 1169 2004; x_wconf 74' lang='grc' dir='ltr'><strong>τῷ</strong></span> <span class='ocrx_word' id='word_1_130' title='bbox 1193 1922 1294 2004; x_wconf 74' lang='grc' dir='ltr'><strong><em>ὀβελῷ</em></strong></span> <span class='ocrx_word' id='word_1_131' title='bbox 1318 1917 1364 1989; x_wconf 72' lang='grc' dir='ltr'><strong>ἔτι</strong></span> 
     </span>
     <span class='ocr_line' id='line_1_16' title="bbox 171 2027 955 2114; baseline 0 -18"><span class='ocrx_word' id='word_1_132' title='bbox 171 2033 311 2113; x_wconf 71' lang='grc' dir='ltr'><strong><em>Ὀμήρου</em></strong></span> <span class='ocrx_word' id='word_1_133' title='bbox 335 2030 394 2111; x_wconf 87' lang='grc' dir='ltr'><strong>μέν</strong></span> <span class='ocrx_word' id='word_1_134' title='bbox 417 2033 484 2110; x_wconf 77' lang='grc' dir='ltr'><strong>ἔτι,</strong></span> <span class='ocrx_word' id='word_1_135' title='bbox 509 2029 641 2114; x_wconf 82' lang='grc' dir='ltr'><strong><em>φαύλως</em></strong></span> <span class='ocrx_word' id='word_1_136' title='bbox 666 2029 693 2094; x_wconf 87' lang='grc' dir='ltr'><strong>δ’</strong></span> <span class='ocrx_word' id='word_1_137' title='bbox 717 2027 821 2096; x_wconf 74' lang='grc' dir='ltr'><strong><em>ένίαδε</em></strong></span> <span class='ocrx_word' id='word_1_138' title='bbox 843 2037 955 2096; x_wconf 81' lang='grc' dir='ltr'><strong><em>κεῖται.</em></strong></span> 
     </span>
     <span class='ocr_line' id='line_1_17' title="bbox 83 2134 1366 2224; baseline -0.006 -17"><span class='ocrx_word' id='word_1_139' title='bbox 83 2194 91 2207; x_wconf 96' lang='grc'><strong><em>.</em></strong></span> <span class='ocrx_word' id='word_1_140' title='bbox 216 2137 330 2205; x_wconf 83' lang='lat' dir='ltr'><strong>binam</strong></span> <span class='ocrx_word' id='word_1_141' title='bbox 361 2138 504 2224; x_wconf 90' lang='lat' dir='ltr'><strong>primum</strong></span> <span class='ocrx_word' id='word_1_142' title='bbox 537 2156 600 2222; x_wconf 88' lang='lat' dir='ltr'><strong>quo</strong></span> <span class='ocrx_word' id='word_1_143' title='bbox 627 2144 820 2221; x_wconf 79' lang='lat' dir='ltr'><strong>argumento</strong></span> <span class='ocrx_word' id='word_1_144' title='bbox 852 2134 929 2201; x_wconf 88' lang='lat' dir='ltr'><strong>baec</strong></span> <span class='ocrx_word' id='word_1_145' title='bbox 961 2135 1135 2200; x_wconf 85' lang='lat' dir='ltr'><strong>Aarsromer</strong></span> <span class='ocrx_word' id='word_1_146' title='bbox 1164 2135 1266 2221; x_wconf 88' lang='lat' dir='ltr'><strong>ipsius</strong></span> <span class='ocrx_word' id='word_1_147' title='bbox 1298 2153 1366 2199; x_wconf 92' lang='lat' dir='ltr'><strong>esse</strong></span> 
     </span>
     <span class='ocr_line' id='line_1_18' title="bbox 172 2237 1367 2330; baseline -0.004 -21"><span class='ocrx_word' id='word_1_148' title='bbox 172 2243 374 2330; x_wconf 80' lang='lat' dir='ltr'><strong>collegerim,</strong></span> <span class='ocrx_word' id='word_1_149' title='bbox 392 2241 507 2309; x_wconf 89' lang='lat' dir='ltr'><strong>deinde</strong></span> <span class='ocrx_word' id='word_1_150' title='bbox 528 2244 749 2309; x_wconf 90' lang='lat' dir='ltr'><strong>testimonium</strong></span> <span class='ocrx_word' id='word_1_151' title='bbox 770 2240 945 2307; x_wconf 74' lang='lat' dir='ltr'><strong>Aristonici</strong></span> <span class='ocrx_word' id='word_1_152' title='bbox 964 2240 1057 2325; x_wconf 82' lang='lat' dir='ltr'><strong>gravi</strong></span> <span class='ocrx_word' id='word_1_153' title='bbox 1072 2259 1182 2306; x_wconf 89' lang='lat' dir='ltr'><strong>errore</strong></span> <span class='ocrx_word' id='word_1_154' title='bbox 1202 2250 1235 2306; x_wconf 90' lang='lat' dir='ltr'><strong>et</strong></span> <span class='ocrx_word' id='word_1_155' title='bbox 1253 2237 1367 2306; x_wconf 80' lang='lat' dir='ltr'><strong>mentio</strong></span> 
     </span>
     <span class='ocr_line' id='line_1_19' title="bbox 173 2345 1366 2433; baseline -0.004 -19"><span class='ocrx_word' id='word_1_156' title='bbox 173 2347 329 2416; x_wconf 84' lang='lat' dir='ltr'><strong>liberabo.</strong></span> <span class='ocrx_word' id='word_1_157' title='bbox 378 2347 512 2433; x_wconf 76' lang='lat' dir='ltr'><strong>begitur</strong></span> <span class='ocrx_word' id='word_1_158' title='bbox 535 2347 638 2425; x_wconf 81' lang='lat' dir='ltr'><strong>iocus,</strong></span> <span class='ocrx_word' id='word_1_159' title='bbox 670 2348 764 2413; x_wconf 64' lang='lat' dir='ltr'><strong>euius</strong></span> <span class='ocrx_word' id='word_1_160' title='bbox 790 2356 915 2432; x_wconf 89' lang='lat' dir='ltr'><strong>partem</strong></span> <span class='ocrx_word' id='word_1_161' title='bbox 941 2345 1116 2432; x_wconf 83' lang='lat' dir='ltr'><strong>descripsi,</strong></span> <span class='ocrx_word' id='word_1_162' title='bbox 1143 2348 1173 2411; x_wconf 94' lang='lat' dir='ltr'><strong>in</strong></span> <span class='ocrx_word' id='word_1_163' title='bbox 1201 2353 1366 2432; x_wconf 85' lang='lat' dir='ltr'><strong>praestan·</strong></span> 
     </span>
     <span class='ocr_line' id='line_1_20' title="bbox 173 2449 1365 2539; baseline -0.003 -20"><span class='ocrx_word' id='word_1_164' title='bbox 173 2455 301 2521; x_wconf 82' lang='lat' dir='ltr'><strong>tissimo</strong></span> <span class='ocrx_word' id='word_1_165' title='bbox 333 2452 447 2519; x_wconf 80' lang='lat' dir='ltr'><strong>Codice</strong></span> <span class='ocrx_word' id='word_1_166' title='bbox 479 2452 599 2521; x_wconf 91' lang='lat' dir='ltr'><strong>Veneto</strong></span> <span class='ocrx_word' id='word_1_167' title='bbox 630 2462 659 2520; x_wconf 99' lang='lat' dir='ltr'>A</span> <span class='ocrx_word' id='word_1_168' title='bbox 688 2452 860 2539; x_wconf 89' lang='lat' dir='ltr'><strong>inprimis</strong></span> <span class='ocrx_word' id='word_1_169' title='bbox 893 2449 998 2530; x_wconf 83' lang='lat' dir='ltr'><strong>ioiiis,</strong></span> <span class='ocrx_word' id='word_1_170' title='bbox 1031 2471 1113 2537; x_wconf 90' lang='lat' dir='ltr'><strong>quae</strong></span> <span class='ocrx_word' id='word_1_171' title='bbox 1142 2461 1265 2519; x_wconf 85' lang='lat' dir='ltr'><strong>textum</strong></span> <span class='ocrx_word' id='word_1_172' title='bbox 1291 2471 1365 2517; x_wconf 92' lang='lat' dir='ltr'><strong>cum</strong></span> 
     </span>
     <span class='ocr_line' id='line_1_21' title="bbox 175 2556 1366 2646; baseline -0.002 -22"><span class='ocrx_word' id='word_1_173' title='bbox 175 2557 314 2626; x_wconf 89' lang='lat' dir='ltr'><strong>Scboliis</strong></span> <span class='ocrx_word' id='word_1_174' title='bbox 334 2557 541 2646; x_wconf 87' lang='lat' dir='ltr'><strong>praecedunt.</strong></span> <span class='ocrx_word' id='word_1_175' title='bbox 577 2558 625 2624; x_wconf 80' lang='lat' dir='ltr'><strong>Ex</strong></span> <span class='ocrx_word' id='word_1_176' title='bbox 644 2558 761 2645; x_wconf 89' lang='lat' dir='ltr'><strong>primis</strong></span> <span class='ocrx_word' id='word_1_177' title='bbox 780 2556 864 2624; x_wconf 83' lang='lat' dir='ltr'><strong>ioiiis</strong></span> <span class='ocrx_word' id='word_1_178' title='bbox 887 2577 974 2644; x_wconf 88' lang='lat' dir='ltr'><strong>pars,</strong></span> <span class='ocrx_word' id='word_1_179' title='bbox 997 2566 1033 2624; x_wconf 94' lang='lat' dir='ltr'><strong>ut</strong></span> <span class='ocrx_word' id='word_1_180' title='bbox 1054 2557 1106 2634; x_wconf 85' lang='lat' dir='ltr'><strong>ut,</strong></span> <span class='ocrx_word' id='word_1_181' title='bbox 1126 2558 1268 2625; x_wconf 88' lang='lat' dir='ltr'><strong>abscissa</strong></span> <span class='ocrx_word' id='word_1_182' title='bbox 1290 2556 1366 2623; x_wconf 87' lang='lat' dir='ltr'><strong>oiim</strong></span> 
     </span>
     <span class='ocr_line' id='line_1_22' title="bbox 175 2662 1365 2751; baseline 0.002 -21"><span class='ocrx_word' id='word_1_183' title='bbox 175 2662 279 2751; x_wconf 90' lang='lat' dir='ltr'><strong>periit.</strong></span> <span class='ocrx_word' id='word_1_184' title='bbox 329 2662 448 2745; x_wconf 79' lang='lat' dir='ltr'><strong>Quanti</strong></span> <span class='ocrx_word' id='word_1_185' title='bbox 473 2664 568 2751; x_wconf 88' lang='lat' dir='ltr'><strong>pretii</strong></span> <span class='ocrx_word' id='word_1_186' title='bbox 590 2662 670 2729; x_wconf 89' lang='lat' dir='ltr'><strong>tiber</strong></span> <span class='ocrx_word' id='word_1_187' title='bbox 692 2673 776 2729; x_wconf 90' lang='lat' dir='ltr'><strong>esset</strong></span> <span class='ocrx_word' id='word_1_188' title='bbox 800 2664 831 2729; x_wconf 92' lang='lat' dir='ltr'><strong>in</strong></span> <span class='ocrx_word' id='word_1_189' title='bbox 853 2664 986 2730; x_wconf 87' lang='lat' dir='ltr'><strong>Graecia</strong></span> <span class='ocrx_word' id='word_1_190' title='bbox 1010 2662 1123 2730; x_wconf 84' lang='lat' dir='ltr'><strong>eiioeta</strong></span> <span class='ocrx_word' id='word_1_191' title='bbox 1147 2673 1179 2730; x_wconf 89' lang='lat' dir='ltr'><strong>et</strong></span> <span class='ocrx_word' id='word_1_192' title='bbox 1203 2664 1365 2750; x_wconf 86' lang='lat' dir='ltr'><strong>decrepita</strong></span> 
     </span>
     <span class='ocr_line' id='line_1_23' title="bbox 175 2767 1366 2856; baseline 0.002 -21"><span class='ocrx_word' id='word_1_193' title='bbox 175 2790 269 2837; x_wconf 88' lang='lat' dir='ltr'><strong>nemo</strong></span> <span class='ocrx_word' id='word_1_194' title='bbox 296 2768 503 2856; x_wconf 79' lang='lat' dir='ltr'><strong>intelligebat.</strong></span> <span class='ocrx_word' id='word_1_195' title='bbox 551 2767 585 2837; x_wconf 83' lang='lat' dir='ltr'><strong>Si</strong></span> <span class='ocrx_word' id='word_1_196' title='bbox 613 2768 666 2835; x_wconf 92' lang='lat' dir='ltr'><strong>cui</strong></span> <span class='ocrx_word' id='word_1_197' title='bbox 696 2770 940 2836; x_wconf 83' lang='lat' dir='ltr'><strong>urernbranaeeo</strong></span> <span class='ocrx_word' id='word_1_198' title='bbox 964 2768 1038 2835; x_wconf 85' lang='lat' dir='ltr'><strong>ioiio</strong></span> <span class='ocrx_word' id='word_1_199' title='bbox 1061 2779 1144 2835; x_wconf 83' lang='lat' dir='ltr'><strong>esset</strong></span> <span class='ocrx_word' id='word_1_200' title='bbox 1169 2791 1250 2856; x_wconf 92' lang='lat' dir='ltr'><strong>opus</strong></span> <span class='ocrx_word' id='word_1_201' title='bbox 1274 2791 1291 2836; x_wconf 88' lang='lat' dir='ltr'><strong>a</strong></span> <span class='ocrx_word' id='word_1_202' title='bbox 1317 2791 1366 2838; x_wconf 85' lang='lat' dir='ltr'><strong>ve·</strong></span> 
     </span>
     <span class='ocr_line' id='line_1_24' title="bbox 176 2873 1367 2943; baseline 0.002 -2"><span class='ocrx_word' id='word_1_203' title='bbox 176 2884 263 2942; x_wconf 89' lang='lat' dir='ltr'><strong>tusto</strong></span> <span class='ocrx_word' id='word_1_204' title='bbox 292 2874 373 2941; x_wconf 88' lang='lat' dir='ltr'><strong>iibro</strong></span> <span class='ocrx_word' id='word_1_205' title='bbox 397 2873 519 2940; x_wconf 86' lang='lat' dir='ltr'><strong>nuliam</strong></span> <span class='ocrx_word' id='word_1_206' title='bbox 552 2876 584 2940; x_wconf 89' lang='lat' dir='ltr'><strong>in</strong></span> <span class='ocrx_word' id='word_1_207' title='bbox 611 2894 679 2941; x_wconf 89' lang='lat' dir='ltr'><strong>rem</strong></span> <span class='ocrx_word' id='word_1_208' title='bbox 713 2875 783 2940; x_wconf 90' lang='lat' dir='ltr'><strong>utiii</strong></span> <span class='ocrx_word' id='word_1_209' title='bbox 816 2874 983 2942; x_wconf 84' lang='lat' dir='ltr'><strong>areiiebat.</strong></span> <span class='ocrx_word' id='word_1_210' title='bbox 1033 2873 1086 2941; x_wconf 89' lang='lat' dir='ltr'><strong>Sic</strong></span> <span class='ocrx_word' id='word_1_211' title='bbox 1118 2875 1271 2943; x_wconf 86' lang='lat' dir='ltr'><strong>Athenaei</strong></span> <span class='ocrx_word' id='word_1_212' title='bbox 1303 2876 1367 2943; x_wconf 90' lang='lat' dir='ltr'><strong>duo</strong></span> 
     </span>
     <span class='ocr_line' id='line_1_25' title="bbox 174 2979 1365 3067; baseline 0.001 -21"><span class='ocrx_word' id='word_1_213' title='bbox 174 2983 299 3067; x_wconf 89' lang='lat' dir='ltr'><strong>priores</strong></span> <span class='ocrx_word' id='word_1_214' title='bbox 333 2979 482 3046; x_wconf 77' lang='lat' dir='ltr'><strong>libriin</strong></span> <span class='ocrx_word' id='word_1_215' title='bbox 520 2980 740 3046; x_wconf 79' lang='lat' dir='ltr'><strong>uetustissimo</strong></span> <span class='ocrx_word' id='word_1_216' title='bbox 772 2981 934 3047; x_wconf 83' lang='lat' dir='ltr'><strong>Marciano</strong></span> <span class='ocrx_word' id='word_1_217' title='bbox 969 2980 1082 3048; x_wconf 81' lang='lat' dir='ltr'><strong>Codice</strong></span> <span class='ocrx_word' id='word_1_218' title='bbox 1119 2981 1365 3049; x_wconf 87' lang='lat' dir='ltr'><strong>interciderunt.</strong></span> 
     </span>
     <span class='ocr_line' id='line_1_26' title="bbox 175 3084 1367 3174; baseline 0.001 -22"><span class='ocrx_word' id='word_1_219' title='bbox 175 3085 358 3174; x_wconf 80' lang='lat' dir='ltr'><strong>Supersunt</strong></span> <span class='ocrx_word' id='word_1_220' title='bbox 382 3104 467 3152; x_wconf 89' lang='lat' dir='ltr'><strong>nunc</strong></span> <span class='ocrx_word' id='word_1_221' title='bbox 492 3087 525 3151; x_wconf 93' lang='lat' dir='ltr'><strong>in</strong></span> <span class='ocrx_word' id='word_1_222' title='bbox 558 3085 679 3153; x_wconf 87' lang='lat' dir='ltr'><strong>Veneto</strong></span> <span class='ocrx_word' id='word_1_223' title='bbox 707 3096 734 3152; x_wconf 91' lang='lat' dir='ltr'>A</span> <span class='ocrx_word' id='word_1_224' title='bbox 758 3084 892 3152; x_wconf 78' lang='lat' dir='ltr'><strong>disiecta</strong></span> <span class='ocrx_word' id='word_1_225' title='bbox 925 3085 1081 3174; x_wconf 84' lang='lat' dir='ltr'><strong>quaedam</strong></span> <span class='ocrx_word' id='word_1_226' title='bbox 1112 3086 1184 3153; x_wconf 88' lang='lat' dir='ltr'><strong>ioiia</strong></span> <span class='ocrx_word' id='word_1_227' title='bbox 1212 3088 1367 3173; x_wconf 90' lang='lat' dir='ltr'><strong>paucula,</strong></span> 
     </span>
     <span class='ocr_line' id='line_1_27' title="bbox 175 3189 1367 3280; baseline 0.001 -21"><span class='ocrx_word' id='word_1_228' title='bbox 175 3211 313 3277; x_wconf 89' lang='lat' dir='ltr'><strong>quorum</strong></span> <span class='ocrx_word' id='word_1_229' title='bbox 339 3199 486 3257; x_wconf 87' lang='lat' dir='ltr'><strong>netarum</strong></span> <span class='ocrx_word' id='word_1_230' title='bbox 521 3192 630 3256; x_wconf 90' lang='lat' dir='ltr'><strong>estin</strong></span> <span class='ocrx_word' id='word_1_231' title='bbox 664 3211 727 3277; x_wconf 86' lang='lat' dir='ltr'><strong>quo</strong></span> <span class='ocrx_word' id='word_1_232' title='bbox 751 3189 805 3255; x_wconf 88' lang='lat' dir='ltr'><strong>iiia</strong></span> <span class='ocrx_word' id='word_1_233' title='bbox 833 3212 915 3278; x_wconf 88' lang='lat' dir='ltr'><strong>quae</strong></span> <span class='ocrx_word' id='word_1_234' title='bbox 945 3191 1018 3259; x_wconf 88' lang='lat' dir='ltr'><strong>dedi</strong></span> <span class='ocrx_word' id='word_1_235' title='bbox 1051 3194 1171 3280; x_wconf 88' lang='lat' dir='ltr'><strong>scripta</strong></span> <span class='ocrx_word' id='word_1_236' title='bbox 1196 3204 1272 3260; x_wconf 91' lang='lat' dir='ltr'><strong>sunt</strong></span> <span class='ocrx_word' id='word_1_237' title='bbox 1298 3195 1367 3261; x_wconf 91' lang='lat' dir='ltr'><strong>sine</strong></span> 
     </span>
     <span class='ocr_line' id='line_1_28' title="bbox 176 3296 1368 3384; baseline 0.006 -24"><span class='ocrx_word' id='word_1_238' title='bbox 176 3297 268 3366; x_wconf 93' lang='lat' dir='ltr'><strong>initio</strong></span> <span class='ocrx_word' id='word_1_239' title='bbox 287 3308 321 3365; x_wconf 91' lang='lat' dir='ltr'><strong>et</strong></span> <span class='ocrx_word' id='word_1_240' title='bbox 344 3297 426 3378; x_wconf 89' lang='lat' dir='ltr'><strong>fine,</strong></span> <span class='ocrx_word' id='word_1_241' title='bbox 460 3297 536 3384; x_wconf 90' lang='lat' dir='ltr'><strong>quia</strong></span> <span class='ocrx_word' id='word_1_242' title='bbox 560 3297 707 3363; x_wconf 82' lang='lat' dir='ltr'><strong>avulsum</strong></span> <span class='ocrx_word' id='word_1_243' title='bbox 734 3296 830 3383; x_wconf 88' lang='lat' dir='ltr'><strong>periit</strong></span> <span class='ocrx_word' id='word_1_244' title='bbox 854 3305 885 3362; x_wconf 89' lang='lat' dir='ltr'><strong>et</strong></span> <span class='ocrx_word' id='word_1_245' title='bbox 910 3296 1104 3384; x_wconf 84' lang='lat' dir='ltr'><strong>praecedens</strong></span> <span class='ocrx_word' id='word_1_246' title='bbox 1128 3296 1239 3364; x_wconf 86' lang='lat' dir='ltr'><strong>iulium</strong></span> <span class='ocrx_word' id='word_1_247' title='bbox 1265 3310 1297 3367; x_wconf 94' lang='lat' dir='ltr'><strong>et</strong></span> <span class='ocrx_word' id='word_1_248' title='bbox 1321 3320 1368 3367; x_wconf 91' lang='lat' dir='ltr'><strong>se·</strong></span> 
     </span>
     <span class='ocr_line' id='line_1_29' title="bbox 173 3400 1367 3490; baseline 0.003 -20"><span class='ocrx_word' id='word_1_249' title='bbox 173 3423 286 3490; x_wconf 82' lang='lat' dir='ltr'><strong>quens.</strong></span> <span class='ocrx_word' id='word_1_250' title='bbox 335 3404 434 3470; x_wconf 88' lang='lat' dir='ltr'><strong>Cuius</strong></span> <span class='ocrx_word' id='word_1_251' title='bbox 457 3413 565 3469; x_wconf 92' lang='lat' dir='ltr'><strong>autem</strong></span> <span class='ocrx_word' id='word_1_252' title='bbox 591 3402 643 3469; x_wconf 89' lang='lat' dir='ltr'><strong>iiia</strong></span> <span class='ocrx_word' id='word_1_253' title='bbox 669 3401 767 3468; x_wconf 86' lang='lat' dir='ltr'><strong>sonti</strong></span> <span class='ocrx_word' id='word_1_254' title='bbox 817 3400 967 3470; x_wconf 89' lang='lat' dir='ltr'><strong>Suboiuit</strong></span> <span class='ocrx_word' id='word_1_255' title='bbox 990 3401 1021 3469; x_wconf 83' lang='lat' dir='ltr'><strong>iri</strong></span> <span class='ocrx_word' id='word_1_256' title='bbox 1050 3402 1129 3469; x_wconf 91' lang='lat' dir='ltr'><strong>mibi</strong></span> <span class='ocrx_word' id='word_1_257' title='bbox 1154 3424 1193 3470; x_wconf 80' lang='lat' dir='ltr'><strong>es</strong></span> <span class='ocrx_word' id='word_1_258' title='bbox 1218 3425 1255 3471; x_wconf 93' lang='lat' dir='ltr'><strong>eo</strong></span> <span class='ocrx_word' id='word_1_259' title='bbox 1279 3426 1367 3474; x_wconf 90' lang='lat' dir='ltr'><strong>more</strong></span> 
     </span>
     <span class='ocr_line' id='line_1_30' title="bbox 174 3508 1369 3597; baseline 0.004 -24"><span class='ocrx_word' id='word_1_260' title='bbox 174 3519 347 3588; x_wconf 80' lang='lat' dir='ltr'><strong>aeterum,</strong></span> <span class='ocrx_word' id='word_1_261' title='bbox 385 3530 449 3597; x_wconf 90' lang='lat' dir='ltr'><strong>qno</strong></span> <span class='ocrx_word' id='word_1_262' title='bbox 483 3509 776 3577; x_wconf 84' lang='lat' dir='ltr'><strong>Grammaticorum</strong></span> <span class='ocrx_word' id='word_1_263' title='bbox 825 3508 1040 3576; x_wconf 81' lang='lat' dir='ltr'><strong>Praefationes</strong></span> <span class='ocrx_word' id='word_1_264' title='bbox 1076 3511 1369 3596; x_wconf 82' lang='lat' dir='ltr'><strong>praemittebantur</strong></span> 
     </span>
     <span class='ocr_line' id='line_1_31' title="bbox 173 3613 1368 3703; baseline 0.002 -21"><span class='ocrx_word' id='word_1_265' title='bbox 173 3615 266 3684; x_wconf 88' lang='lat' dir='ltr'><strong>libris</strong></span> <span class='ocrx_word' id='word_1_266' title='bbox 290 3618 324 3681; x_wconf 90' lang='lat' dir='ltr'><strong>in</strong></span> <span class='ocrx_word' id='word_1_267' title='bbox 353 3635 491 3703; x_wconf 89' lang='lat' dir='ltr'><strong>quorum</strong></span> <span class='ocrx_word' id='word_1_268' title='bbox 518 3613 720 3700; x_wconf 79' lang='lat' dir='ltr'><strong>marginibus</strong></span> <span class='ocrx_word' id='word_1_269' title='bbox 742 3613 932 3703; x_wconf 82' lang='grc' dir='ltr'><strong><em>(μετωπίοις)</em></strong></span> <span class='ocrx_word' id='word_1_270' title='bbox 957 3615 1195 3682; x_wconf 85' lang='lat' dir='ltr'><strong>observationes</strong></span> <span class='ocrx_word' id='word_1_271' title='bbox 1218 3626 1250 3683; x_wconf 91' lang='lat' dir='ltr'><strong>et</strong></span> <span class='ocrx_word' id='word_1_272' title='bbox 1273 3616 1368 3684; x_wconf 87' lang='lat' dir='ltr'><strong>Sebo-</strong></span> 
     </span>
     <span class='ocr_line' id='line_1_32' title="bbox 175 3720 1370 3808; baseline 0.002 -21"><span class='ocrx_word' id='word_1_273' title='bbox 175 3721 216 3789; x_wconf 84' lang='lat' dir='ltr'><strong>lia</strong></span> <span class='ocrx_word' id='word_1_274' title='bbox 240 3724 401 3808; x_wconf 88' lang='lat' dir='ltr'><strong>cuiusque</strong></span> <span class='ocrx_word' id='word_1_275' title='bbox 431 3720 642 3787; x_wconf 86' lang='lat' dir='ltr'><strong>Grammatici</strong></span> <span class='ocrx_word' id='word_1_276' title='bbox 671 3729 823 3788; x_wconf 89' lang='lat' dir='ltr'><strong>annotata</strong></span> <span class='ocrx_word' id='word_1_277' title='bbox 847 3731 967 3789; x_wconf 86' lang='lat' dir='ltr'><strong>essent.</strong></span> <span class='ocrx_word' id='word_1_278' title='bbox 1017 3720 1087 3800; x_wconf 87' lang='lat' dir='ltr'><strong>Sic,</strong></span> <span class='ocrx_word' id='word_1_279' title='bbox 1120 3730 1156 3787; x_wconf 92' lang='lat' dir='ltr'><strong>ut</strong></span> <span class='ocrx_word' id='word_1_280' title='bbox 1187 3721 1246 3789; x_wconf 91' lang='lat' dir='ltr'><strong>boc</strong></span> <span class='ocrx_word' id='word_1_281' title='bbox 1277 3733 1370 3800; x_wconf 87' lang='lat' dir='ltr'><strong>utar,</strong></span> 
     </span>
     <span class='ocr_line' id='line_1_33' title="bbox 175 3826 1367 3915; baseline 0.001 -21"><span class='ocrx_word' id='word_1_282' title='bbox 175 3827 320 3895; x_wconf 75' lang='lat' dir='ltr'><strong>Erotium</strong></span> <span class='ocrx_word' id='word_1_283' title='bbox 353 3826 637 3914; x_wconf 83' lang='lat' dir='ltr'><strong>interpretationes</strong></span> <span class='ocrx_word' id='word_1_284' title='bbox 669 3834 727 3893; x_wconf 82' lang='grc' dir='ltr'><strong>τῶν</strong></span> <span class='ocrx_word' id='word_1_285' title='bbox 755 3829 993 3909; x_wconf 80' lang='grc' dir='ltr'><strong><em>Ἰπποκρατείων</em></strong></span> <span class='ocrx_word' id='word_1_286' title='bbox 1018 3835 1168 3907; x_wconf 78' lang='grc' dir='ltr'><strong><em>γλωσσῶν</em></strong></span> <span class='ocrx_word' id='word_1_287' title='bbox 1192 3827 1231 3893; x_wconf 82' lang='lat' dir='ltr'><strong>ad</strong></span> <span class='ocrx_word' id='word_1_288' title='bbox 1262 3830 1367 3915; x_wconf 82' lang='lat' dir='ltr'><strong>ipsum</strong></span> 
     </span>
     <span class='ocr_line' id='line_1_34' title="bbox 177 3930 1369 4022; baseline 0 -22"><span class='ocrx_word' id='word_1_289' title='bbox 177 3932 381 4022; x_wconf 81' lang='lat' dir='ltr'><strong>Hippocratis</strong></span> <span class='ocrx_word' id='word_1_290' title='bbox 400 3940 524 3999; x_wconf 88' lang='lat' dir='ltr'><strong>textum</strong></span> <span class='ocrx_word' id='word_1_291' title='bbox 547 3930 586 3998; x_wconf 79' lang='lat' dir='ltr'><strong>ati</strong></span> <span class='ocrx_word' id='word_1_292' title='bbox 609 3951 704 4018; x_wconf 89' lang='lat' dir='ltr'><strong>quem</strong></span> <span class='ocrx_word' id='word_1_293' title='bbox 727 3952 873 4019; x_wconf 87' lang='lat' dir='ltr'><strong>quaeque</strong></span> <span class='ocrx_word' id='word_1_294' title='bbox 899 3931 1003 3999; x_wconf 88' lang='lat' dir='ltr'><strong>iocum</strong></span> <span class='ocrx_word' id='word_1_295' title='bbox 1026 3933 1230 4019; x_wconf 88' lang='lat' dir='ltr'><strong>pertinebant</strong></span> <span class='ocrx_word' id='word_1_296' title='bbox 1255 3934 1286 3999; x_wconf 92' lang='lat' dir='ltr'><strong>in</strong></span> <span class='ocrx_word' id='word_1_297' title='bbox 1312 3954 1369 4000; x_wconf 82' lang='lat' dir='ltr'><strong>ora</strong></span> 
     </span>
     <span class='ocr_line' id='line_1_35' title="bbox 177 4037 1369 4124; baseline 0.003 -20"><span class='ocrx_word' id='word_1_298' title='bbox 177 4038 248 4106; x_wconf 90' lang='lat' dir='ltr'><strong>iibri</strong></span> <span class='ocrx_word' id='word_1_299' title='bbox 273 4038 550 4106; x_wconf 86' lang='lat' dir='ltr'><strong>adscribebantur.</strong></span> <span class='ocrx_word' id='word_1_300' title='bbox 598 4037 757 4104; x_wconf 77' lang='lat' dir='ltr'><strong>Praefatio</strong></span> <span class='ocrx_word' id='word_1_301' title='bbox 786 4048 894 4105; x_wconf 89' lang='lat' dir='ltr'><strong>autem</strong></span> <span class='ocrx_word' id='word_1_302' title='bbox 926 4037 1069 4104; x_wconf 79' lang='lat' dir='ltr'><strong>Erotiani</strong></span> <span class='ocrx_word' id='word_1_303' title='bbox 1097 4039 1129 4102; x_wconf 94' lang='lat' dir='ltr'><strong>in</strong></span> <span class='ocrx_word' id='word_1_304' title='bbox 1156 4037 1270 4124; x_wconf 83' lang='lat' dir='ltr'><strong>primis</strong></span> <span class='ocrx_word' id='word_1_305' title='bbox 1294 4038 1369 4108; x_wconf 91' lang='lat' dir='ltr'><strong>iibri</strong></span> 
     </span>
     <span class='ocr_line' id='line_1_36' title="bbox 178 4143 1369 4233; baseline 0.003 -23"><span class='ocrx_word' id='word_1_306' title='bbox 178 4143 259 4212; x_wconf 86' lang='lat' dir='ltr'><strong>ioiiis</strong></span> <span class='ocrx_word' id='word_1_307' title='bbox 277 4145 559 4233; x_wconf 87' lang='lat' dir='ltr'><strong>praemittebatur.</strong></span> <span class='ocrx_word' id='word_1_308' title='bbox 603 4144 712 4232; x_wconf 88' lang='lat' dir='ltr'><strong>Neque</strong></span> <span class='ocrx_word' id='word_1_309' title='bbox 736 4144 767 4211; x_wconf 86' lang='lat' dir='ltr'><strong>id</strong></span> <span class='ocrx_word' id='word_1_310' title='bbox 789 4144 883 4212; x_wconf 90' lang='lat' dir='ltr'><strong>aiiter</strong></span> <span class='ocrx_word' id='word_1_311' title='bbox 907 4144 976 4212; x_wconf 88' lang='lat' dir='ltr'><strong>fieri</strong></span> <span class='ocrx_word' id='word_1_312' title='bbox 1002 4153 1143 4231; x_wconf 90' lang='lat' dir='ltr'><strong>poterat:</strong></span> <span class='ocrx_word' id='word_1_313' title='bbox 1170 4145 1202 4210; x_wconf 92' lang='lat' dir='ltr'><strong>in</strong></span> <span class='ocrx_word' id='word_1_314' title='bbox 1223 4147 1369 4232; x_wconf 79' lang='lat' dir='ltr'><strong>margine</strong></span> 
     </span>
     <span class='ocr_line' id='line_1_37' title="bbox 178 4250 1370 4337; baseline 0.001 -20"><span class='ocrx_word' id='word_1_315' title='bbox 178 4250 263 4318; x_wconf 87' lang='lat' dir='ltr'><strong>circa</strong></span> <span class='ocrx_word' id='word_1_316' title='bbox 287 4259 412 4318; x_wconf 82' lang='lat' dir='ltr'><strong>textum</strong></span> <span class='ocrx_word' id='word_1_317' title='bbox 439 4271 500 4317; x_wconf 89' lang='lat' dir='ltr'><strong>non</strong></span> <span class='ocrx_word' id='word_1_318' title='bbox 522 4261 591 4318; x_wconf 90' lang='lat' dir='ltr'><strong>erat</strong></span> <span class='ocrx_word' id='word_1_319' title='bbox 619 4250 811 4318; x_wconf 77' lang='lat' dir='ltr'><strong>Praetutiani</strong></span> <span class='ocrx_word' id='word_1_320' title='bbox 837 4251 943 4318; x_wconf 89' lang='lat' dir='ltr'><strong>iocus:</strong></span> <span class='ocrx_word' id='word_1_321' title='bbox 979 4251 1089 4337; x_wconf 88' lang='lat' dir='ltr'><strong>itaque</strong></span> <span class='ocrx_word' id='word_1_322' title='bbox 1114 4253 1145 4317; x_wconf 92' lang='lat' dir='ltr'><strong>in</strong></span> <span class='ocrx_word' id='word_1_323' title='bbox 1172 4253 1370 4318; x_wconf 89' lang='lat' dir='ltr'><strong>membranis</strong></span> 
     </span>
     <span class='ocr_line' id='line_1_38' title="bbox 179 4354 1369 4444; baseline 0.004 -24"><span class='ocrx_word' id='word_1_324' title='bbox 179 4354 257 4423; x_wconf 86' lang='lat' dir='ltr'><strong>iibro</strong></span> <span class='ocrx_word' id='word_1_325' title='bbox 298 4358 485 4443; x_wconf 88' lang='lat' dir='ltr'><strong>praemissis</strong></span> <span class='ocrx_word' id='word_1_326' title='bbox 524 4355 791 4435; x_wconf 87' lang='lat' dir='ltr'><strong>describebatur,</strong></span> <span class='ocrx_word' id='word_1_327' title='bbox 829 4377 868 4424; x_wconf 94' lang='lat' dir='ltr'><strong>ne</strong></span> <span class='ocrx_word' id='word_1_328' title='bbox 905 4357 958 4423; x_wconf 82' lang='lat' dir='ltr'><strong>itta</strong></span> <span class='ocrx_word' id='word_1_329' title='bbox 996 4376 1071 4443; x_wconf 91' lang='lat' dir='ltr'><strong>pars</strong></span> <span class='ocrx_word' id='word_1_330' title='bbox 1107 4359 1214 4444; x_wconf 87' lang='lat' dir='ltr'><strong>operis</strong></span> <span class='ocrx_word' id='word_1_331' title='bbox 1250 4362 1369 4425; x_wconf 83' lang='lat' dir='ltr'><strong>onrissa</strong></span> 
     </span>
     <span class='ocr_line' id='line_1_39' title="bbox 181 4463 1370 4552; baseline 0.001 -23"><span class='ocrx_word' id='word_1_332' title='bbox 181 4464 310 4547; x_wconf 88' lang='lat' dir='ltr'><strong>periret.</strong></span> <span class='ocrx_word' id='word_1_333' title='bbox 348 4463 409 4545; x_wconf 85' lang='lat' dir='ltr'><strong>Qui</strong></span> <span class='ocrx_word' id='word_1_334' title='bbox 431 4465 632 4551; x_wconf 86' lang='lat' dir='ltr'><strong>praectarum</strong></span> <span class='ocrx_word' id='word_1_335' title='bbox 654 4463 803 4530; x_wconf 85' lang='lat' dir='ltr'><strong>Codieem</strong></span> <span class='ocrx_word' id='word_1_336' title='bbox 822 4463 978 4532; x_wconf 86' lang='lat' dir='ltr'><strong>Venetam</strong></span> <span class='ocrx_word' id='word_1_337' title='bbox 1002 4473 1031 4529; x_wconf 91' lang='lat' dir='ltr'>A</span> <span class='ocrx_word' id='word_1_338' title='bbox 1051 4463 1241 4550; x_wconf 77' lang='lat' dir='ltr'><strong>scripstcad</strong></span> <span class='ocrx_word' id='word_1_339' title='bbox 1259 4483 1370 4552; x_wconf 87' lang='lat' dir='ltr'><strong>quem·</strong></span> 
     </span>
    </p>
   </div>
   <div class='ocr_carea' id='block_1_3' title="bbox 0 0 1640 5034">
    <p class='ocr_par' dir='ltr' id='par_1_5' title="bbox 0 0 1640 5034">
     <span class='ocr_line' id='line_1_40' title="bbox 0 0 1640 5034; baseline 0 0"><span class='ocrx_word' id='word_1_340' title='bbox 0 0 1640 5034; x_wconf 95' lang='lat' dir='ltr'><strong> </strong></span> 
     </span>
    </p>
   </div>
  </div>
 </body>
</html>
