3330 5012
667 399 697 443 tn
725 399 922 445 nationesne.
1322 377 1385 439 525

204 564 243 632 atl
266 565 422 632 Arsinoen
444 562 589 650 jubentis
612 566 654 636 εὶς
685 562 783 647 ἕτερον
812 573 987 645 μετατῆναι
1017 561 1167 642 δωμάτιον
1192 563 1244 627 καί
1268 565 1388 642 σχολὴν

165 726 170 737 .
204 671 284 757 αὐτῇ
302 677 497 753 παρασχεῖν.
544 668 627 734 'l'nm
651 667 816 737 addunlur
843 670 912 737 illa:
937 670 1119 752 ἐρυθριᾶν
1142 667 1224 747 γθιρ,
1248 664 1328 749 ἔφη,
1344 666 1388 731 τθ

205 772 357 855 μειράκιον
380 773 450 855 ἄρτι
474 778 534 838 τῶν
556 773 738 855 Ἀφροδίτας
762 776 941 855 μυούμενον.
989 772 1130 840 Verbum
1154 771 1217 855 ἔφη
1241 769 1387 837 aduttum

205 878 326 959 iudicat
351 898 413 945 non
437 877 498 944 boc
525 879 683 963 scriptum
707 878 805 946 luisse
836 879 913 945 olim
944 875 999 944 sed
1031 878 1201 961 ἐρυθριᾷ.
1250 873 1388 941 Eaedem

204 983 448 1051 terminationes
478 981 631 1049 ccnlusae
660 994 735 1051 suot
758 983 842 1051 inlra
868 1005 898 1070 p.
913 985 987 1050 379.
1016 986 1051 1048 lt
1079 982 1152 1063 πρὸς
1175 980 1389 1061 θερίπειαν

202 1087 309 1165 ὄντας,
334 1106 408 1153 narn
439 1088 513 1169 πρὸς
544 1088 742 1174 θεραπεία
770 1088 891 1156 Graece
921 1087 1043 1154 dicitur
1073 1106 1148 1154 cum
1180 1085 1276 1152 tertio
1300 1103 1388 1151 casu

202 1192 271 1259 Νοιι
304 1194 408 1283 καιρία
439 1191 519 1258 mibi
559 1193 735 1279 persuadeo
768 1195 939 1282 scripsisse
976 1190 1180 1258 Charitonem
1213 1210 1242 1276 p.
1268 1193 1321 1255 67.
1349 1193 1388 1255 17

202 1295 380 1382 προστάξας
416 1297 448 1363 ii
484 1300 627 1363 Φακοῖυ
653 1299 696 1364 τθι
727 1300 784 1378 μέν
816 1297 906 1364 ἄλλα
940 1302 1079 1379 φανερῶς
1110 1296 1301 1375 διηγεῖσθαι,
1334 1292 1390 1360 sed

204 1409 316 1487 Φακῇ
340 1421 452 1469 verum
486 1410 546 1468 est.
593 1401 730 1468 Gravius
760 1412 868 1469 autern
894 1402 1010 1468 vitium
1037 1401 1214 1468 Herodotus
1237 1398 1295 1466 alit
1320 1398 1390 1464 Vll.

205 1512 247 1573 16
270 1506 413 1589 κατθπερ
435 1507 491 1581 τὴν
513 1504 636 1573 πθνπσιν
656 1507 899 1589 χρησιμωτάτην
919 1507 1095 1587 ἀνθρώποισι
1117 1504 1281 1572 θθλασσαν
1301 1504 1391 1571 πνεθ·

203 1611 296 1692 ματθ
318 1617 423 1697 Φασι
454 1610 574 1690 alipes
603 1611 803 1689 ἐμπίπτοντα
828 1615 862 1679 οὐ
893 1614 1084 1694 περιορῖιυ
1114 1608 1194 1693 Φθσι
1215 1618 1254 1693 τῇ
1279 1609 1391 1684 locria
1433 1684 1438 1689 ,
1544 1660 1550 1675 .

202 1719 353 1799 χρᾶσθαι.
401 1715 505 1793 Verba
537 1714 616 1782 baec
648 1726 725 1784 sunt
755 1716 926 1794 Artabani,
959 1716 1015 1803 qui
1040 1715 1173 1782 [larium
1198 1713 1334 1781 iratrem
1358 1712 1392 1779 in

202 1820 405 1909 expeditione
424 1819 580 1888 adversus
599 1820 737 1911 Scythas
755 1823 930 1890 comitatus
954 1820 1060 1888 luerat
1081 1839 1185 1908 neque
1203 1817 1321 1887 relatas
1340 1837 1393 1885 res

204 1925 304 2023 relert
326 1925 382 1994 setl
406 1944 545 2014 quarum
569 1924 646 1992 olim
670 1926 817 1995 oculatus
842 1928 935 1993 testis
963 1925 1081 1993 luerat:
1108 1926 1217 2012 itaque
1239 1921 1393 1991 credibile

203 2030 311 2099 estid
343 2030 428 2118 quod
461 2038 511 2098 est
543 2028 621 2113 φύσι
653 2030 767 2099 iecisse
798 2040 834 2098 ut
867 2033 970 2099 alieno
1002 2031 1070 2098 loco
1094 2031 1268 2097 adderetur
1290 2032 1392 2112 Φαπι,

204 2158 270 2226 quc
288 2144 448 2225 expuncto
464 2134 571 2202 omnia
589 2144 675 2203 recle
690 2156 760 2203 sese
779 2137 942 2205 habebunt
957 2137 984 2203 si
1002 2137 1207 2224 rescripseris
1218 2141 1392 2219 περιορᾷ.

251 2243 357 2309 Minus
385 2241 466 2309 bene
497 2239 652 2307 scribitur
683 2262 715 2328 p.
737 2247 815 2310 239.
849 2248 891 2310 49
924 2244 1054 2327 ἀδελφῷ
1084 2243 1127 2324 τῷ
1155 2242 1219 2324 4μῷ
1243 2240 1394 2319 Θεαγένει

203 2349 349 2430 τοίπερ,
379 2365 453 2411 nam
487 2346 651 2412 sincerum
684 2354 733 2412 est
763 2349 910 2431 τουτῳί
938 2357 970 2414 et
1001 2368 1034 2435 p.
1061 2351 1137 2414 257.
1162 2353 1182 2412 5
1206 2345 1393 2428 Χαρικλείας

201 2450 360 2526 ταύτης
383 2448 475 2516 ἕνεκα
498 2469 555 2537 pro
578 2452 756 2527 ταυτησί
778 2460 811 2517 el
836 2471 866 2538 p.
889 2455 964 2519 545.
991 2456 1033 2519 45
1057 2450 1228 2535 Χαρικλείᾳ
1258 2449 1393 2533 ταύτῃ

169 2620 171 2624 .
204 2576 265 2644 pro
287 2556 450 2637 ταυτρί,
475 2556 570 2621 siculi
597 2565 684 2622 recle
708 2575 737 2642 p.
751 2560 829 2623 544.
852 2562 893 2624 15
914 2557 1083 2641 Καλθσιριν
1106 2556 1239 2633 τουτονί,
1263 2575 1295 2642 p.
1315 2558 1393 2621 524.

204 2666 249 2729 28
273 2661 457 2728 Ναυσικλέα
480 2662 612 2737 τουτονί,
639 2681 668 2747 p.
690 2666 765 2727 out.
787 2667 830 2728 40
850 2663 905 2739 ἐμὲ
922 2665 1041 2729 τουτονί
1052 2712 1062 2743 ,
1086 2683 1117 2749 p.
1131 2666 1211 2728 544.
1232 2664 1274 2726 47
1299 2660 1394 2739 θυγα-

202 2767 280 2848 τέρα
311 2766 439 2842 ταυτκυὶ
471 2774 504 2832 el
527 2786 558 2852 p.
584 2769 660 2832 328.
687 2771 728 2832 35
761 2772 817 2840 τῆς
847 2768 951 2845 κώμας
982 2775 1037 2842 τῆς
1070 2766 1222 2847 ἡμετέρας
1249 2766 1392 2841 ταυτησί.

202 2873 313 2938 ldinus
336 2878 423 2938 recte
443 2889 474 2956 p.
489 2873 567 2938 523.
589 2874 634 2937 aa
653 2872 771 2936 τουτου)
793 2871 1089 2950 Ναυσικλέους,
1114 2870 1168 2937 ubi
1190 2874 1306 2936 nom'en
1323 2888 1394 2957 pro·

205 2977 315 3064 priinn
340 2973 588 3062 expungendum
613 2983 673 3041 est.
721 2974 813 3063 Apud
834 2984 978 3044 oratores
1003 2976 1096 3043 bodie
1116 2994 1242 3063 quoque
1263 2975 1394 3063 plurimi

203 3081 268 3148 loci
288 3087 481 3167 supersunt,
502 3078 620 3165 quibus
640 3078 718 3145 illud
739 3081 837 3147 οὑτοσί
859 3082 969 3168 reponi
989 3080 1092 3150 debet.
1132 3081 1187 3148 Vei
1207 3081 1272 3148 sola
1291 3082 1395 3148 oratio

203 3186 361 3253 adversus
380 3184 534 3251 Neaeram
554 3183 612 3249 boc
632 3194 812 3252 monstrare
829 3187 962 3273 poterit,
985 3188 1018 3252 in
1038 3206 1101 3273 qua
1118 3206 1194 3254 cum
1210 3186 1396 3274 frequenter

203 3291 327 3376 legitur
348 3290 486 3370 Νεαίρας
510 3290 661 3369 ταυτασί,
684 3288 823 3372 Νέαιραν
844 3293 990 3369 ταυτηνί,
1014 3294 1179 3375 Στέφανον
1201 3294 1336 3369 τουτονί,
1361 3293 1394 3358 in

204 3394 258 3461 bis
277 3393 406 3481 quidem
427 3394 557 3461 casibus
577 3413 639 3459 non
664 3405 813 3475 erratur,
838 3397 893 3463 sed
917 3401 935 3483 ς
953 3402 990 3463 14
1014 3398 1126 3465 vitiose
1146 3397 1254 3465 ediinr
1276 3399 1395 3480 Νέαιρα

203 3496 286 3574 αὕτη
318 3506 350 3565 el
381 3497 537 3582 ΣτεΦθνφ
566 3498 663 3582 τοθτιρ
692 3520 749 3587 pro
780 3502 874 3577 arisel
900 3510 932 3569 el
962 3504 1081 3586 τουτῳί.
1129 3502 1216 3569 ldem
1243 3501 1395 3569 mendum

203 3604 347 3672 recurrit
378 3607 396 3688 §
423 3609 487 3684 17,
519 3607 578 3680 20,
613 3609 673 3682 22,
704 3609 767 3684 at,
801 3610 864 3687 27,
898 3613 958 3685 ts,
983 3614 1046 3687 44,
1073 3613 1134 3684 44,
1161 3612 1224 3686 lio,
1246 3611 1308 3684 63,
1332 3611 1394 3684 64,

206 3713 268 3784 72,
296 3714 358 3775 118
388 3717 422 3775 et
453 3711 527 3775 119.
576 3708 726 3796 Reliquos
753 3719 918 3778 oratorum
950 3711 1035 3779 locos
1066 3710 1128 3778 alia
1152 3713 1318 3778 occasione
1342 3731 1395 3779 rc·

203 3811 341 3880 censebo
364 3821 397 3879 et
421 3811 518 3879 simul
541 3812 646 3881 dicam
671 3813 711 3880 de
735 3816 920 3883 norninibus
945 3817 1083 3905 propriis
1107 3825 1179 3903 post
1201 3816 1300 3884 οὑτοσί
1325 3836 1395 3885 cre·

203 3917 264 3985 bro
288 3917 499 4005 interpolatis.

250 4021 350 4089 Solita
374 4023 639 4090 terminationnrn
665 4025 875 4090 commutatio
900 4023 972 4090 lecit
1001 4034 1036 4091 ut
1059 4025 1290 4092 obscuraretur
1308 4027 1394 4114 quod

204 4126 395 4195 Heliodorus
414 4129 545 4215 scripsit
565 4127 1003 4216 penestrinensis
1024 4139 1176 4197 narrator
1195 4130 1393 4199 Charicleam

204 4233 344 4299 inrisere
368 4232 507 4299 noluisse
531 4232 598 4299 οὐδὲ
622 4235 691 4314 θρῖον
714 4232 756 4298 τοὶ
781 4236 886 4300 πολλοὶ
910 4235 1083 4315 διεγνώκει,
1108 4242 1161 4302 τοῦ
1183 4240 1226 4316 μὴ
1247 4240 1302 4315 τὴν
1324 4238 1396 4306 θέαν

204 4336 394 4417 ὑπέκκαυμα
424 4338 588 4417 γίγνεσθαι
616 4343 670 4404 τοῦ
704 4338 882 4418 ἐγκειμένου
912 4340 1003 4408 πθθου
1030 4341 1084 4407 καί
1113 4342 1233 4425 πρᾶξαί
1253 4368 1284 4409 τι
1308 4345 1396 4426 παραὶ

205 4442 249 4523 τοὶ
272 4441 408 4537 δέξαντα
438 4444 490 4511 καί
525 4445 753 4526 τρυδυλυθέντα
777 4449 1159 4549 καταναγκασθείκ.
1206 4448 1273 4516 Non
1300 4448 1395 4516 babel
