3254 5034
283 324 327 389 68
821 340 933 389 ram.

282 508 397 576 iaela
426 520 500 579 est.
548 509 787 577 Tusculano
808 519 973 598 emptor
998 458 1112 577 nemo
1132 510 1225 577 [nil.
1273 510 1314 577 Si
1337 511 1474 578 eoudi·

282 619 346 683 eio
371 618 490 686 ralde
510 618 612 685 bene
636 615 790 695 luerit,
814 616 1000 683 fortasse
1024 636 1100 682 uon
1125 618 1330 683 omittam.
1379 617 1479 685 certe

281 725 432 812 scripsit:
471 724 686 790 Culleonis
716 724 858 788 anulio
888 721 1004 789 laeta
1035 732 1107 790 est
1141 721 1218 789 Sed
1242 744 1315 809 ego
1342 722 1480 790 adhue

282 833 359 897 erni
386 830 492 896 nilril
518 850 546 897 e.
572 851 603 916 q,
627 850 654 894 s.

327 936 363 1002 ln
388 936 522 1023 epistola
542 935 685 1022 proxima
709 936 876 1021 superiore
896 937 965 1021 §lt
986 936 1167 1003 Senatus
1186 934 1270 1002 luit
1288 932 1481 1022 lreqnen·

284 1042 367 1107 lior
401 1062 519 1128 quarn
550 1038 800 1126 putabamus
834 1062 924 1107 esse
956 1062 1076 1129 posse
1101 1062 1237 1107 meuse
1262 1040 1481 1108 lleeembri

284 1147 358 1213 snb
382 1145 472 1212 dies
494 1144 638 1212 leslos.
674 1147 924 1213 Consulares
949 1168 1022 1212 uos
1047 1146 1202 1212 luimus
1224 1154 1264 1212 el
1287 1147 1364 1212 rluo
1387 1167 1481 1212 eon·

283 1250 397 1319 sules
432 1249 665 1337 designari,
703 1253 734 1318 Ρ.
771 1252 1001 1329 Servilius,
1035 1254 1076 1318 ll.
1114 1252 1329 1329 Lucullus,
1364 1252 1483 1338 nepi-

284 1358 375 1435 dus,
401 1357 636 1435 Volealius,
660 1357 851 1438 Glabrio,
877 1369 1108 1445 praetores.
1157 1358 1263 1425 Sane
1288 1357 1482 1445 irequen·

286 1473 347 1530 les
387 1462 567 1530 luimus:
604 1463 685 1529 ridil
715 1462 891 1530 Selrulzius
923 1462 1000 1528 dno
1034 1464 1231 1530 eonsules
1265 1463 1481 1551 designati

284 1579 355 1657 post
376 1590 493 1636 nomeu
517 1568 717 1648 Glabrionis,
749 1571 805 1656 qni
831 1570 918 1636 inler
939 1568 1127 1635 consulares
1152 1581 1364 1648 numeratur,
1388 1579 1483 1637 trau·

283 1675 483 1763 sponendurn
508 1696 589 1742 esse.

330 1783 395 1849 llos
429 1784 515 1849 loros
545 1783 731 1867 eornposui,
763 1783 914 1868 quoniam
939 1783 971 1846 in
994 1792 1135 1868 nlroque
1159 1783 1355 1869 transposila
1381 1782 1484 1849 rerba

286 1896 371 1955 lolos
401 1907 513 1954 versus
546 1888 728 1974 perantiqui
764 1887 878 1953 barum
902 1887 1113 1973 epistolarum
1137 1887 1211 1952 libri
1235 1887 1380 1975 explesse
1403 1909 1481 1975 pro·

288 1993 392 2060 babile
412 2004 472 2059 esi.
520 1993 652 2080 ltaque,
677 2003 839 2079 quolenus
862 2001 988 2059 eerlnur
1013 1992 1198 2059 lillerormu
1223 2013 1395 2059 numerum
1420 2015 1479 2060 en·

287 2102 402 2186 iusque
432 2099 506 2164 libri
531 2119 644 2164 sersus
674 2099 841 2164 ennliuere
864 2097 1003 2176 solenni,
1026 2096 1110 2165 ellici
1136 2108 1239 2186 polest
1262 2109 1480 2186 quolenarurn

286 2207 470 2273 lillerarum
500 2225 614 2272 versus
638 2207 670 2270 iu
697 2203 750 2270 illo
777 2207 911 2291 auliquo
936 2202 1017 2270 libro
1042 2204 1181 2282 luerinl,
1206 2204 1290 2271 unde
1316 2205 1485 2273 Medieeus

288 2313 453 2392 manavit3
492 2331 588 2398 quem
612 2330 782 2378 numerum
809 2319 919 2377 tenere
943 2311 975 2375 iu
1001 2311 1116 2375 eririea
1139 2321 1210 2379 arle
1232 2310 1413 2378 exercenda
1433 2313 1484 2379 in·

286 2420 411 2504 signem
444 2417 616 2484 ulililalem
650 2416 767 2483 babere
799 2424 912 2503 polest.
962 2415 1082 2483 Versus
1116 2425 1225 2484 aulem
1250 2438 1331 2505 quos
1353 2417 1422 2485 diri
1448 2418 1484 2485 bi

288 2533 382 2591 sunl:

559 2629 774 2696 nulleonis
798 2629 948 2695 auctio
971 2627 1136 2695 laelast

558 2734 630 2804 sed
649 2755 723 2821 ego
745 2734 883 2802 adhue
906 2736 986 2802 emi
1011 2734 1120 2801 nihil

852 2851 884 2910 el

558 2947 640 3014 duo
663 2947 866 3015 eonsules
889 2947 1123 3035 designati.

334 3158 392 3228 Ad.
417 3160 453 3242 Q.
478 3158 516 3226 lr.
542 3161 583 3227 ll.
609 3159 670 3248 Ep.
701 3165 781 3241 ibn,
807 3164 838 3226 2.

333 3266 455 3333 [lauis
475 3274 518 3333 ιιι
538 3265 707 3354 quidem
729 3267 938 3345 fraterne,
962 3265 1070 3353 quod
1092 3286 1151 3334 me
1172 3266 1383 3344 hortaris,
1407 3265 1482 3333 sed

289 3372 531 3440 mehercule
555 3381 800 3440 currentem
826 3392 934 3439 nune
957 3370 1147 3459 quidem,
1173 3383 1217 3438 ιιι
1236 3372 1374 3438 omnia
1395 3392 1483 3438 mea

290 3478 433 3545 studia
457 3480 496 3545 iu
522 3480 651 3546 istum
679 3500 799 3546 unuur
825 3476 1056 3546 oonleranr.
1103 3478 1186 3567 Ego
1206 3499 1302 3545 vero
1322 3498 1484 3565 -,quo·

290 3587 399 3652 niam
426 3586 465 3652 in
489 3587 573 3652 islo
598 3587 761 3652 bomine
785 3583 961 3652 colendo
986 3594 1066 3651 lam
1088 3585 1317 3675 indormivi
1336 3584 1484 3663 diu,—

290 3712 417 3760 oursu
448 3694 662 3777 corrigam
695 3690 945 3758 lardilalenr
974 3711 1061 3757 eum
1092 3694 1214 3779 equis
1241 3699 1325 3758 ιιιιιι
1359 3710 1482 3766 vero.

290 3803 479 3888 quonlam
512 3808 553 3864 ιιι
582 3798 741 3865 scribis
776 3796 985 3886 poemaab
1006 3818 1051 3864 eo
1075 3805 1264 3863 nostrum
1291 3796 1482 3883 probari,

291 3907 515 3993 quadrigis
546 3907 737 3991 poeticis.
787 3901 894 3970 Gnrsu
932 3903 953 3968 i.
980 3922 1008 3970 e.
1032 3903 1194 3970 currendo
1217 3913 1254 3968 ιιι
1277 3903 1394 3990 aliquis
1418 3912 1483 3968 lar·

290 4012 425 4079 dilalem
444 4011 606 4097 corrigat,
632 4019 735 4099 polest
759 4009 915 4096 cogilari3
944 4009 998 4075 sed
1022 4017 1057 4075 ul
1076 4008 1238 4075 currendo
1256 4010 1398 4094 eorrignl
1419 4019 1483 4074 lar·

292 4119 425 4186 dilatem
456 4118 549 4205 equis
574 4127 606 4183 el
627 4116 811 4204 quadrigis,
838 4135 899 4181 nou
924 4124 1040 4204 polesl.
1089 4113 1325 4182 seribendumr
1351 4136 1485 4181 eumne

199 4213 210 4225 ⁸
292 4225 501 4310 corrigam
541 4222 801 4290 tarditatem:
839 4223 860 4287 i.
896 4242 922 4288 e.
959 4224 1111 4308 quoniam
1147 4240 1219 4288 sero
1254 4241 1291 4287 ao
1325 4220 1416 4288 lurde
1440 4219 1480 4286 ad

293 4352 426 4401 rursum
457 4333 586 4399 surrexi
611 4341 644 4398 el
671 4330 703 4395 iu
728 4347 827 4395 eursu
853 4348 913 4393 non
945 4323 1026 4395 salis
1057 4328 1240 4417 properari,
1272 4337 1346 4394 irlar
1368 4328 1482 4413 equis,

295 4439 454 4508 uirilius
478 4439 661 4527 perronium
687 4455 750 4522 quo
775 4433 856 4501 rolo.
