3242 5014
240 324 305 389 164
748 343 918 392 nonnus.

400 512 444 589 μή
468 536 502 577 νυ
525 535 555 576 τι
579 518 633 577 σεῦ
657 514 764 586 ἀέκητι
788 511 886 588 δήμιον
911 512 944 574 έιι
967 517 1074 588 κτῆμα
1097 510 1241 594 Φέρονται.

240 618 348 683 ἀθετεῖ
375 616 579 696 Ἀριςοφάνής
611 618 660 682 ἐπὶ
694 619 895 699 σμικρολογία
930 623 1100 687 παντελῶς.
1155 615 1269 702 Odyse.
1299 627 1338 682 O.
1371 616 1426 683 82.

241 719 407 788 Menelaus
430 720 470 786 ad
492 719 720 787 Telemachum
741 723 789 786 ita
810 722 906 786 dicit:

397 824 479 894 ἀσεα
504 825 530 889 δ’
553 825 712 903 ἀνθρώπων
735 826 912 902 ήγήσομαι·
937 825 1003 890 οὐδέ
1026 847 1072 896 τις
1097 823 1197 901 ήμέας

398 928 500 1003 αθτοις
523 928 710 1008 ἀππέμψει.
735 930 820 994 δώσει
844 927 876 993 δέ
898 952 943 994 τοι
966 925 997 993 έν
1019 953 1059 1006 γε
1082 928 1241 1011 Φέρεσθαι.

285 1033 453 1100 Scholion:
484 1034 537 1100 καῖ
568 1040 675 1099 ταῦτα
706 1035 831 1114 ἀπρεπή
861 1033 1055 1099 διδάσκεσθαι
1088 1036 1159 1114 πρὸς
1186 1034 1351 1100 Μενελοῖου
1372 1035 1425 1100 πθν

240 1138 436 1221 Τηλέμαχον
458 1141 619 1204 ’ἐπαιτεῖν
643 1141 845 1221 (mendicare).
880 1136 929 1204 of.
949 1138 1105 1204 Mnemon.
1132 1137 1230 1204 1873.
1250 1160 1324 1226 pag.
1346 1137 1377 1203 6.

283 1243 396 1332 Odyss.
422 1253 461 1308 0.
485 1242 539 1309 88.

396 1349 554 1427 βούλομαι
577 1350 632 1425 ήδη
654 1350 768 1416 νεῖσθαι
792 1349 845 1428 ἐφ’
868 1348 1022 1428 ήμέτερα,
1047 1386 1090 1398 -

396 1454 441 1529 μή
464 1452 576 1533 πατέρ’
602 1454 737 1519 ἀντίθεον
760 1454 916 1535 διζήμενος
939 1453 1033 1525 αὐτὸς
1055 1452 1193 1529 θλοιμαι,

396 1558 414 1635 ή
437 1560 469 1622 τῖ
489 1582 541 1638 μοι
563 1560 598 1624 έιο
620 1558 766 1637 percipere
789 1561 944 1636 κειμήλιον
966 1558 1072 1622 εὀθλθν
1093 1557 1213 1633 θλήται.

190 1744 193 1747 ¹
283 1662 449 1729 Scholion:
479 1664 572 1734 αὐτὸς
603 1663 778 1740 θλυμαιτ
808 1663 877 1729 ἀντὶ
901 1667 954 1728 τοῖν
977 1664 1029 1727 τὸν
1051 1662 1118 1740 βίον
1141 1686 1201 1739 μου
1224 1662 1421 1729 ἀπολέσω.

236 1773 326 1833 τοῦτο
343 1767 374 1833 δέ
386 1768 595 1846 ἀγνοήσαντές
614 1791 694 1842 τινες
712 1769 897 1849 προσέθηκεν
915 1770 966 1834 τὸν
986 1767 1064 1844 {Etle-
1086 1788 1161 1831 nam
1180 1770 1225 1832 sio
1236 1767 1420 1855 legendnm.

236 1869 285 1939 Oi.
308 1872 465 1938 Mnemoa
492 1871 589 1938 1873.
611 1894 684 1961 pag.
710 1872 740 1939 7.

375 1977 405 2062 (ή
429 1976 462 2041 τέ
484 2000 536 2054 μοι
560 1979 593 2043 έκ
615 1978 761 2058 μεμάροιν
785 1976 941 2056 κειμήλιον
965 1976 1069 2041 έσθλθν
1089 1974 1212 2062 θλνται)

236 2079 255 2145 θ
275 2081 320 2149 έςι
344 2081 565 2162 σμικρολθμου,
588 2086 627 2155 ric
650 2082 855 2164 ’λριςοφάνής
878 2081 984 2163 φήσῖν.
1031 2080 1207 2167 Odysssz.
1229 2078 1305 2147 281.

585 2188 717 2267 pullum
741 2188 772 2253 tl
795 2185 954 2260 aeternius
978 2187 1037 2258 δῖοι
1062 2184 1232 2257 Ὀδυσσεύς

395 2289 504 2357 οθνεκα
526 2297 586 2357 τῶν
608 2294 665 2370 μὲν
689 2293 788 2372 δῶρα
823 2290 1065 2371 παρέλκετο.

281 2394 447 2463 Scholion:
471 2396 594 2470 εὐτελές
617 2400 716 2462 τοῦτο.
740 2396 783 2460 διὸ
807 2393 859 2460 καὶ
885 2394 1036 2475 κεραθνιον
1059 2393 1226 2475 παρέθηκεν
1249 2394 1421 2478 Ἀριςοφά·

236 2525 297 2576 ννο.
345 2500 449 2582 Quam
479 2502 622 2568 multum
651 2502 707 2567 ille
730 2501 899 2567 τουτοινὶ)
922 2498 1111 2566 Homericae
1134 2503 1247 2566 aetatis
1269 2498 1419 2567 candorel

236 2607 451 2692 Antiquarum
473 2607 664 2693 simplicitas
686 2627 749 2672 non
771 2605 883 2682 fallax,
907 2625 969 2670 non
991 2606 1115 2670 erudita
1138 2604 1270 2672 artificio
1289 2606 1422 2672 simula·

235 2712 332 2776 tionis
352 2711 433 2777 dona
452 2717 485 2776 et
503 2732 637 2777 munera
654 2731 716 2776 non
731 2712 840 2774 minus
855 2709 1000 2774 lubenter
1011 2710 1185 2794 accipiebat
1196 2730 1293 2795 quam
1304 2712 1417 2776 dabat:

234 2816 289 2881 sed
311 2818 523 2904 grammatico
544 2819 579 2880 in
601 2816 675 2883 aula
696 2816 785 2902 regia
807 2815 920 2899 opibus
943 2812 1085 2878 affluenti
1103 2815 1271 2879 indecorum
1290 2815 1419 2881 videtur

233 2922 361 3008 regium
390 2923 540 2987 iuvenem
562 2941 582 2986 a
604 2940 678 3007 rego
704 2918 851 2985 Menelao
873 2920 1039 2983 mendicare
1067 2920 1183 3004 doceri,
1215 2921 1354 2986 ἐπαιτεῖν
1376 2919 1419 2986 δι-

234 3022 420 3090 ῖάοιιεσθαιέ
454 3023 576 3089 Metuit
604 3022 813 3089 Telemachus
843 3044 882 3089 ne
912 3044 974 3108 qua
1003 3024 1066 3088 sibi
1094 3027 1232 3109 pretiosa
1253 3023 1418 3110 suppellex

232 3129 327 3195 domo
358 3129 519 3194 auferatur
547 3150 585 3194 ac
614 3133 738 3213 pereat:
770 3129 889 3209 οινριιιθθ
918 3127 1013 3191 animi
1040 3127 1270 3211 (σμικρολόγου)
1292 3130 1417 3195 homini

233 3232 338 3298 aulico
359 3231 416 3297 ille
438 3238 545 3297 metus
565 3254 634 3298 esse
654 3231 792 3298 videtur.
827 3231 1030 3297 Ptolemaeus
1051 3234 1181 3318 quidem
1202 3233 1286 3298 nihil
1307 3235 1417 3299 huius-
1540 3288 1545 3294 .
1611 3260 1612 3271 ¹

233 3337 358 3402 remedi
390 3337 564 3402 metuebat.
619 3335 776 3421 Penelope
807 3357 826 3401 a
852 3338 954 3421 procis
986 3339 1069 3420 petit
1101 3358 1234 3403 munera
1264 3343 1297 3403 et
1323 3339 1337 3402 θ
1359 3338 1417 3416 μέν

231 3441 401 3514 Ὀδυσσεὺς
420 3442 578 3522 ἐγήθησεν,
596 3442 611 3507 θ
631 3442 663 3507 ti
682 3438 888 3523 ’λριςοφάννς
908 3442 1101 3520 δυσχεραίνει
1119 3446 1152 3506 et
1171 3443 1293 3516 εὐτελές
1312 3448 1415 3517 τοῦτο,

230 3550 346 3634 inquit.
378 3548 501 3620 εὖτιλὶι
532 3545 571 3614 ἀν
594 3543 628 3621 ήν
651 3548 679 3611 si
701 3545 735 3609 id
757 3545 906 3610 Berenice
931 3544 1039 3631 aliqua
1060 3552 1117 3611 aut
1138 3548 1270 3613 Arsinoe
1291 3548 1418 3614 fecisset

230 3655 374 3742 Aegypti
394 3656 516 3742 regina.
563 3651 716 3717 Eiusdem
739 3653 864 3737 mireris
887 3655 919 3716 et
942 3651 981 3716 ab
1002 3650 1113 3715 eodem
1131 3651 1285 3736 profectas
1305 3673 1418 3740 agnos

230 3778 281 3822 ces
304 3764 336 3823 et
357 3757 450 3823 hasce
471 3757 735 3843 reprehensiones.
783 3754 895 3841 Odyss.
920 3765 961 3819 A.
986 3754 1061 3819 523.

343 3858 513 3940 αὕτάρ’θτ’
536 3863 579 3933 οῖς
602 3858 695 3927 ῖππον
718 3859 957 3937 κατεβαίνομεν,
981 3855 1013 3923 θν
1036 3858 1113 3935 κάμ’
1137 3860 1279 3935 Ἕπειθς,

331 3967 479 4046 Ἀργεῖον
502 3968 528 4032 οῖ
552 3964 664 4047 apra,
690 3964 756 4040 έμοῖ
781 3962 810 4029 δ’
836 3965 886 4027 έπῖ
910 3963 1005 4029 πάντ’
1028 3962 1178 4031 ἐτέταλτο
1244 3978 1248 3983 “

342 4072 417 4147 ήμέν
439 4074 605 4136 ἀνακλῖναι
628 4068 749 4134 πυκινὸν
774 4067 867 4149 λθχον
891 4070 935 4140 ήδ·
961 4069 1123 4153 ἐπιθεῖναι.

275 4175 424 4242 Scholion
455 4176 495 4242 ad
524 4197 571 4242 vs.
598 4174 681 4240 525:
712 4171 936 4254 περιγραπτέον
966 4178 1006 4248 ὥς
1033 4175 1168 4253 ἀπρεπῆ.
1201 4176 1325 4256 θυρωροῦ
1353 4177 1419 4257 γὰρ

230 4279 327 4360 ἔργον.
375 4279 491 4347 Hercle
518 4283 553 4346 in
582 4280 761 4347 Ptolemaei
788 4282 878 4367 regia
906 4280 971 4346 vile
994 4286 1061 4347 erat
1083 4282 1224 4347 ιὀιιῖίοιῖι
1244 4286 1420 4351 ministeri-

229 4404 285 4448 um
307 4387 436 4449 ianuam
459 4384 603 4449 claudere
627 4390 659 4449 et
680 4383 857 4461 recludere,
889 4386 943 4450 sed
966 4386 1045 4463 alia,
1069 4390 1197 4472 opinor,
1220 4410 1271 4454 res
1291 4395 1360 4454 crat
1383 4394 1419 4455 in
