3330 5012
642 381 672 427 ra
698 382 899 430 sucrononnu.
1301 369 1365 432 557

179 567 349 638 puerorum
373 547 555 616 atnorihus:
582 548 679 623 ἄλλος
702 551 765 632 γὰρ
788 551 828 617 ἂν
851 550 923 625 iona
940 552 1037 618 είτεῑν
1056 575 1086 617 τι
1109 551 1161 616 καί
1180 551 1274 618 τλέον
1295 551 1364 635 ἔχοι

178 654 389 734 μεμνημένος·
415 655 566 736 εἰρήσεται
590 653 623 718 δέ
645 677 697 732 μοι
721 654 756 740 (Ι.
776 652 899 744 diuos)
924 655 984 722 aiau
1006 656 1136 737 μετρίινς
1156 652 1220 735 ἔχω
1243 658 1365 738 πείρας.

177 758 283 825 Finita
304 759 449 825 oratione
473 779 503 845 p.
518 763 572 824 87.
601 761 639 821 12
664 758 789 825 amicus
813 758 997 845 respondet:
1022 759 1365 838 assecuratione

176 865 221 942 μὴ
243 862 511 947 τρωτδτειρος
534 864 623 929 ἀλλὰ
645 862 740 945 γέρων
763 866 806 937 είς
837 864 1024 946 Ἀφροδίτην
1045 863 1230 945 τυγχάνειν.
1278 865 1364 932 Haec

175 968 284 1033 omnia
317 987 381 1054 quo
412 965 537 1033 diutius
560 965 744 1046 considero,
770 988 808 1034 eo
837 968 947 1034 minus
966 967 1035 1054 jam
1060 969 1140 1035 milri
1165 967 1269 1054 placet
1293 968 1366 1036 Sal·

176 1074 272 1140 masii
296 1073 454 1139 correctio
485 1091 583 1158 quam
616 1091 727 1138 omnes
760 1073 792 1138 ni
823 1072 914 1139 lallor
937 1073 1078 1161 amplexi
1102 1084 1178 1140 suut
1200 1084 1233 1141 et
1261 1075 1367 1141 oritur

177 1177 319 1264 suspicio
342 1175 499 1243 Achillem
525 1177 654 1243 'l'atium
679 1177 864 1263 scripsisse:
889 1179 951 1256 syo
974 1179 1033 1257 pla
1058 1176 1153 1245 ἄτει
1162 1202 1223 1261 ρος
1248 1179 1286 1244 ὢν
1313 1180 1365 1245 εὖ·

176 1288 283 1360 resse
315 1281 479 1360 ννναιιιίς,
512 1289 581 1348 tum
605 1300 706 1347 unum
737 1281 943 1368 alterumque
968 1283 1158 1350 rocahnlum
1182 1283 1365 1361 intercidit,

174 1395 213 1453 ul
230 1398 320 1453 recte
342 1383 417 1451 addi
440 1386 539 1472 possit
562 1381 629 1451 ὅσον
651 1386 799 1464 ὁμιλῆσαι
821 1395 892 1461 ταῖς
917 1389 960 1461 είς
985 1388 1170 1471 Ἀφροδίτην
1201 1388 1366 1468 comeae-

174 1515 253 1566 ναις.
299 1490 388 1571 Quae
411 1490 439 1556 si
461 1489 704 1576 probabuntur,
729 1492 854 1556 anricus
877 1495 1060 1557 necessario
1092 1492 1294 1578 respondisse
1319 1495 1366 1559 ri·

173 1594 322 1663 debitur:
348 1594 437 1661 ιέλλιὶ
459 1593 498 1660 σύ
521 1617 572 1673 μοι
591 1595 688 1668 δοκεῖς
707 1597 752 1674 μὶν
775 1594 939 1678 ἄπειρος
962 1598 1052 1663 ἑλλοὶ
1076 1597 1171 1678 alpos
1191 1598 1234 1671 είς
1252 1600 1366 1682 ’Appr-

172 1700 259 1777 δίτην
292 1697 481 1780 τυγχάνειν·
514 1707 591 1765 suot
622 1698 700 1765 haec
732 1708 842 1786 aperta
874 1709 906 1768 et
940 1698 1045 1766 lacilia
1070 1721 1107 1767 ao
1142 1699 1277 1769 iortasse
1301 1723 1364 1768 non

172 1824 293 1890 magno
312 1803 477 1870 molimine
496 1805 633 1870 inueniri
654 1805 772 1890 poterit
787 1803 872 1889 qnod
897 1803 1053 1871 excidisse
1074 1805 1258 1891 suspicatus
1278 1826 1363 1873 suna.

172 1908 262 1976 Nihil
285 1907 400 1975 addam
424 1907 465 1975 de
482 1906 685 1995 corruptelae
705 1910 852 1993 origine,
877 1928 975 1994 quam
994 1909 1146 1976 omnihus
1163 1919 1271 1976 notam
1292 1931 1364 1978 esse

173 2014 334 2101 suspicor.
380 2012 490 2099 Neque
513 2011 607 2080 hodie
630 2032 704 2079 raro
727 2016 773 2080 sic
796 2022 936 2081 erratur.
984 2013 1077 2101 Apud
1101 2013 1240 2081 eundem
1259 2015 1365 2082 Achil·

172 2118 237 2187 lem
269 2139 300 2205 p.
326 2123 401 2186 107.
439 2122 482 2185 50
516 2118 573 2205 qui
602 2119 740 2185 αννιιίιιιιι
771 2121 873 2186 sacris
904 2119 1023 2185 initiati
1059 2128 1136 2184 sunt
1166 2118 1364 2201 τροτομύςαι

173 2221 400 2312 appellantur:
435 2230 601 2309 exspectas
632 2225 738 2309 potius
768 2244 822 2292 eos
852 2225 990 2303 ἆμιίςινς
1013 2223 1112 2291 luisse
1135 2221 1240 2290 dictos
1264 2224 1312 2292 rel
1336 2227 1365 2291 si

172 2329 281 2396 masis
302 2327 471 2408 ἀμυήτους.
518 2326 611 2413 Apud
642 2327 872 2395 Philostratum
901 2331 934 2395 in
961 2329 1035 2394 Vita
1058 2327 1215 2414 Apollonii
1241 2349 1272 2415 p.
1302 2332 1363 2396 127

172 2432 264 2520 lego:
288 2430 514 2498 ἐπαινεσάντων
534 2431 565 2498 al
590 2432 642 2498 καί
665 2435 723 2498 τῶν
747 2431 852 2498 ἄλλων
875 2435 1008 2518 τρώτρ
1029 2440 1117 2518 Φιννρῖ
1136 2434 1179 2498 rol
1203 2432 1362 2514 είριρμίνα,

172 2536 231 2604 sed
256 2534 463 2602 scribendum
487 2546 536 2602 est
559 2544 635 2622 μιᾷ
657 2544 754 2621 φωνῇ.
801 2536 872 2604 Jam
898 2537 1029 2606 inerunt
1053 2539 1087 2603 ni
1118 2535 1210 2603 iallor
1233 2538 1289 2624 qui
1319 2538 1364 2602 si·

172 2640 291 2708 decent
314 2639 400 2735 apud
424 2639 618 2708 Herodotum
643 2640 861 2728 reponendum
887 2661 957 2708 esse
982 2641 1022 2708 V.
1044 2645 1108 2707 ts:
1134 2638 1219 2715 οὗτος
1242 2641 1363 2716 trisse

173 2746 224 2813 ίτί
259 2744 369 2827 Κόδρον
394 2744 611 2824 βασιλεύοντος
643 2746 810 2820 Ἀθηναίων
839 2746 925 2828 ὀρθῶς
963 2745 1003 2812 ἂν
1036 2745 1178 2833 (πρῶτος)
1210 2746 1362 2812 καλέοιτο.

172 2848 532 2918 Nondumccrreotnm
548 2848 612 2916 luit
631 2849 716 2935 apud
736 2850 868 2917 Dionem
889 2849 1038 2917 Cassium
1055 2849 1134 2916 clv,
1159 2853 1212 2916 511.
1236 2850 1268 2915 ἐν
1290 2857 1364 2934 μιᾷ

171 2961 229 3022 τοῦ
254 2954 339 3029 reove
363 2953 474 3039 ›luite-
520 2953 674 3020 Kalendis
703 2953 868 3020 Ianuariis
899 2963 1007 3021 tamen
1038 2954 1159 3021 Graece
1187 2953 1309 3022 dicitnr
1333 2956 1364 3021 ἑν

171 3060 303 3143 aprica
330 3063 385 3126 τοῦ
413 3059 498 3133 ἔτους
522 3058 631 3145 ἧμίρα.
679 3060 724 3127 ue
747 3060 893 3127 Platonis
921 3057 1060 3146 Legibus
1084 3059 1170 3128 Vlll.
1195 3063 1279 3128 8311
1301 3058 1365 3128 alia

172 3165 343 3235 occasione
365 3182 570 3250 quaeremus.

218 3274 317 3337 Amat
336 3267 542 3335 librariorum
565 3270 652 3336 natio
671 3272 936 3338 terminatiouum
960 3269 1217 3338 similitudinem.
1251 3268 1365 3337 Oritur

172 3374 250 3441 indc
269 3372 426 3460 jocularis
449 3392 541 3441 error
564 3394 595 3460 p.
619 3377 695 3441 281.
721 3379 764 3442 42
789 3377 821 3442 in
850 3385 995 3443 extremo
1018 3376 1115 3443 tertio
1138 3374 1231 3442 libro.
1277 3374 1364 3442 cata·

54 3514 57 3519 ¹
171 3479 252 3546 siris
274 3477 494 3545 considerasse
522 3499 557 3544 se
580 3479 676 3556 dicit,
708 3479 737 3546 εί
758 3505 803 3561 τρι
830 3491 869 3565 τῇ
902 3481 1071 3566 Χαρικλείᾳ
1104 3480 1226 3547 δύναιτο
1258 3480 1366 3563 ἔφεσίν
1436 3474 1438 3479 ’

170 3607 245 3651 τινα
276 3583 389 3664 γάμον
417 3583 470 3650 ιιαί
505 3584 650 3665 ἀνδρῶν
680 3586 858 3663 ίμτοιῆσαι.
907 3585 1092 3653 credideris
1127 3584 1252 3651 lenonis
1288 3583 1367 3650 liaeo

172 3689 274 3757 rerba
295 3708 382 3767 csse,
407 3709 469 3755 non
490 3690 686 3756 sanctissimi
710 3689 886 3757 sacerdotis
909 3698 942 3756 et
964 3689 1132 3758 chariclea
1152 3690 1221 3775 ipsa
1245 3687 1367 3775 pudore

172 3791 436 3873 suffunderetur,
470 3795 498 3860 si
530 3795 562 3859 iu
596 3793 788 3882 Aethiopum
814 3797 902 3882 regia
928 3796 990 3863 talc
1013 3795 1092 3882 quid
1116 3796 1221 3883 legere
1245 3803 1365 3882 posset.

171 3897 307 3985 Corripe
327 3899 447 3982 ἀνδρδ
455 3924 481 3973 ς.

219 4003 327 4071 Nitida
362 4005 551 4092 compositio
586 4002 699 4070 suadet
736 4013 772 4071 ut
802 4005 1004 4091 corrigamus
1035 4007 1169 4091 11181.
1200 4009 1221 4072 8
1252 4004 1368 4087 δρόμων

172 4107 312 4190 ἅμιλλαι
336 4110 390 4176 καί
413 4109 517 4187 aduae
541 4109 720 4187 σνμτλοκα)
753 4111 806 4176 καί
831 4118 962 4188 τννμιῑς
994 4110 1255 4191 χειρονομία,
1292 4129 1366 4177 nam

174 4233 250 4281 sera
293 4213 388 4282 lectio
422 4215 780 4298 111χειρονιμίαι.
829 4214 1026 4303 conquiram
1063 4214 1184 4302 aliquot
1219 4214 1364 4303 exempla

172 4319 317 4386 ciusdem
349 4321 487 4407 generis.
536 4320 628 4406 Apud
663 4321 843 4408 Appianum
877 4341 907 4408 p.
934 4325 1008 4387 llil.
1038 4324 1079 4386 10
1102 4323 1217 4402 σφαγὴ
1240 4322 1363 4397 τοιιιίλιι

173 4424 227 4491 καί
249 4434 401 4505 γυναικῶν
424 4425 535 4507 ὕβρις
559 4428 611 4493 nori
637 4425 787 4508 παρθένων
812 4427 1002 4506 ἀπαγωγαί.
1054 4426 1136 4514 chc
1163 4425 1275 4508 ὕβρεις.
1329 4426 1365 4492 lu
