<?xml version="1.0" encoding="UTF-8"?>
<!DOCTYPE html PUBLIC "-//W3C//DTD XHTML 1.0 Transitional//EN"
    "http://www.w3.org/TR/xhtml1/DTD/xhtml1-transitional.dtd">
<html xmlns="http://www.w3.org/1999/xhtml" xml:lang="en" lang="en">
 <head>
  <title>
</title>
<meta http-equiv="Content-Type" content="text/html;charset=utf-8" />
  <meta name='ocr-system' content='tesseract 3.04.00' />
  <meta name='ocr-capabilities' content='ocr_page ocr_carea ocr_par ocr_line ocrx_word'/>
</head>
<body>
  <div class='ocr_page' id='page_1' title='image "./mnemosynebiblio00servgoog_0693.png"; bbox 0 0 3242 5014; ppageno 0'>
   <div class='ocr_carea' id='block_1_1' title="bbox 266 316 951 403">
    <p class='ocr_par' dir='ltr' id='par_1_1' title="bbox 266 316 951 403">
     <span class='ocr_line' id='line_1_1' title="bbox 266 316 951 403; baseline -0.004 0"><span class='ocrx_word' id='word_1_1' title='bbox 266 332 333 403; x_wconf 78' lang='grc'><strong>246</strong></span> <span class='ocrx_word' id='word_1_2' title='bbox 762 316 951 401; x_wconf 74' lang='lat' dir='ltr'><strong>merorum</strong></span> 
     </span>
    </p>
   </div>
   <div class='ocr_carea' id='block_1_2' title="bbox 264 514 1460 1109">
    <p class='ocr_par' dir='ltr' id='par_1_2' title="bbox 264 514 1460 1109">
     <span class='ocr_line' id='line_1_2' title="bbox 264 514 1459 608; baseline -0.001 -21"><span class='ocrx_word' id='word_1_3' title='bbox 264 523 385 588; x_wconf 85' lang='lat' dir='ltr'><strong>ratores</strong></span> <span class='ocrx_word' id='word_1_4' title='bbox 413 517 561 587; x_wconf 78' lang='lat' dir='ltr'><strong>advertit.</strong></span> <span class='ocrx_word' id='word_1_5' title='bbox 595 516 773 586; x_wconf 68' lang='lat' dir='ltr'><strong>simillima</strong></span> <span class='ocrx_word' id='word_1_6' title='bbox 796 523 845 584; x_wconf 82' lang='lat' dir='ltr'><strong>est</strong></span> <span class='ocrx_word' id='word_1_7' title='bbox 866 523 942 586; x_wconf 85' lang='lat' dir='ltr'><strong>nota</strong></span> <span class='ocrx_word' id='word_1_8' title='bbox 964 517 1022 585; x_wconf 90' lang='lat' dir='ltr'><strong>illa</strong></span> <span class='ocrx_word' id='word_1_9' title='bbox 1044 518 1207 585; x_wconf 82' lang='lat' dir='ltr'><strong>annotatio</strong></span> <span class='ocrx_word' id='word_1_10' title='bbox 1229 517 1270 585; x_wconf 85' lang='lat' dir='ltr'><strong>sd</strong></span> <span class='ocrx_word' id='word_1_11' title='bbox 1292 514 1459 608; x_wconf 80' lang='lat' dir='ltr'><strong>Phuoydi·</strong></span> 
     </span>
     <span class='ocr_line' id='line_1_3' title="bbox 267 621 1459 710; baseline -0.002 -18"><span class='ocrx_word' id='word_1_12' title='bbox 267 623 358 703; x_wconf 91' lang='lat' dir='ltr'><strong>dem,</strong></span> <span class='ocrx_word' id='word_1_13' title='bbox 388 643 486 710; x_wconf 83' lang='lat' dir='ltr'><strong>quam</strong></span> <span class='ocrx_word' id='word_1_14' title='bbox 514 626 655 691; x_wconf 75' lang='lat' dir='ltr'><strong>suaviter</strong></span> <span class='ocrx_word' id='word_1_15' title='bbox 682 623 785 689; x_wconf 90' lang='lat' dir='ltr'><strong>ridere</strong></span> <span class='ocrx_word' id='word_1_16' title='bbox 815 621 969 701; x_wconf 90' lang='lat' dir='ltr'><strong>solemus,</strong></span> <span class='ocrx_word' id='word_1_17' title='bbox 1001 622 1027 688; x_wconf 92' lang='lat'><strong>1.</strong></span> <span class='ocrx_word' id='word_1_18' title='bbox 1056 622 1088 687; x_wconf 82' lang='lat'><strong>2.</strong></span> <span class='ocrx_word' id='word_1_19' title='bbox 1111 626 1167 698; x_wconf 70' lang='lat' dir='ltr'><strong>ria</strong></span> <span class='ocrx_word' id='word_1_20' title='bbox 1190 624 1337 699; x_wconf 67' lang='lat' dir='ltr'><strong>’Ar-rista</strong></span> <span class='ocrx_word' id='word_1_21' title='bbox 1360 623 1459 706; x_wconf 74' lang='grc' dir='ltr'><strong><em>ᾄιιινν</em></strong></span> 
     </span>
     <span class='ocr_line' id='line_1_4' title="bbox 268 726 1460 813; baseline 0 -19"><span class='ocrx_word' id='word_1_22' title='bbox 268 728 295 795; x_wconf 85' lang='lat' dir='ltr'><strong>ol</strong></span> <span class='ocrx_word' id='word_1_23' title='bbox 327 727 415 794; x_wconf 74' lang='grc' dir='ltr'><em>αὐτοὶ</em></span> <span class='ocrx_word' id='word_1_24' title='bbox 446 727 515 807; x_wconf 74' lang='lat' dir='ltr'><strong>cisi,</strong></span> <span class='ocrx_word' id='word_1_25' title='bbox 547 728 605 792; x_wconf 89' lang='lat' dir='ltr'><strong>ubi</strong></span> <span class='ocrx_word' id='word_1_26' title='bbox 633 726 692 793; x_wconf 87' lang='lat' dir='ltr'><strong>flos</strong></span> <span class='ocrx_word' id='word_1_27' title='bbox 721 729 932 813; x_wconf 76' lang='lat' dir='ltr'><strong>interpretum</strong></span> <span class='ocrx_word' id='word_1_28' title='bbox 963 727 1147 813; x_wconf 71' lang='lat' dir='ltr'><strong>adscripsit:</strong></span> <span class='ocrx_word' id='word_1_29' title='bbox 1178 727 1222 809; x_wconf 75' lang='grc' dir='ltr'><strong>τῷ</strong></span> <span class='ocrx_word' id='word_1_30' title='bbox 1250 727 1334 806; x_wconf 67' lang='lat' dir='ltr'><strong>rim</strong></span> <span class='ocrx_word' id='word_1_31' title='bbox 1365 729 1460 803; x_wconf 72' lang='grc' dir='ltr'><strong><em>δῆλον</em></strong></span> 
     </span>
     <span class='ocr_line' id='line_1_5' title="bbox 267 827 1458 918; baseline 0 -20"><span class='ocrx_word' id='word_1_32' title='bbox 267 827 330 898; x_wconf 70' lang='grc' dir='ltr'><strong>ὅτι.</strong></span> <span class='ocrx_word' id='word_1_33' title='bbox 356 834 389 899; x_wconf 82' lang='grc' dir='ltr'><strong>οὗ</strong></span> <span class='ocrx_word' id='word_1_34' title='bbox 412 831 475 914; x_wconf 71' lang='grc' dir='ltr'><strong>γὰρ</strong></span> <span class='ocrx_word' id='word_1_35' title='bbox 498 829 575 908; x_wconf 73' lang='grc' dir='ltr'><strong>ἦσαν</strong></span> <span class='ocrx_word' id='word_1_36' title='bbox 597 829 756 897; x_wconf 67' lang='lat' dir='ltr'><strong>sceiere.</strong></span> <span class='ocrx_word' id='word_1_37' title='bbox 790 831 917 897; x_wconf 88' lang='lat' dir='ltr'><strong>Bonum</strong></span> <span class='ocrx_word' id='word_1_38' title='bbox 937 831 1062 897; x_wconf 81' lang='lat' dir='ltr'><strong>factum</strong></span> <span class='ocrx_word' id='word_1_39' title='bbox 1084 831 1169 918; x_wconf 89' lang='lat' dir='ltr'><strong>quod</strong></span> <span class='ocrx_word' id='word_1_40' title='bbox 1189 850 1254 897; x_wconf 91' lang='lat' dir='ltr'><strong>non</strong></span> <span class='ocrx_word' id='word_1_41' title='bbox 1272 834 1401 918; x_wconf 77' lang='lat' dir='ltr'><strong>irrepsit</strong></span> <span class='ocrx_word' id='word_1_42' title='bbox 1420 834 1458 898; x_wconf 88' lang='lat' dir='ltr'><strong>in</strong></span> 
     </span>
     <span class='ocr_line' id='line_1_6' title="bbox 267 935 1457 1024; baseline -0.003 -19"><span class='ocrx_word' id='word_1_43' title='bbox 267 940 411 1005; x_wconf 84' lang='lat' dir='ltr'><strong>textum:</strong></span> <span class='ocrx_word' id='word_1_44' title='bbox 435 941 564 1005; x_wconf 84' lang='lat' dir='ltr'><strong>exortus</strong></span> <span class='ocrx_word' id='word_1_45' title='bbox 585 940 668 1003; x_wconf 87' lang='lat' dir='ltr'><strong>esset</strong></span> <span class='ocrx_word' id='word_1_46' title='bbox 690 935 808 1021; x_wconf 85' lang='lat' dir='ltr'><strong>aliquis</strong></span> <span class='ocrx_word' id='word_1_47' title='bbox 825 937 882 1021; x_wconf 90' lang='lat' dir='ltr'><strong>qui</strong></span> <span class='ocrx_word' id='word_1_48' title='bbox 902 935 1079 1004; x_wconf 71' lang='lat' dir='ltr'><strong>untione</strong></span> <span class='ocrx_word' id='word_1_49' title='bbox 1100 941 1134 1003; x_wconf 90' lang='lat' dir='ltr'><strong>et</strong></span> <span class='ocrx_word' id='word_1_50' title='bbox 1156 937 1298 1024; x_wconf 84' lang='lat' dir='ltr'><strong>expungi</strong></span> <span class='ocrx_word' id='word_1_51' title='bbox 1318 955 1383 1003; x_wconf 87' lang='lat' dir='ltr'><strong>non</strong></span> <span class='ocrx_word' id='word_1_52' title='bbox 1399 955 1457 1022; x_wconf 87' lang='lat' dir='ltr'><strong>pa·</strong></span> 
     </span>
     <span class='ocr_line' id='line_1_7' title="bbox 268 1044 399 1109; baseline -0.015 0"><span class='ocrx_word' id='word_1_53' title='bbox 268 1044 399 1109; x_wconf 86' lang='lat' dir='ltr'><strong>teretur.</strong></span> 
     </span>
    </p>
   </div>
   <div class='ocr_carea' id='block_1_3' title="bbox 270 1245 1467 4464">
    <p class='ocr_par' dir='ltr' id='par_1_3' title="bbox 270 1245 1467 4464">
     <span class='ocr_line' id='line_1_8' title="bbox 314 1245 1459 1337; baseline 0 -22"><span class='ocrx_word' id='word_1_54' title='bbox 314 1247 353 1315; x_wconf 88' lang='lat' dir='ltr'><strong>ln</strong></span> <span class='ocrx_word' id='word_1_55' title='bbox 384 1249 505 1315; x_wconf 60' lang='lat' dir='ltr'><strong>aeone</strong></span> <span class='ocrx_word' id='word_1_56' title='bbox 531 1269 607 1337; x_wconf 76' lang='lat' dir='ltr'><strong>pag.</strong></span> <span class='ocrx_word' id='word_1_57' title='bbox 638 1246 692 1314; x_wconf 79' lang='lat'><strong>53.</strong></span> <span class='ocrx_word' id='word_1_58' title='bbox 724 1265 753 1315; x_wconf 87' lang='lat' dir='ltr'><strong>o.</strong></span> <span class='ocrx_word' id='word_1_59' title='bbox 783 1248 836 1314; x_wconf 78' lang='grc' dir='ltr'><strong><em>κιιὶ</em></strong></span> <span class='ocrx_word' id='word_1_60' title='bbox 864 1249 917 1315; x_wconf 78' lang='lat' dir='ltr'><strong>oris</strong></span> <span class='ocrx_word' id='word_1_61' title='bbox 947 1246 1000 1314; x_wconf 79' lang='lat' dir='ltr'><strong>cler</strong></span> <span class='ocrx_word' id='word_1_62' title='bbox 1024 1245 1170 1331; x_wconf 63' lang='grc' dir='ltr'><strong>ἄσχημον</strong></span> <span class='ocrx_word' id='word_1_63' title='bbox 1189 1245 1267 1314; x_wconf 71' lang='lat' dir='ltr'><strong>*AN</strong></span> <span class='ocrx_word' id='word_1_64' title='bbox 1288 1248 1459 1331; x_wconf 74' lang='grc' dir='ltr'><strong><em>φανεῖσθαι</em></strong></span> 
     </span>
     <span class='ocr_line' id='line_1_9' title="bbox 270 1352 1460 1441; baseline 0 -21"><span class='ocrx_word' id='word_1_65' title='bbox 270 1352 306 1420; x_wconf 76' lang='lat' dir='ltr'><strong>rt</strong></span> <span class='ocrx_word' id='word_1_66' title='bbox 336 1357 391 1420; x_wconf 78' lang='grc' dir='ltr'><strong>τοῦ</strong></span> <span class='ocrx_word' id='word_1_67' title='bbox 424 1353 603 1434; x_wconf 66' lang='grc' dir='ltr'><strong><em>Σωκράτους</em></strong></span> <span class='ocrx_word' id='word_1_68' title='bbox 625 1356 781 1434; x_wconf 69' lang='grc' dir='ltr'><strong>πρᾶγμα;</strong></span> <span class='ocrx_word' id='word_1_69' title='bbox 814 1352 852 1419; x_wconf 86' lang='lat' dir='ltr'><strong>ln</strong></span> <span class='ocrx_word' id='word_1_70' title='bbox 874 1373 908 1419; x_wconf 89' lang='lat' dir='ltr'><strong>rs</strong></span> <span class='ocrx_word' id='word_1_71' title='bbox 929 1356 1143 1441; x_wconf 71' lang='lat' dir='ltr'><strong>grammatim</strong></span> <span class='ocrx_word' id='word_1_72' title='bbox 1163 1353 1293 1439; x_wconf 82' lang='lat' dir='ltr'><strong>quidem</strong></span> <span class='ocrx_word' id='word_1_73' title='bbox 1314 1371 1350 1419; x_wconf 83' lang='lat' dir='ltr'><strong>m</strong></span> <span class='ocrx_word' id='word_1_74' title='bbox 1371 1370 1460 1431; x_wconf 67' lang='lat' dir='ltr'><strong>ouon</strong></span> 
     </span>
     <span class='ocr_line' id='line_1_10' title="bbox 270 1456 1460 1544; baseline 0.001 -20"><span class='ocrx_word' id='word_1_75' title='bbox 270 1474 357 1525; x_wconf 73' lang='lat' dir='ltr'><strong>emar</strong></span> <span class='ocrx_word' id='word_1_76' title='bbox 389 1474 453 1524; x_wconf 80' lang='lat' dir='ltr'><strong>sor</strong></span> <span class='ocrx_word' id='word_1_77' title='bbox 485 1474 607 1525; x_wconf 85' lang='lat' dir='ltr'><strong>rornsr</strong></span> <span class='ocrx_word' id='word_1_78' title='bbox 635 1475 795 1535; x_wconf 81' lang='lat' dir='ltr'><strong>nouoom</strong></span> <span class='ocrx_word' id='word_1_79' title='bbox 823 1474 953 1524; x_wconf 78' lang='lat' dir='ltr'><strong>norme</strong></span> <span class='ocrx_word' id='word_1_80' title='bbox 981 1473 1051 1524; x_wconf 84' lang='lat' dir='ltr'><strong>nen.</strong></span> <span class='ocrx_word' id='word_1_81' title='bbox 1093 1456 1205 1544; x_wconf 77' lang='lat' dir='ltr'><strong>Itaque</strong></span> <span class='ocrx_word' id='word_1_82' title='bbox 1235 1460 1385 1543; x_wconf 83' lang='lat' dir='ltr'><strong>quoniam</strong></span> <span class='ocrx_word' id='word_1_83' title='bbox 1416 1478 1460 1525; x_wconf 77' lang='lat' dir='ltr'><strong>ex</strong></span> 
     </span>
     <span class='ocr_line' id='line_1_11' title="bbox 270 1562 1463 1649; baseline -0.001 -18"><span class='ocrx_word' id='word_1_84' title='bbox 270 1563 340 1649; x_wconf 85' lang='lat' dir='ltr'><strong>ipsu</strong></span> <span class='ocrx_word' id='word_1_85' title='bbox 369 1564 416 1631; x_wconf 89' lang='lat' dir='ltr'><strong>rei</strong></span> <span class='ocrx_word' id='word_1_86' title='bbox 444 1567 559 1630; x_wconf 85' lang='lat' dir='ltr'><strong>natura</strong></span> <span class='ocrx_word' id='word_1_87' title='bbox 591 1562 667 1628; x_wconf 79' lang='lat' dir='ltr'><strong>&#39;AN</strong></span> <span class='ocrx_word' id='word_1_88' title='bbox 700 1562 873 1648; x_wconf 81' lang='lat' dir='ltr'><strong>potentiale</strong></span> <span class='ocrx_word' id='word_1_89' title='bbox 894 1581 969 1629; x_wconf 90' lang='lat' dir='ltr'><strong>cnm</strong></span> <span class='ocrx_word' id='word_1_90' title='bbox 982 1563 1098 1649; x_wconf 74' lang='lat' dir='ltr'><strong>fulcro</strong></span> <span class='ocrx_word' id='word_1_91' title='bbox 1116 1567 1259 1648; x_wconf 88' lang='lat' dir='ltr'><strong>tempore</strong></span> <span class='ocrx_word' id='word_1_92' title='bbox 1282 1562 1335 1649; x_wconf 77' lang='lat' dir='ltr'><strong>(nt</strong></span> <span class='ocrx_word' id='word_1_93' title='bbox 1355 1582 1463 1649; x_wconf 86' lang='lat' dir='ltr'><strong>nsque</strong></span> 
     </span>
     <span class='ocr_line' id='line_1_12' title="bbox 272 1668 1461 1754; baseline 0.003 -22"><span class='ocrx_word' id='word_1_94' title='bbox 272 1685 348 1732; x_wconf 90' lang='lat' dir='ltr'><strong>cum</strong></span> <span class='ocrx_word' id='word_1_95' title='bbox 370 1673 530 1750; x_wconf 69' lang='grc' dir='ltr'><strong><em>ριιιιιιιιιι</em></strong></span> <span class='ocrx_word' id='word_1_96' title='bbox 556 1687 659 1752; x_wconf 84' lang='lat' dir='ltr'><strong>neque</strong></span> <span class='ocrx_word' id='word_1_97' title='bbox 688 1688 764 1734; x_wconf 89' lang='lat' dir='ltr'><strong>cnm</strong></span> <span class='ocrx_word' id='word_1_98' title='bbox 783 1668 935 1754; x_wconf 77' lang='lat' dir='ltr'><strong>perfeeto)</strong></span> <span class='ocrx_word' id='word_1_99' title='bbox 957 1669 1105 1753; x_wconf 91' lang='lat' dir='ltr'><strong>componi</strong></span> <span class='ocrx_word' id='word_1_100' title='bbox 1125 1687 1188 1732; x_wconf 88' lang='lat' dir='ltr'><strong>non</strong></span> <span class='ocrx_word' id='word_1_101' title='bbox 1209 1672 1329 1753; x_wconf 90' lang='lat' dir='ltr'><strong>potest,</strong></span> <span class='ocrx_word' id='word_1_102' title='bbox 1352 1686 1461 1735; x_wconf 87' lang='lat' dir='ltr'><strong>conse-</strong></span> 
     </span>
     <span class='ocr_line' id='line_1_13' title="bbox 276 1769 1463 1857; baseline 0.003 -22"><span class='ocrx_word' id='word_1_103' title='bbox 276 1773 388 1856; x_wconf 85' lang='lat' dir='ltr'><strong>quitur</strong></span> <span class='ocrx_word' id='word_1_104' title='bbox 419 1791 597 1857; x_wconf 85' lang='lat' dir='ltr'><strong>numquam</strong></span> <span class='ocrx_word' id='word_1_105' title='bbox 630 1790 824 1856; x_wconf 84' lang='lat' dir='ltr'><strong>quemquem</strong></span> <span class='ocrx_word' id='word_1_106' title='bbox 857 1769 1011 1838; x_wconf 83' lang='lat' dir='ltr'><strong>Veterum</strong></span> <span class='ocrx_word' id='word_1_107' title='bbox 1038 1793 1076 1838; x_wconf 89' lang='lat' dir='ltr'><strong>ea</strong></span> <span class='ocrx_word' id='word_1_108' title='bbox 1104 1773 1348 1857; x_wconf 78' lang='lat' dir='ltr'><strong>compositione,</strong></span> <span class='ocrx_word' id='word_1_109' title='bbox 1377 1791 1463 1857; x_wconf 81' lang='lat' dir='ltr'><strong>qnae</strong></span> 
     </span>
     <span class='ocr_line' id='line_1_14' title="bbox 274 1875 1462 1963; baseline 0.001 -23"><span class='ocrx_word' id='word_1_110' title='bbox 274 1894 350 1940; x_wconf 89' lang='lat' dir='ltr'><strong>oum</strong></span> <span class='ocrx_word' id='word_1_111' title='bbox 378 1879 494 1942; x_wconf 84' lang='lat' dir='ltr'><strong>notura</strong></span> <span class='ocrx_word' id='word_1_112' title='bbox 522 1880 659 1963; x_wconf 81' lang='lat' dir='ltr'><strong>pugnet,</strong></span> <span class='ocrx_word' id='word_1_113' title='bbox 689 1894 845 1960; x_wconf 87' lang='lat' dir='ltr'><strong>umquam</strong></span> <span class='ocrx_word' id='word_1_114' title='bbox 874 1877 926 1942; x_wconf 88' lang='lat' dir='ltr'><strong>uti</strong></span> <span class='ocrx_word' id='word_1_115' title='bbox 955 1879 1105 1962; x_wconf 84' lang='lat' dir='ltr'><strong>potuisse.</strong></span> <span class='ocrx_word' id='word_1_116' title='bbox 1144 1875 1280 1941; x_wconf 86' lang='lat' dir='ltr'><strong>Perinde</strong></span> <span class='ocrx_word' id='word_1_117' title='bbox 1302 1879 1352 1942; x_wconf 89' lang='lat' dir='ltr'><strong>est</strong></span> <span class='ocrx_word' id='word_1_118' title='bbox 1370 1879 1462 1941; x_wconf 90' lang='lat' dir='ltr'><strong>enim</strong></span> 
     </span>
     <span class='ocr_line' id='line_1_15' title="bbox 275 1977 1463 2068; baseline -0.001 -23"><span class='ocrx_word' id='word_1_119' title='bbox 275 1997 312 2045; x_wconf 85' lang='lat' dir='ltr'><strong>ac</strong></span> <span class='ocrx_word' id='word_1_120' title='bbox 342 1980 465 2064; x_wconf 86' lang='lat' dir='ltr'><strong>siquis</strong></span> <span class='ocrx_word' id='word_1_121' title='bbox 487 1981 687 2046; x_wconf 78' lang='lat' dir='ltr'><strong>contenderet</strong></span> <span class='ocrx_word' id='word_1_122' title='bbox 709 1978 813 2065; x_wconf 80' lang='lat' dir='ltr'><strong>gallos</strong></span> <span class='ocrx_word' id='word_1_123' title='bbox 835 1977 1028 2068; x_wconf 77' lang='lat' dir='ltr'><strong>gallinaceos</strong></span> <span class='ocrx_word' id='word_1_124' title='bbox 1049 2001 1110 2049; x_wconf 80' lang='lat' dir='ltr'><strong>ora</strong></span> <span class='ocrx_word' id='word_1_125' title='bbox 1130 1999 1258 2066; x_wconf 84' lang='lat' dir='ltr'><strong>parere,</strong></span> <span class='ocrx_word' id='word_1_126' title='bbox 1280 1999 1344 2046; x_wconf 92' lang='lat' dir='ltr'><strong>non</strong></span> <span class='ocrx_word' id='word_1_127' title='bbox 1365 1977 1463 2066; x_wconf 83' lang='lat' dir='ltr'><strong>galli-</strong></span> 
     </span>
     <span class='ocr_line' id='line_1_16' title="bbox 272 2081 1463 2177; baseline -0.001 -27"><span class='ocrx_word' id='word_1_128' title='bbox 272 2102 339 2150; x_wconf 83' lang='lat' dir='ltr'><strong>nas.</strong></span> <span class='ocrx_word' id='word_1_129' title='bbox 376 2082 461 2164; x_wconf 78' lang='lat' dir='ltr'><strong>Quid</strong></span> <span class='ocrx_word' id='word_1_130' title='bbox 493 2083 612 2150; x_wconf 84' lang='lat' dir='ltr'><strong>diceres</strong></span> <span class='ocrx_word' id='word_1_131' title='bbox 643 2085 671 2149; x_wconf 88' lang='lat' dir='ltr'><strong>si</strong></span> <span class='ocrx_word' id='word_1_132' title='bbox 701 2085 774 2168; x_wconf 91' lang='lat' dir='ltr'><strong>quis</strong></span> <span class='ocrx_word' id='word_1_133' title='bbox 800 2102 834 2149; x_wconf 91' lang='lat' dir='ltr'><strong>se</strong></span> <span class='ocrx_word' id='word_1_134' title='bbox 856 2087 954 2177; x_wconf 82' lang='lat' dir='ltr'><strong>testes</strong></span> <span class='ocrx_word' id='word_1_135' title='bbox 974 2085 1089 2152; x_wconf 87' lang='lat' dir='ltr'><strong>habere</strong></span> <span class='ocrx_word' id='word_1_136' title='bbox 1111 2082 1263 2151; x_wconf 79' lang='lat' dir='ltr'><strong>clamaret</strong></span> <span class='ocrx_word' id='word_1_137' title='bbox 1285 2088 1318 2150; x_wconf 90' lang='lat' dir='ltr'><strong>et</strong></span> <span class='ocrx_word' id='word_1_138' title='bbox 1337 2081 1463 2149; x_wconf 90' lang='lat' dir='ltr'><strong>multos</strong></span> 
     </span>
     <span class='ocr_line' id='line_1_17' title="bbox 276 2186 1463 2273; baseline -0.002 -19"><span class='ocrx_word' id='word_1_139' title='bbox 276 2192 309 2254; x_wconf 82' lang='lat' dir='ltr'><strong>et</strong></span> <span class='ocrx_word' id='word_1_140' title='bbox 336 2186 483 2267; x_wconf 87' lang='lat' dir='ltr'><strong>idoneos,</strong></span> <span class='ocrx_word' id='word_1_141' title='bbox 513 2191 569 2273; x_wconf 88' lang='lat' dir='ltr'><strong>qni</strong></span> <span class='ocrx_word' id='word_1_142' title='bbox 598 2189 633 2254; x_wconf 91' lang='lat' dir='ltr'><strong>id</strong></span> <span class='ocrx_word' id='word_1_143' title='bbox 663 2186 732 2254; x_wconf 87' lang='lat' dir='ltr'><strong>fieri</strong></span> <span class='ocrx_word' id='word_1_144' title='bbox 761 2187 927 2254; x_wconf 83' lang='lat' dir='ltr'><strong>vidissent.</strong></span> <span class='ocrx_word' id='word_1_145' title='bbox 961 2188 1125 2257; x_wconf 85' lang='lat' dir='ltr'><strong>Facessere</strong></span> <span class='ocrx_word' id='word_1_146' title='bbox 1154 2189 1266 2254; x_wconf 84' lang='lat' dir='ltr'><strong>iubeas</strong></span> <span class='ocrx_word' id='word_1_147' title='bbox 1293 2188 1463 2254; x_wconf 89' lang='lat' dir='ltr'><strong>hominem</strong></span> 
     </span>
     <span class='ocr_line' id='line_1_18' title="bbox 275 2290 1463 2378; baseline -0.001 -21"><span class='ocrx_word' id='word_1_148' title='bbox 275 2311 351 2357; x_wconf 89' lang='lat' dir='ltr'><strong>oum</strong></span> <span class='ocrx_word' id='word_1_149' title='bbox 381 2295 448 2357; x_wconf 88' lang='lat' dir='ltr'><strong>suis</strong></span> <span class='ocrx_word' id='word_1_150' title='bbox 468 2293 605 2358; x_wconf 87' lang='lat' dir='ltr'><strong>testibus</strong></span> <span class='ocrx_word' id='word_1_151' title='bbox 626 2297 682 2358; x_wconf 88' lang='lat' dir='ltr'><strong>aut</strong></span> <span class='ocrx_word' id='word_1_152' title='bbox 703 2292 833 2378; x_wconf 89' lang='lat' dir='ltr'><strong>perinde</strong></span> <span class='ocrx_word' id='word_1_153' title='bbox 854 2290 980 2372; x_wconf 89' lang='lat' dir='ltr'><strong>stultis,</strong></span> <span class='ocrx_word' id='word_1_154' title='bbox 1003 2295 1032 2359; x_wconf 91' lang='lat' dir='ltr'><strong>si</strong></span> <span class='ocrx_word' id='word_1_155' title='bbox 1054 2293 1233 2371; x_wconf 89' lang='lat' dir='ltr'><strong>crederent,</strong></span> <span class='ocrx_word' id='word_1_156' title='bbox 1256 2296 1314 2358; x_wconf 86' lang='lat' dir='ltr'><strong>aut</strong></span> <span class='ocrx_word' id='word_1_157' title='bbox 1332 2309 1463 2375; x_wconf 89' lang='lat' dir='ltr'><strong>corrup-</strong></span> 
     </span>
     <span class='ocr_line' id='line_1_19' title="bbox 275 2394 1463 2486; baseline -0.002 -25"><span class='ocrx_word' id='word_1_158' title='bbox 275 2397 336 2474; x_wconf 87' lang='lat' dir='ltr'><strong>tis,</strong></span> <span class='ocrx_word' id='word_1_159' title='bbox 366 2396 395 2461; x_wconf 88' lang='lat' dir='ltr'><strong>si</strong></span> <span class='ocrx_word' id='word_1_160' title='bbox 424 2397 645 2462; x_wconf 86' lang='lat' dir='ltr'><strong>mentirentur.</strong></span> <span class='ocrx_word' id='word_1_161' title='bbox 681 2394 761 2462; x_wconf 82' lang='lat' dir='ltr'><strong>Vide</strong></span> <span class='ocrx_word' id='word_1_162' title='bbox 790 2417 874 2463; x_wconf 91' lang='lat' dir='ltr'><strong>nunc</strong></span> <span class='ocrx_word' id='word_1_163' title='bbox 896 2397 974 2482; x_wconf 90' lang='lat' dir='ltr'><strong>quid</strong></span> <span class='ocrx_word' id='word_1_164' title='bbox 994 2396 1153 2486; x_wconf 79' lang='lat' dir='ltr'><strong>philologi</strong></span> <span class='ocrx_word' id='word_1_165' title='bbox 1176 2402 1209 2463; x_wconf 87' lang='lat' dir='ltr'><strong>et</strong></span> <span class='ocrx_word' id='word_1_166' title='bbox 1230 2397 1335 2462; x_wconf 85' lang='lat' dir='ltr'><strong>critici</strong></span> <span class='ocrx_word' id='word_1_167' title='bbox 1356 2394 1463 2481; x_wconf 84' lang='lat' dir='ltr'><strong>desig·</strong></span> 
     </span>
     <span class='ocr_line' id='line_1_20' title="bbox 274 2497 1467 2578; baseline -0.002 -12"><span class='ocrx_word' id='word_1_168' title='bbox 274 2503 361 2566; x_wconf 89' lang='lat' dir='ltr'><strong>nent.</strong></span> <span class='ocrx_word' id='word_1_169' title='bbox 395 2497 644 2566; x_wconf 79' lang='lat' dir='ltr'><strong>Stallbaumius:</strong></span> <span class='ocrx_word' id='word_1_170' title='bbox 675 2501 864 2578; x_wconf 63' lang='lat' dir='ltr'><strong>,Peniculo</strong></span> <span class='ocrx_word' id='word_1_171' title='bbox 891 2500 931 2567; x_wconf 81' lang='lat' dir='ltr'><strong>ela</strong></span> <span class='ocrx_word' id='word_1_172' title='bbox 962 2524 1027 2566; x_wconf 82' lang='lat' dir='ltr'><strong>cum</strong></span> <span class='ocrx_word' id='word_1_173' title='bbox 1057 2502 1166 2569; x_wconf 82' lang='lat' dir='ltr'><strong>futuro</strong></span> <span class='ocrx_word' id='word_1_174' title='bbox 1196 2501 1354 2567; x_wconf 75' lang='grc' dir='ltr'><strong><em>ιιιιίιιιιιια</em></strong></span> <span class='ocrx_word' id='word_1_175' title='bbox 1379 2498 1467 2565; x_wconf 66' lang='lat' dir='ltr'><strong>uisa</strong></span> 
     </span>
     <span class='ocr_line' id='line_1_21' title="bbox 275 2603 1466 2691; baseline 0 -21"><span class='ocrx_word' id='word_1_176' title='bbox 275 2606 362 2670; x_wconf 79' lang='lat' dir='ltr'><strong>lutet</strong></span> <span class='ocrx_word' id='word_1_177' title='bbox 388 2605 574 2671; x_wconf 74' lang='lat' dir='ltr'><strong>insolentiae.</strong></span> <span class='ocrx_word' id='word_1_178' title='bbox 598 2629 626 2670; x_wconf 84' lang='lat' dir='ltr'><strong>v.</strong></span> <span class='ocrx_word' id='word_1_179' title='bbox 661 2605 851 2690; x_wconf 79' lang='lat' dir='ltr'><strong>Seloefercm</strong></span> <span class='ocrx_word' id='word_1_180' title='bbox 873 2607 916 2670; x_wconf 82' lang='lat' dir='ltr'><strong>cul</strong></span> <span class='ocrx_word' id='word_1_181' title='bbox 939 2606 1026 2688; x_wconf 69' lang='lat' dir='ltr'><strong>deep.</strong></span> <span class='ocrx_word' id='word_1_182' title='bbox 1054 2607 1185 2674; x_wconf 55' lang='lat' dir='ltr'><strong>Codice</strong></span> <span class='ocrx_word' id='word_1_183' title='bbox 1200 2628 1236 2690; x_wconf 83' lang='lat' dir='ltr'><strong>p.</strong></span> <span class='ocrx_word' id='word_1_184' title='bbox 1262 2603 1316 2671; x_wconf 89' lang='grc'><strong>66.</strong></span> <span class='ocrx_word' id='word_1_185' title='bbox 1339 2609 1368 2670; x_wconf 80' lang='lat' dir='ltr'><strong>et</strong></span> <span class='ocrx_word' id='word_1_186' title='bbox 1389 2623 1466 2691; x_wconf 72' lang='lat' dir='ltr'><strong>quos</strong></span> 
     </span>
     <span class='ocr_line' id='line_1_22' title="bbox 273 2706 1466 2796; baseline -0.002 -21"><span class='ocrx_word' id='word_1_187' title='bbox 273 2711 329 2775; x_wconf 74' lang='lat' dir='ltr'><strong>ille</strong></span> <span class='ocrx_word' id='word_1_188' title='bbox 350 2710 497 2774; x_wconf 63' lang='lat' dir='ltr'><strong>taudem.</strong></span> <span class='ocrx_word' id='word_1_189' title='bbox 521 2711 598 2773; x_wconf 79' lang='lat' dir='ltr'><strong>adde</strong></span> <span class='ocrx_word' id='word_1_190' title='bbox 619 2710 743 2775; x_wconf 76' lang='lat' dir='ltr'><strong>Lobeck.</strong></span> <span class='ocrx_word' id='word_1_191' title='bbox 764 2710 807 2772; x_wconf 84' lang='lat' dir='ltr'><strong>od</strong></span> <span class='ocrx_word' id='word_1_192' title='bbox 826 2709 987 2796; x_wconf 75' lang='lat' dir='ltr'><strong>Phrynicb.</strong></span> <span class='ocrx_word' id='word_1_193' title='bbox 1011 2732 1043 2796; x_wconf 90' lang='lat' dir='ltr'><strong>p.</strong></span> <span class='ocrx_word' id='word_1_194' title='bbox 1068 2708 1163 2777; x_wconf 66' lang='lat'>7333’</span> <span class='ocrx_word' id='word_1_195' title='bbox 1185 2714 1245 2776; x_wconf 88' lang='lat' dir='ltr'><strong>etc.</strong></span> <span class='ocrx_word' id='word_1_196' title='bbox 1270 2713 1330 2776; x_wconf 83' lang='lat' dir='ltr'><strong>eto.</strong></span> <span class='ocrx_word' id='word_1_197' title='bbox 1363 2706 1413 2773; x_wconf 81' lang='lat' dir='ltr'>ffi</span> <span class='ocrx_word' id='word_1_198' title='bbox 1430 2711 1466 2774; x_wconf 76' lang='lat' dir='ltr'><strong>et</strong></span> 
     </span>
     <span class='ocr_line' id='line_1_23' title="bbox 276 2812 1467 2899; baseline -0.003 -19"><span class='ocrx_word' id='word_1_199' title='bbox 276 2815 341 2899; x_wconf 87' lang='lat' dir='ltr'><strong>ipsi</strong></span> <span class='ocrx_word' id='word_1_200' title='bbox 369 2814 488 2879; x_wconf 87' lang='lat' dir='ltr'><strong>nubem</strong></span> <span class='ocrx_word' id='word_1_201' title='bbox 516 2815 650 2879; x_wconf 87' lang='lat' dir='ltr'><strong>testium</strong></span> <span class='ocrx_word' id='word_1_202' title='bbox 679 2813 820 2879; x_wconf 81' lang='lat' dir='ltr'><strong>excitent</strong></span> <span class='ocrx_word' id='word_1_203' title='bbox 849 2812 1072 2892; x_wconf 82' lang='lat' dir='ltr'><strong>Marklandos,</strong></span> <span class='ocrx_word' id='word_1_204' title='bbox 1103 2813 1298 2893; x_wconf 88' lang='lat' dir='ltr'><strong>Brnnolrios,</strong></span> <span class='ocrx_word' id='word_1_205' title='bbox 1329 2818 1467 2897; x_wconf 76' lang='lat' dir='ltr'><strong>siquos</strong></span> 
     </span>
     <span class='ocr_line' id='line_1_24' title="bbox 275 2912 1465 3005; baseline -0.001 -21"><span class='ocrx_word' id='word_1_206' title='bbox 275 2915 359 2984; x_wconf 82' lang='lat' dir='ltr'><strong>noni</strong></span> <span class='ocrx_word' id='word_1_207' title='bbox 392 2917 440 2982; x_wconf 89' lang='lat' dir='ltr'><strong>Hi</strong></span> <span class='ocrx_word' id='word_1_208' title='bbox 470 2938 579 2983; x_wconf 88' lang='lat' dir='ltr'><strong>omnes</strong></span> <span class='ocrx_word' id='word_1_209' title='bbox 609 2916 743 2982; x_wconf 84' lang='lat' dir='ltr'><strong>offerunt</strong></span> <span class='ocrx_word' id='word_1_210' title='bbox 772 2922 829 2981; x_wconf 90' lang='lat' dir='ltr'><strong>aut</strong></span> <span class='ocrx_word' id='word_1_211' title='bbox 857 2937 960 2983; x_wconf 90' lang='lat' dir='ltr'><strong>unum</strong></span> <span class='ocrx_word' id='word_1_212' title='bbox 986 2918 1094 2984; x_wconf 91' lang='lat' dir='ltr'><strong>locum</strong></span> <span class='ocrx_word' id='word_1_213' title='bbox 1116 2924 1173 2985; x_wconf 87' lang='lat' dir='ltr'><strong>aut</strong></span> <span class='ocrx_word' id='word_1_214' title='bbox 1194 2918 1319 3005; x_wconf 88' lang='lat' dir='ltr'><strong>plures,</strong></span> <span class='ocrx_word' id='word_1_215' title='bbox 1341 2916 1401 2983; x_wconf 89' lang='lat' dir='ltr'><strong>ubi</strong></span> <span class='ocrx_word' id='word_1_216' title='bbox 1423 2912 1465 2983; x_wconf 72' lang='lat' dir='ltr'><strong>cia</strong></span> 
     </span>
     <span class='ocr_line' id='line_1_25' title="bbox 278 3019 1467 3108; baseline -0.001 -20"><span class='ocrx_word' id='word_1_217' title='bbox 278 3042 354 3088; x_wconf 89' lang='lat' dir='ltr'><strong>eum</strong></span> <span class='ocrx_word' id='word_1_218' title='bbox 382 3022 491 3088; x_wconf 87' lang='lat' dir='ltr'><strong>futuro</strong></span> <span class='ocrx_word' id='word_1_219' title='bbox 519 3019 664 3108; x_wconf 85' lang='lat' dir='ltr'><strong>legatur,</strong></span> <span class='ocrx_word' id='word_1_220' title='bbox 692 3025 725 3086; x_wconf 92' lang='lat' dir='ltr'><strong>et</strong></span> <span class='ocrx_word' id='word_1_221' title='bbox 753 3022 799 3085; x_wconf 87' lang='lat' dir='ltr'><strong>sic</strong></span> <span class='ocrx_word' id='word_1_222' title='bbox 824 3040 874 3086; x_wconf 88' lang='lat' dir='ltr'><strong>res</strong></span> <span class='ocrx_word' id='word_1_223' title='bbox 898 3022 1034 3087; x_wconf 85' lang='lat' dir='ltr'><strong>absurda</strong></span> <span class='ocrx_word' id='word_1_224' title='bbox 1057 3027 1089 3088; x_wconf 84' lang='lat' dir='ltr'><strong>et</strong></span> <span class='ocrx_word' id='word_1_225' title='bbox 1111 3027 1255 3090; x_wconf 83' lang='lat' dir='ltr'><strong>aeternos</strong></span> <span class='ocrx_word' id='word_1_226' title='bbox 1274 3026 1408 3088; x_wconf 83' lang='lat' dir='ltr'><strong>naturae</strong></span> <span class='ocrx_word' id='word_1_227' title='bbox 1430 3024 1467 3087; x_wconf 87' lang='lat' dir='ltr'><strong>et</strong></span> 
     </span>
     <span class='ocr_line' id='line_1_26' title="bbox 277 3124 1467 3214; baseline 0 -22"><span class='ocrx_word' id='word_1_228' title='bbox 277 3128 411 3192; x_wconf 90' lang='lat' dir='ltr'><strong>rationis</strong></span> <span class='ocrx_word' id='word_1_229' title='bbox 431 3124 520 3214; x_wconf 88' lang='lat' dir='ltr'><strong>leges</strong></span> <span class='ocrx_word' id='word_1_230' title='bbox 541 3125 666 3192; x_wconf 85' lang='lat' dir='ltr'><strong>violans</strong></span> <span class='ocrx_word' id='word_1_231' title='bbox 689 3124 800 3203; x_wconf 75' lang='lat' dir='ltr'><strong>,nillil</strong></span> <span class='ocrx_word' id='word_1_232' title='bbox 819 3125 906 3190; x_wconf 76' lang='lat' dir='ltr'><strong>tolet</strong></span> <span class='ocrx_word' id='word_1_233' title='bbox 927 3125 1121 3193; x_wconf 68' lang='lat' dir='ltr'><strong>imolenticel’</strong></span> <span class='ocrx_word' id='word_1_234' title='bbox 1145 3125 1276 3194; x_wconf 87' lang='lat' dir='ltr'><strong>scilicet.</strong></span> <span class='ocrx_word' id='word_1_235' title='bbox 1309 3124 1467 3212; x_wconf 84' lang='lat' dir='ltr'><strong>Reliquos</strong></span> 
     </span>
     <span class='ocr_line' id='line_1_27' title="bbox 277 3228 1467 3316; baseline 0.002 -22"><span class='ocrx_word' id='word_1_236' title='bbox 277 3229 426 3316; x_wconf 88' lang='lat' dir='ltr'><strong>equidem</strong></span> <span class='ocrx_word' id='word_1_237' title='bbox 448 3247 512 3296; x_wconf 94' lang='lat' dir='ltr'><strong>non</strong></span> <span class='ocrx_word' id='word_1_238' title='bbox 530 3228 674 3295; x_wconf 90' lang='lat' dir='ltr'><strong>multum</strong></span> <span class='ocrx_word' id='word_1_239' title='bbox 691 3248 815 3308; x_wconf 90' lang='lat' dir='ltr'><strong>moror,</strong></span> <span class='ocrx_word' id='word_1_240' title='bbox 835 3230 890 3295; x_wconf 91' lang='lat' dir='ltr'><strong>sed</strong></span> <span class='ocrx_word' id='word_1_241' title='bbox 908 3229 1132 3297; x_wconf 83' lang='lat' dir='ltr'><strong>Heindorfinm</strong></span> <span class='ocrx_word' id='word_1_242' title='bbox 1150 3235 1185 3299; x_wconf 91' lang='lat' dir='ltr'><strong>in</strong></span> <span class='ocrx_word' id='word_1_243' title='bbox 1203 3251 1314 3299; x_wconf 89' lang='lat' dir='ltr'><strong>eorum</strong></span> <span class='ocrx_word' id='word_1_244' title='bbox 1330 3248 1467 3297; x_wconf 87' lang='lat' dir='ltr'><strong>numeru</strong></span> 
     </span>
     <span class='ocr_line' id='line_1_28' title="bbox 277 3330 1462 3425; baseline 0 -26"><span class='ocrx_word' id='word_1_245' title='bbox 277 3353 344 3399; x_wconf 89' lang='lat' dir='ltr'><strong>esse</strong></span> <span class='ocrx_word' id='word_1_246' title='bbox 361 3335 462 3399; x_wconf 89' lang='lat' dir='ltr'><strong>miror</strong></span> <span class='ocrx_word' id='word_1_247' title='bbox 481 3353 517 3401; x_wconf 88' lang='lat' dir='ltr'><strong>ae</strong></span> <span class='ocrx_word' id='word_1_248' title='bbox 536 3332 637 3400; x_wconf 91' lang='lat' dir='ltr'><strong>doleo.</strong></span> <span class='ocrx_word' id='word_1_249' title='bbox 670 3330 708 3397; x_wconf 93' lang='lat' dir='ltr'><strong>ln</strong></span> <span class='ocrx_word' id='word_1_250' title='bbox 726 3330 871 3399; x_wconf 83' lang='lat' dir='ltr'><strong>Platonis</strong></span> <span class='ocrx_word' id='word_1_251' title='bbox 888 3334 1026 3401; x_wconf 77' lang='lat' dir='ltr'><strong>Phaedro</strong></span> <span class='ocrx_word' id='word_1_252' title='bbox 1043 3335 1211 3425; x_wconf 86' lang='lat' dir='ltr'><strong>legebatur</strong></span> <span class='ocrx_word' id='word_1_253' title='bbox 1228 3355 1303 3425; x_wconf 84' lang='lat' dir='ltr'><strong>pag.</strong></span> <span class='ocrx_word' id='word_1_254' title='bbox 1322 3333 1402 3403; x_wconf 74' lang='grc'><strong>252.</strong></span> <span class='ocrx_word' id='word_1_255' title='bbox 1413 3349 1462 3401; x_wconf 76' lang='lat' dir='ltr'><strong>n:</strong></span> 
     </span>
     <span class='ocr_line' id='line_1_29' title="bbox 277 3436 1462 3522; baseline -0.001 -18"><span class='ocrx_word' id='word_1_256' title='bbox 277 3436 414 3512; x_wconf 64' lang='lat' dir='ltr'><strong>studeas</strong></span> <span class='ocrx_word' id='word_1_257' title='bbox 449 3436 571 3510; x_wconf 63' lang='lat' dir='ltr'><strong>seem</strong></span> <span class='ocrx_word' id='word_1_258' title='bbox 606 3436 657 3503; x_wconf 71' lang='lat' dir='ltr'><strong>tre</strong></span> <span class='ocrx_word' id='word_1_259' title='bbox 684 3436 814 3512; x_wconf 75' lang='grc' dir='ltr'><strong><em>ιεδιητιι</em></strong></span> <span class='ocrx_word' id='word_1_260' title='bbox 844 3437 1039 3519; x_wconf 67' lang='grc' dir='ltr'><strong>γελάσειας,</strong></span> <span class='ocrx_word' id='word_1_261' title='bbox 1080 3444 1114 3506; x_wconf 90' lang='lat' dir='ltr'><strong>at</strong></span> <span class='ocrx_word' id='word_1_262' title='bbox 1143 3439 1200 3508; x_wconf 91' lang='lat' dir='ltr'><strong>ille</strong></span> <span class='ocrx_word' id='word_1_263' title='bbox 1227 3438 1359 3522; x_wconf 66' lang='grc' dir='ltr'><strong>γελάσει</strong></span> <span class='ocrx_word' id='word_1_264' title='bbox 1383 3440 1462 3505; x_wconf 74' lang='lat' dir='ltr'><strong>&#39;AN</strong></span> 
     </span>
     <span class='ocr_line' id='line_1_30' title="bbox 278 3538 1465 3630; baseline 0.002 -21"><span class='ocrx_word' id='word_1_265' title='bbox 278 3544 413 3610; x_wconf 86' lang='lat' dir='ltr'><strong>coniecit</strong></span> <span class='ocrx_word' id='word_1_266' title='bbox 443 3544 498 3623; x_wconf 80' lang='lat' dir='ltr'><strong>,si</strong></span> <span class='ocrx_word' id='word_1_267' title='bbox 523 3542 641 3630; x_wconf 70' lang='lat' dir='ltr'><strong>quidem</strong></span> <span class='ocrx_word' id='word_1_268' title='bbox 666 3538 704 3607; x_wconf 67' lang='lat' dir='ltr'><strong>da</strong></span> <span class='ocrx_word' id='word_1_269' title='bbox 724 3543 840 3629; x_wconf 69' lang='lat' dir='ltr'><strong>selmo</strong></span> <span class='ocrx_word' id='word_1_270' title='bbox 862 3542 995 3608; x_wconf 78' lang='lat' dir='ltr'><strong>iunctum</strong></span> <span class='ocrx_word' id='word_1_271' title='bbox 1016 3566 1077 3613; x_wconf 75' lang='lat' dir='ltr'><strong>ooo</strong></span> <span class='ocrx_word' id='word_1_272' title='bbox 1098 3546 1171 3613; x_wconf 82' lang='lat' dir='ltr'><strong>adeo</strong></span> <span class='ocrx_word' id='word_1_273' title='bbox 1191 3568 1295 3613; x_wconf 75' lang='lat' dir='ltr'><strong>raram</strong></span> <span class='ocrx_word' id='word_1_274' title='bbox 1316 3551 1361 3611; x_wconf 70' lang='lat' dir='ltr'><strong>esc</strong></span> <span class='ocrx_word' id='word_1_275' title='bbox 1380 3542 1465 3630; x_wconf 75' lang='lat' dir='ltr'><strong>cpsd</strong></span> 
     </span>
     <span class='ocr_line' id='line_1_31' title="bbox 277 3644 1459 3739; baseline 0.001 -26"><span class='ocrx_word' id='word_1_276' title='bbox 277 3648 400 3732; x_wconf 74' lang='lat' dir='ltr'><strong>optiones</strong></span> <span class='ocrx_word' id='word_1_277' title='bbox 431 3646 617 3732; x_wconf 52' lang='lat' dir='ltr'><strong>emptores?</strong></span> <span class='ocrx_word' id='word_1_278' title='bbox 657 3644 695 3711; x_wconf 93' lang='lat' dir='ltr'><strong>In</strong></span> <span class='ocrx_word' id='word_1_279' title='bbox 723 3647 880 3712; x_wconf 76' lang='lat' dir='ltr'><strong>Phaedone</strong></span> <span class='ocrx_word' id='word_1_280' title='bbox 909 3668 983 3737; x_wconf 87' lang='lat' dir='ltr'><strong>pag.</strong></span> <span class='ocrx_word' id='word_1_281' title='bbox 1016 3648 1069 3714; x_wconf 87' lang='lat'><strong>61.</strong></span> <span class='ocrx_word' id='word_1_282' title='bbox 1102 3668 1130 3717; x_wconf 86' lang='lat' dir='ltr'><strong>o.</strong></span> <span class='ocrx_word' id='word_1_283' title='bbox 1160 3650 1263 3739; x_wconf 80' lang='lat' dir='ltr'><strong>vulgo</strong></span> <span class='ocrx_word' id='word_1_284' title='bbox 1291 3650 1459 3717; x_wconf 81' lang='lat' dir='ltr'><strong>edebatur:</strong></span> 
     </span>
     <span class='ocr_line' id='line_1_32' title="bbox 278 3748 1461 3835; baseline 0 -17"><span class='ocrx_word' id='word_1_285' title='bbox 278 3753 340 3818; x_wconf 73' lang='grc' dir='ltr'><strong>οὐδ’</strong></span> <span class='ocrx_word' id='word_1_286' title='bbox 375 3753 542 3818; x_wconf 77' lang='grc' dir='ltr'><em>ὁπωστιοῦν</em></span> <span class='ocrx_word' id='word_1_287' title='bbox 567 3756 642 3817; x_wconf 74' lang='lat' dir='ltr'><strong>”AN</strong></span> <span class='ocrx_word' id='word_1_288' title='bbox 675 3773 720 3815; x_wconf 81' lang='grc' dir='ltr'><strong>σοι</strong></span> <span class='ocrx_word' id='word_1_289' title='bbox 752 3752 824 3816; x_wconf 77' lang='grc' dir='ltr'><strong>ἑκὼν</strong></span> <span class='ocrx_word' id='word_1_290' title='bbox 854 3748 930 3817; x_wconf 72' lang='lat' dir='ltr'><strong>siser</strong></span> <span class='ocrx_word' id='word_1_291' title='bbox 961 3755 1114 3822; x_wconf 73' lang='lat' dir='ltr'><strong>creterras.</strong></span> <span class='ocrx_word' id='word_1_292' title='bbox 1160 3754 1246 3835; x_wconf 82' lang='lat' dir='ltr'><strong>Quid</strong></span> <span class='ocrx_word' id='word_1_293' title='bbox 1274 3749 1461 3820; x_wconf 67' lang='lat' dir='ltr'><strong>Heindorssi</strong></span> 
     </span>
     <span class='ocr_line' id='line_1_33' title="bbox 277 3855 1461 3945; baseline 0.001 -21"><span class='ocrx_word' id='word_1_294' title='bbox 277 3857 407 3924; x_wconf 84' lang='lat' dir='ltr'><strong>Leniter</strong></span> <span class='ocrx_word' id='word_1_295' title='bbox 437 3859 567 3942; x_wconf 88' lang='lat' dir='ltr'><strong>corripit</strong></span> <span class='ocrx_word' id='word_1_296' title='bbox 594 3855 794 3923; x_wconf 87' lang='lat' dir='ltr'><strong>Brunckinm</strong></span> <span class='ocrx_word' id='word_1_297' title='bbox 826 3856 904 3924; x_wconf 88' lang='lat' dir='ltr'><strong>locis</strong></span> <span class='ocrx_word' id='word_1_298' title='bbox 934 3861 1090 3945; x_wconf 89' lang='lat' dir='ltr'><strong>corruptis</strong></span> <span class='ocrx_word' id='word_1_299' title='bbox 1113 3859 1198 3925; x_wconf 87' lang='lat' dir='ltr'><strong>male</strong></span> <span class='ocrx_word' id='word_1_300' title='bbox 1219 3865 1382 3937; x_wconf 92' lang='lat' dir='ltr'><strong>utentem,</strong></span> <span class='ocrx_word' id='word_1_301' title='bbox 1405 3855 1461 3924; x_wconf 89' lang='lat' dir='ltr'><strong>scd</strong></span> 
     </span>
     <span class='ocr_line' id='line_1_34' title="bbox 278 3958 1460 4051; baseline -0.003 -22"><span class='ocrx_word' id='word_1_302' title='bbox 278 3962 334 4029; x_wconf 90' lang='lat' dir='ltr'><strong>dat</strong></span> <span class='ocrx_word' id='word_1_303' title='bbox 362 3982 477 4028; x_wconf 84' lang='lat' dir='ltr'><strong>manus</strong></span> <span class='ocrx_word' id='word_1_304' title='bbox 507 3961 631 4028; x_wconf 89' lang='lat' dir='ltr'><strong>duobus</strong></span> <span class='ocrx_word' id='word_1_305' title='bbox 657 3981 696 4025; x_wconf 85' lang='lat' dir='ltr'><strong>ex</strong></span> <span class='ocrx_word' id='word_1_306' title='bbox 725 3958 860 4027; x_wconf 85' lang='lat' dir='ltr'><strong>leocrate</strong></span> <span class='ocrx_word' id='word_1_307' title='bbox 890 3962 968 4029; x_wconf 90' lang='lat' dir='ltr'><strong>locis</strong></span> <span class='ocrx_word' id='word_1_308' title='bbox 993 3965 1139 4051; x_wconf 73' lang='lat' dir='ltr'><strong>Poneppe.</strong></span> <span class='ocrx_word' id='word_1_309' title='bbox 1163 3985 1195 4049; x_wconf 91' lang='lat' dir='ltr'><strong>p.</strong></span> <span class='ocrx_word' id='word_1_310' title='bbox 1220 3961 1273 4029; x_wconf 82' lang='lat'><strong>79.</strong></span> <span class='ocrx_word' id='word_1_311' title='bbox 1299 3981 1331 4028; x_wconf 84' lang='lat' dir='ltr'><strong>o.</strong></span> <span class='ocrx_word' id='word_1_312' title='bbox 1355 3960 1460 4038; x_wconf 61' lang='grc' dir='ltr'><strong>ἕξις-ιιι</strong></span> 
     </span>
     <span class='ocr_line' id='line_1_35' title="bbox 278 4064 1460 4153; baseline 0 -21"><span class='ocrx_word' id='word_1_313' title='bbox 278 4067 340 4148; x_wconf 75' lang='grc' dir='ltr'><strong>γὰρ</strong></span> <span class='ocrx_word' id='word_1_314' title='bbox 359 4065 436 4134; x_wconf 70' lang='lat' dir='ltr'><strong>*AN</strong></span> <span class='ocrx_word' id='word_1_315' title='bbox 449 4103 492 4115; x_wconf 93' lang='lat'><em>-</em></span> <span class='ocrx_word' id='word_1_316' title='bbox 504 4067 547 4131; x_wconf 81' lang='lat' dir='ltr'><strong>rei</strong></span> <span class='ocrx_word' id='word_1_317' title='bbox 570 4066 696 4147; x_wconf 78' lang='grc' dir='ltr'><strong>σφέτερ’</strong></span> <span class='ocrx_word' id='word_1_318' title='bbox 712 4066 812 4131; x_wconf 70' lang='grc' dir='ltr'><strong><em>αὐτῶν</em></strong></span> <span class='ocrx_word' id='word_1_319' title='bbox 832 4068 1037 4148; x_wconf 74' lang='grc' dir='ltr'><strong>καρποῦσθαι,</strong></span> <span class='ocrx_word' id='word_1_320' title='bbox 1058 4074 1090 4134; x_wconf 87' lang='lat' dir='ltr'><strong>et</strong></span> <span class='ocrx_word' id='word_1_321' title='bbox 1111 4069 1259 4152; x_wconf 66' lang='lat' dir='ltr'><strong>disperit.</strong></span> <span class='ocrx_word' id='word_1_322' title='bbox 1278 4088 1309 4153; x_wconf 87' lang='lat' dir='ltr'><strong>p.</strong></span> <span class='ocrx_word' id='word_1_323' title='bbox 1330 4064 1406 4134; x_wconf 82' lang='grc'><strong>666.</strong></span> <span class='ocrx_word' id='word_1_324' title='bbox 1426 4084 1460 4132; x_wconf 80' lang='lat' dir='ltr'><strong>u.</strong></span> 
     </span>
     <span class='ocr_line' id='line_1_36' title="bbox 275 4167 1461 4252; baseline 0.006 -20"><span class='ocrx_word' id='word_1_325' title='bbox 275 4167 382 4252; x_wconf 67' lang='grc' dir='ltr'><strong>ῥᾳδίως</strong></span> <span class='ocrx_word' id='word_1_326' title='bbox 411 4172 561 4250; x_wconf 74' lang='grc' dir='ltr'><strong><em>γνώσεσθε</em></strong></span> <span class='ocrx_word' id='word_1_327' title='bbox 587 4173 673 4236; x_wconf 79' lang='grc' dir='ltr'><strong>ἌΝ.</strong></span> <span class='ocrx_word' id='word_1_328' title='bbox 718 4169 843 4250; x_wconf 79' lang='lat' dir='ltr'><strong>Quanto</strong></span> <span class='ocrx_word' id='word_1_329' title='bbox 872 4175 977 4237; x_wconf 87' lang='lat' dir='ltr'><strong>sanior</strong></span> <span class='ocrx_word' id='word_1_330' title='bbox 1005 4175 1154 4239; x_wconf 88' lang='lat' dir='ltr'><strong>omnibus</strong></span> <span class='ocrx_word' id='word_1_331' title='bbox 1183 4175 1282 4238; x_wconf 85' lang='lat' dir='ltr'><strong>etiam</strong></span> <span class='ocrx_word' id='word_1_332' title='bbox 1310 4175 1345 4239; x_wconf 92' lang='lat' dir='ltr'><strong>in</strong></span> <span class='ocrx_word' id='word_1_333' title='bbox 1368 4192 1405 4238; x_wconf 85' lang='lat' dir='ltr'><strong>ea</strong></span> <span class='ocrx_word' id='word_1_334' title='bbox 1425 4192 1461 4239; x_wconf 91' lang='lat' dir='ltr'><strong>re</strong></span> 
     </span>
     <span class='ocr_line' id='line_1_37' title="bbox 274 4271 1461 4365; baseline 0.005 -28"><span class='ocrx_word' id='word_1_335' title='bbox 274 4271 439 4339; x_wconf 84' lang='lat' dir='ltr'><strong>Dawesius</strong></span> <span class='ocrx_word' id='word_1_336' title='bbox 463 4280 547 4353; x_wconf 89' lang='lat' dir='ltr'><strong>erat,</strong></span> <span class='ocrx_word' id='word_1_337' title='bbox 571 4277 682 4360; x_wconf 87' lang='lat' dir='ltr'><strong>quiin</strong></span> <span class='ocrx_word' id='word_1_338' title='bbox 706 4276 836 4340; x_wconf 67' lang='lat' dir='ltr'><strong>Miscere.</strong></span> <span class='ocrx_word' id='word_1_339' title='bbox 864 4279 936 4342; x_wconf 81' lang='lat' dir='ltr'><strong>Crit.</strong></span> <span class='ocrx_word' id='word_1_340' title='bbox 961 4300 992 4362; x_wconf 94' lang='lat' dir='ltr'><strong>p.</strong></span> <span class='ocrx_word' id='word_1_341' title='bbox 1019 4277 1093 4344; x_wconf 89' lang='grc'><strong>104.</strong></span> <span class='ocrx_word' id='word_1_342' title='bbox 1118 4281 1165 4345; x_wconf 91' lang='lat' dir='ltr'><strong>ita</strong></span> <span class='ocrx_word' id='word_1_343' title='bbox 1187 4279 1314 4344; x_wconf 88' lang='lat' dir='ltr'><strong>scribit:</strong></span> <span class='ocrx_word' id='word_1_344' title='bbox 1340 4302 1461 4365; x_wconf 78' lang='lat' dir='ltr'><strong>„ueqae</strong></span> 
     </span>
     <span class='ocr_line' id='line_1_38' title="bbox 273 4376 1461 4464; baseline 0.011 -26"><span class='ocrx_word' id='word_1_345' title='bbox 273 4376 379 4439; x_wconf 74' lang='lat' dir='ltr'><strong>vitium</strong></span> <span class='ocrx_word' id='word_1_346' title='bbox 407 4377 441 4441; x_wconf 85' lang='grc' dir='ltr'><strong>ιἰι</strong></span> <span class='ocrx_word' id='word_1_347' title='bbox 469 4401 500 4442; x_wconf 82' lang='lat' dir='ltr'><strong>eo</strong></span> <span class='ocrx_word' id='word_1_348' title='bbox 530 4388 664 4445; x_wconf 68' lang='lat' dir='ltr'><strong>veretur</strong></span> <span class='ocrx_word' id='word_1_349' title='bbox 693 4382 772 4464; x_wconf 76' lang='lat' dir='ltr'><strong>qued</strong></span> <span class='ocrx_word' id='word_1_350' title='bbox 796 4383 900 4445; x_wconf 75' lang='lat' dir='ltr'><strong>occulo</strong></span> <span class='ocrx_word' id='word_1_351' title='bbox 928 4382 1002 4448; x_wconf 71' lang='lat' dir='ltr'><strong>”AN</strong></span> <span class='ocrx_word' id='word_1_352' title='bbox 1035 4407 1098 4448; x_wconf 78' lang='grc' dir='ltr'><strong><em>ιιιιιι</em></strong></span> <span class='ocrx_word' id='word_1_353' title='bbox 1119 4384 1281 4451; x_wconf 73' lang='lat' dir='ltr'><strong>irodicutico</strong></span> <span class='ocrx_word' id='word_1_354' title='bbox 1304 4387 1386 4451; x_wconf 84' lang='lat' dir='ltr'><strong>modo</strong></span> <span class='ocrx_word' id='word_1_355' title='bbox 1407 4386 1461 4451; x_wconf 80' lang='lat' dir='ltr'><strong>aed</strong></span> 
     </span>
    </p>
   </div>
   <div class='ocr_carea' id='block_1_4' title="bbox 0 0 1634 5014">
    <p class='ocr_par' dir='ltr' id='par_1_4' title="bbox 0 0 1634 5014">
     <span class='ocr_line' id='line_1_39' title="bbox 0 0 1634 5014; baseline 0 0"><span class='ocrx_word' id='word_1_356' title='bbox 0 0 1634 5014; x_wconf 95' lang='lat' dir='ltr'><strong> </strong></span> 
     </span>
    </p>
   </div>
  </div>
 </body>
</html>
