3388 5010
632 353 824 402 ourcococtcn
849 314 886 402 dn
910 352 1036 401 catenen.
1363 336 1425 400 lbi

237 525 277 595 de
300 525 413 616 lepoto.
460 523 583 593 Deinde
605 522 821 608 ἀκροάσεσθαι
845 521 1153 613 proclamabantur,
1178 541 1318 609 uanique
1338 531 1430 610 puta-

238 633 316 700 bant
338 632 500 700 audituros
522 651 610 709 sese,
635 649 697 696 non
719 630 886 698 audiuisse.
934 631 1016 697 Tum
1042 629 1116 716 quia
1137 636 1170 696 et
1192 628 1269 697 olim
1290 638 1323 696 et
1343 648 1430 695 nunc

239 739 319 806 satis
343 746 469 805 constat
494 739 578 804 iuter
601 757 713 804 omnes
735 740 788 804 τόν
807 741 889 805 roos
913 758 1003 805 ocem
1027 756 1119 816 esse,
1145 735 1243 803 sciolo
1263 754 1358 801 suum
1376 740 1430 803 τοῦ

237 843 343 927 όρνιόος
367 842 481 911 lubens
503 842 712 911 reddiderim.
746 843 845 911 Multa
870 843 922 910 bis
943 841 1062 910 similia
1084 841 1276 911 emblemata
1300 851 1332 910 et
1354 840 1431 910 alibi

207 983 210 989 ·
238 960 271 1020 et
293 949 379 1038 apud
406 950 597 1017 Pausaniam
622 968 680 1016 nos
704 947 923 1017 ludificantur.
956 1020 959 1025 ,

284 1166 360 1252 Pag.
385 1168 464 1232 620.
496 1165 522 1231 ol
551 1166 603 1232 τόν
633 1162 792 1232 hemiola
827 1162 946 1247 Οόοιρον
968 1162 1071 1245 λόγον
1095 1165 1251 1244 ἀξιοῦντες
1276 1164 1363 1232 αὐτοὶ
1386 1167 1432 1247 μὴ

237 1269 403 1350 &brodelee
433 1270 546 1351 λόγον.
594 1270 761 1356 Scriptum
793 1278 862 1336 erat
887 1268 938 1337 bis
962 1271 996 1337 in
1020 1278 1128 1337 vetere
1152 1268 1235 1337 libro
1257 1251 1314 1351 do,
1346 1271 1432 1358 quod

238 1396 257 1444 a
281 1375 397 1445 scribis
420 1377 503 1457 male
527 1374 688 1464 expletum
713 1376 815 1456 λόγον
836 1376 978 1463 peperit,
1006 1395 1107 1464 quum
1130 1374 1251 1454 albot
1275 1376 1433 1455 οὶξιοῦντες

239 1492 270 1552 ct
301 1483 464 1563 οὶξιοόοόον
494 1482 615 1563 atros
647 1490 732 1550 esset
761 1481 980 1549 scribendum.
1030 1483 1071 1550 Ut
1102 1482 1189 1549 cuim
1220 1481 1315 1562 alpos
1348 1483 1432 1565 ἄξιον

240 1597 426 1657 constanter
450 1589 571 1656 dicitur
596 1590 671 1680 (non
696 1588 808 1677 λόγον)
834 1588 881 1655 sic
905 1595 938 1656 et
961 1587 1057 1669 λόγον
1080 1585 1184 1666 tireio
1206 1597 1237 1656 et
1261 1587 1432 1666 οόξιοῦσόοοι.

240 1695 418 1764 Emendate
447 1695 603 1764 scribitur
634 1714 667 1782 p.
694 1692 1250 1782 661.όξιοο’σόοδὲλόρον,οῑρ.
1277 1698 1352 1761 656.
1378 1692 1434 1761 λό-

240 1826 297 1883 γον
329 1802 417 1885 τοιροὶ
448 1810 511 1878 τοῖς
534 1802 708 1877 σπουδαίοις
732 1801 925 1882 όξιοόμενον,
949 1810 982 1870 el
1006 1821 1036 1888 p.
1062 1805 1141 1871 576.
1166 1800 1314 1881 οὶξιοόσόοο
1338 1801 1434 1883 λόγον

240 1908 292 1976 ool
317 1908 447 1991 Οόοιρος.

287 2122 364 2209 Peg.
390 2125 468 2189 624.
499 2120 644 2196 Αἱλιοίνός
675 2120 708 2187 δὲ
732 2123 882 2201 Ῥωμαῖος
904 2122 962 2203 μὲν
986 2117 1040 2202 ἦν,
1073 2122 1209 2207 ἦττόκιζε
1232 2124 1263 2190 dl
1287 2121 1386 2207 ὥσπερ
1410 2127 1435 2193 ol

240 2230 271 2299 ἕν
293 2237 332 2311 τῇ
356 2227 510 2312 μεσονεόρο
533 2229 696 2305 Ἀθηναῖοι.
728 2227 855 2294 Exintia
879 2247 956 2295 sane
979 2226 1052 2296 laus
1074 2237 1103 2296 et
1127 2227 1221 2317 plane
1242 2231 1435 2317 singularis,

241 2354 314 2400 nam
342 2333 534 2400 Philostrato
560 2341 660 2409 teste,
682 2353 754 2420 pag.
781 2340 856 2400 663.
882 2337 908 2401 οἱ
932 2336 990 2414 pto
1014 2336 1045 2401 ἕν
1068 2337 1111 2417 τῷ
1135 2334 1206 2406 dest
1225 2339 1435 2413 Ἀόννοοῑοι-

240 2441 501 2524 τοιροιφόεόροντοοι
524 2441 578 2516 τὴν
602 2438 723 2524 φοινόν,
749 2441 767 2516 ἡ
789 2440 943 2520 μεσόγειον
964 2441 995 2507 δὲ
1014 2439 1145 2519 ἄμικτοι
1165 2442 1337 2526 βορβόροις
1357 2442 1435 2512 οὗτοι

241 2547 371 2626 spuatur
395 2549 499 2621 αὐτοῖς
524 2548 542 2623 ἦ
566 2549 652 2631 <bold
672 2545 725 2611 uel
747 2547 765 2622 ἡ
785 2552 918 2625 γλῶτται
936 2546 992 2622 τὴν
1012 2544 1110 2628 όνροιν
1129 2548 1261 2614 ’aalide
1282 2549 1435 2634 ότοψοόλ-

240 2668 298 2719 λοι.
330 2652 442 2739 ltaque
465 2652 492 2717 si
516 2652 595 2739 quid
619 2663 703 2719 esset
728 2652 761 2717 in
788 2649 840 2717 bis
864 2652 948 2728 vari,
974 2651 1127 2717 helianus
1153 2653 1315 2720 Romanus
1340 2651 1445 2722 homo

240 2755 335 2845 longo
367 2757 537 2824 intervallo
570 2756 739 2845 plerosquo
761 2755 899 2823 Graecos
924 2758 1099 2845 scriptores
1123 2766 1195 2846 post
1218 2779 1252 2827 se
1274 2761 1434 2848 relinque·

243 2875 309 2941 ret,
333 2872 366 2931 ct
390 2864 423 2930 in
445 2862 497 2930 bis
522 2863 753 2931 Philostratum
774 2870 941 2941 nostrum,
965 2864 1022 2951 qui
1043 2884 1141 2951 qnam
1156 2866 1269 2933 vitioso
1282 2877 1314 2934 et
1327 2867 1436 2955 inepta

241 2969 384 3037 oratione
417 2978 529 3036 utatur
559 2977 592 3036 et
621 2978 696 3036 aute
719 2968 921 3036 ostendimus
945 2976 978 3036 et
1001 2968 1150 3057 pluribus
1169 2971 1303 3059 posthac
1328 2984 1436 3040 osten-

241 3074 367 3143 demus.
416 3073 478 3142 Sed
510 3074 591 3142 nihil
625 3072 801 3164 quidquam
835 3083 885 3142 est
917 3075 949 3142 io
983 3073 1034 3142 his
1061 3079 1141 3143 veri.
1190 3076 1262 3145 lure
1286 3086 1436 3166 poteraut

242 3180 456 3249 Philostratus
480 3190 512 3249 et
545 3180 740 3249 Philostrato
763 3181 885 3249 similes
907 3181 945 3249 de
970 3202 1004 3249 se
1028 3181 1136 3251 dicere
1160 3183 1244 3272 quod
1270 3184 1355 3273 apud
1379 3186 1435 3252 Co·

241 3288 362 3354 micum
386 3296 452 3355 est:

376 3394 410 3460 ool
432 3392 542 3475 κρίσεις
567 3394 651 3474 ἡμῶν
674 3396 790 3461 νοσοῦσι
814 3393 868 3461 sal
892 3393 928 3462 τό
949 3394 1021 3476 τρός
1045 3393 1141 3479 χάριν
1164 3398 1256 3464 τολό.

284 3498 452 3568 helianum
474 3498 680 3565 admirantur
700 3499 824 3595 scilicet
844 3509 876 3568 et
896 3498 1048 3568 laudibus
1068 3503 1101 3568 in
1123 3501 1246 3569 coelum
1261 3502 1434 3584 extollunt,

239 3625 302 3693 quo
333 3606 524 3694 ineptiorem
556 3605 748 3693 scriptorem
780 3616 813 3673 et
848 3605 1068 3687 stolidioram,
1106 3608 1133 3673 si
1167 3628 1266 3675 unum
1299 3609 1432 3678 briciani

237 3710 454 3799 Lexiphanem
479 3712 664 3797 exceperis,
691 3732 752 3778 non
778 3711 920 3779 arbitror
943 3711 1044 3780 luisse
1068 3732 1276 3800 quemqnam.
1326 3716 1433 3803 Atque

237 3817 266 3884 is
291 3827 397 3885 tamen
423 3817 463 3883 ab
486 3815 677 3904 aequalibus
702 3818 743 3903 (si
769 3815 889 3886 Suidac
912 3817 992 3886 fides
1013 3839 1041 3885 v.
1062 3818 1222 3908 Αἱνιιοονόο)
1244 3823 1433 3902 Μειόριοσ·

238 3946 287 3998 σος
312 3924 560 4009 cognominatos
584 3933 632 3989 est
655 3930 687 3989 el
710 3925 954 4007 Μελόφόονγος,
980 3932 1013 3991 ct
1035 3923 1228 3992 Philostrato
1251 3926 1357 3993 iudice
1377 3952 1431 3995 κο·

238 4030 332 4112 όοιρόιν
362 4032 466 4112 mocio
497 4027 692 4110 ἐξεπόνησεν,
725 4038 757 4096 et
788 4049 887 4117 quum
921 4050 956 4098 so
987 4029 1027 4097 ad
1060 4028 1266 4098 scribendum
1292 4032 1433 4102 dedisset

237 4133 415 4216 ἕόοονμοόσόιρ
447 4136 482 4202 εἰσ
513 4137 621 4203 τούτου
652 4145 685 4203 et
718 4138 735 4213 ἡ
770 4136 827 4216 μὲν
858 4136 976 4204 ἐτότοιν
998 4135 1066 4203 tate
1088 4141 1143 4203 τοῦ
1166 4138 1269 4221 οόνδρόο
1294 4140 1433 4223 sillitana

238 4241 483 4325 τροτβοόλλοιισοό
518 4267 548 4309 τι
576 4251 632 4320 τῆς
662 4241 853 4324 Νικοςροότον
884 4240 961 4324 cipes
973 4291 984 4322 ,
1016 4245 1034 4321 ἦ
1062 4243 1093 4310 bl
1117 4243 1211 4311 όνόοτε
1235 4246 1307 4329 τρός
1330 4252 1434 4315 bicos

238 4348 290 4434 όρᾷ
315 4349 368 4415 uel
392 4349 443 4414 τόν
467 4349 579 4415 ἐκεῖνον
602 4347 697 4416 τόνον.
733 4348 848 4417 Credat
876 4349 1013 4417 ludacns
1039 4348 1168 4438 Apella,
1194 4372 1255 4417 non
1280 4372 1353 4439 ego,
1376 4356 1431 4443 qui

239 4453 291 4522 isti
317 4453 492 4522 adulationi
517 4452 686 4523 candidam
712 4464 745 4524 ct
765 4464 910 4543 apertam
934 4459 1105 4540 suppactus
1117 4476 1285 4547 opponam.
1322 4459 1433 4548 loepta
1494 4518 1498 4525 ,
