3276 5006
281 343 325 409 66
746 349 1012 399 mmmmm.

282 533 489 616 interponunt
519 528 651 592 caveant
679 526 818 588 iuniores
851 542 891 586 ue
920 523 1038 589 vitiosa
1066 524 1247 590 subtilitate
1277 530 1310 590 et
1340 530 1479 614 argutiis

284 639 459 722 capiantur.
500 630 610 697 Victor
634 636 700 712 νικᾷ
732 630 832 693 etiam
859 633 931 713 post
961 630 1148 707 notoriam,
1181 630 1236 695 sed
1264 631 1383 697 mulier
1408 651 1479 717 par·

284 745 405 809 turleus
438 744 510 826 post
538 742 667 823 partum
701 738 813 812 γεννῖιν
848 735 974 800 desinit.
1018 734 1219 820 Quamquam
1253 737 1330 821 quid
1364 739 1480 802 attinet

285 848 364 915 talia
385 838 555 912 refutarel'
573 842 760 928 praesertim
790 861 890 925 quum
914 847 1007 923 γεννᾷ
1038 861 1095 926 pro
1123 843 1234 919 γέγονε
1257 862 1346 907 mera
1376 844 1418 907 sit
1439 842 1479 908 li·

284 953 382 1017 brarii
411 950 620 1015 hallucinatio
643 949 754 1012 statim
785 946 824 1010 ab
853 948 922 1030 ipso
949 952 1096 1011 correcta.
1139 946 1347 1013 Retineamus
1376 949 1480 1036 igitur

283 1058 382 1123 verba
411 1077 491 1141 quae
522 1053 657 1121 Crotone
684 1054 808 1117 saniora
836 1057 925 1115 sunt:
957 1050 992 1127 ἐξ
1015 1050 1049 1128 ἧς
1081 1053 1199 1118 παιδίον
1231 1054 1316 1133 αὐτῷ
1346 1052 1477 1132 γέγονε,

284 1168 449 1228 civeram
471 1161 580 1226 mendi
604 1159 712 1223 sedem
735 1160 976 1245 investigemus.
1019 1157 1078 1223 Est
1101 1179 1138 1224 ea
1161 1160 1195 1222 in
1225 1159 1331 1224 verbis
1353 1161 1477 1237 γυναικὶ

284 1269 450 1334 τοθλαντατ
480 1286 544 1332 une
573 1263 725 1330 videlieet
747 1262 878 1327 literule.
908 1262 1053 1349 neglecta
1081 1266 1187 1349 periit.
1229 1263 1307 1330 Erat
1335 1274 1478 1331 ΙὛΝΑΙ-

286 1379 561 1439 ΚΙΙΤΛΛΑΝΤΑ
593 1371 626 1435 id
658 1376 706 1435 est
733 1368 856 1446 γυναικὶ
888 1368 962 1432 δέκα
996 1368 1036 1453 (Ι)
1069 1368 1218 1434 τάλαντα
1241 1371 1481 1452 εἰσενεγκαμένῃ

288 1488 406 1561 προῖκα.
443 1477 559 1564 Opima
582 1498 655 1542 saue
674 1476 752 1540 haee
775 1475 830 1539 dos
850 1480 914 1551 est,
939 1474 1079 1539 sednon
1094 1475 1256 1553 inaudita,
1281 1482 1314 1541 et
1333 1480 1478 1542 omnium

286 1592 468 1670 temporum
491 1583 656 1659 κακολόγοι
687 1582 795 1646 omnia
823 1582 858 1643 in
880 1582 986 1644 maius
1008 1600 1124 1667 augere
1155 1581 1259 1647 verbis
1281 1589 1314 1647 et
1344 1604 1480 1671 exagge

286 1712 355 1757 rare
378 1690 489 1755 solent.
530 1687 630 1773 Saepe
659 1686 728 1761 vidi
750 1684 826 1749 δέκα
850 1688 895 1749 sic
920 1687 1068 1770 periisse,
1099 1686 1156 1750 ubi
1187 1690 1291 1753 tenuis
1314 1688 1443 1754 litemla
1464 1699 1478 1753 1

287 1796 493 1862 describentis
523 1793 629 1858 oculos
653 1792 789 1878 fugerat.
837 1787 885 1856 Of.
909 1790 986 1854 Noc.
1016 1790 1109 1859 hecti.
1145 1812 1218 1879 pag.
1243 1792 1307 1857 231
1337 1800 1370 1859 et
1401 1791 1477 1859 795.

287 1902 414 1967 Addam
444 1900 495 1964 his
529 1919 650 1963 novum
683 1895 868 1981 exemplum
897 1916 916 1960 e
945 1895 1080 1962 Libanio
1113 1899 1147 1961 in
1178 1897 1308 1962 Socratis
1333 1900 1481 1982 Apologia

288 2006 380 2072 Tom.
405 2004 461 2069 III.
486 2024 558 2090 pag.
581 2002 633 2067 ll.
658 2003 847 2079 ἀγανακτῶν
872 1999 901 2066 εἴ
923 2024 978 2079 τερ
1003 2000 1080 2090 (leg.
1104 2002 1129 2065 εἰ
1150 1998 1237 2087 ὅπερ)
1259 2003 1303 2070 iet
1324 2002 1376 2067 καὶ
1401 2003 1479 2082 δόξει

289 2110 442 2175 caercio
480 2111 585 2180 αἰτίαν
621 2108 673 2171 καῖ
716 2114 922 2189 συκοφαντεῖν
957 2105 1099 2185 ὑπέμεινε
1138 2106 1304 2187 πριάμενος
1337 2108 1390 2174 τθν
1424 2111 1478 2175 ἔτί

288 2218 449 2296 δραχμαῖς
474 2213 581 2278 τοέντα
602 2210 640 2277 θον
663 2213 844 2287 ποιήσοντα
868 2213 1026 2287 ΜέλΙτον,
1050 2212 1154 2279 viden’
1175 2234 1289 2280 verum
1312 2233 1396 2282 esse:
1427 2216 1478 2281 ἐπὶ

288 2331 301 2387 1
325 2320 426 2408 (δέκα)
451 2320 611 2402 δραχμαῖς
634 2317 742 2383 πάντα
765 2318 804 2383 θον
831 2319 1010 2393 τοιθσλντα
1035 2316 1206 2384 ΜέλΗτονῖ

334 2426 502 2493 Praeterea
535 2446 592 2511 pro
615 2425 768 2490 λούεσθαι
796 2424 930 2491 amende
960 2425 1105 2500 λοῦσθαι,
1118 2478 1124 2487 .
1139 2430 1178 2490 ut
1206 2445 1302 2512 supra
1335 2427 1479 2506 λοθμενον

287 2553 345 2619 pro
368 2530 538 2611 λουόμενον.

333 2637 485 2725 Sequitur
507 2638 559 2703 καὶ
591 2637 823 2717 συνκαθήμενος
857 2635 949 2709 δεινὸς
973 2635 1040 2717 τερ)
1072 2640 1125 2702 τοῦ
1153 2635 1326 2713 decederes
1355 2641 1479 2728 εἰπεῖν]

288 2745 418 2812 Editor:
444 2747 510 2822 „de
528 2767 559 2810 eo
582 2745 635 2830 quc'
655 2744 787 2809 ναννοαθθ
809 2720 975 2828 οοοθιινιιοιῖο
992 2741 1142 2828 reapuit’.
1174 2740 1250 2811 sine
1269 2747 1482 2814 controversia

288 2853 366 2918 haec
400 2856 449 2917 est
482 2851 545 2917 loci
573 2852 746 2927 sententia,
782 2870 879 2936 quam
906 2842 1006 2916 ritae
1022 2868 1100 2913 usus
1129 2846 1311 2928 coufirmat,
1343 2852 1398 2918 sed
1428 2854 1482 2939 qui

289 2958 421 3022 ονιντναῖθ
441 2960 476 3021 in
499 2954 629 3023 Graecis
651 2962 717 3034 est,
742 2963 909 3042 coetumque
930 2955 1054 3040 reliquit
1075 2974 1138 3019 non
1160 2959 1217 3020 est.
1258 2940 1481 3024 Necesi'arium

291 3067 470 3128 esttamen
500 3062 753 3128 adsentantium
784 3069 816 3128 et
842 3061 931 3127 nullo
961 3060 1056 3126 modo
1087 3060 1193 3126 abesse
1219 3066 1333 3146 potest.
1374 3063 1482 3130 Facile

289 3167 452 3234 revocabis
475 3166 639 3232 scribendo
659 3169 725 3248 περὶ
749 3174 805 3234 τοῦ
825 3167 1071 3238 Ἐ’Ξαναςοὶντος.
1108 3165 1205 3232 Estne
1225 3168 1303 3245 tibi,
1328 3172 1384 3254 qui
1402 3169 1481 3237 haec

289 3272 388 3360 legis,
413 3271 567 3357 exemplis
589 3293 668 3358 opus
691 3278 728 3338 ut
749 3275 935 3340 memineris
954 3271 1139 3349 θξαναςνῖναι
1163 3292 1200 3338 co
1219 3293 1312 3339 seusu
1334 3281 1483 3362 usurpari

289 3374 410 3443 solere?
443 3377 515 3443 Non
546 3380 673 3464 opinor,
697 3399 773 3445 nam
794 3379 949 3467 leguntur
974 3379 1092 3464 ubique
1120 3377 1273 3445 locorum.
1316 3378 1482 3449 Contrario

289 3504 393 3550 errore
425 3486 582 3569 scriptum
615 3488 663 3549 est
696 3487 730 3549 iu
760 3481 858 3551 Oodd.
892 3484 1085 3570 quibusdam
1117 3484 1283 3551 Aeschinis
1316 3489 1354 3552 dc
1382 3488 1419 3553 F.
1441 3489 1481 3552 c.

290 3611 363 3678 pag.
389 3586 449 3668 45,
482 3589 512 3653 3.
543 3593 586 3667 μὴ
615 3588 763 3672 φείσησθέ
794 3612 872 3668 μου,
907 3587 928 3655 ὦ
960 3593 1131 3664 Ἀθηναῖοι,
1167 3590 1242 3654 αλλ’
1271 3589 1481 3668 ἒξνιναςοέντες

290 3695 506 3762 ἀποκτείνατε.
543 3695 625 3776 Quia
647 3696 821 3762 absurdum
843 3700 892 3762 eat
913 3695 1034 3763 iudices
1056 3696 1140 3760 obire
1158 3696 1284 3776 iubere,
1309 3718 1348 3763 ex
1370 3700 1484 3768 melio·

289 3804 378 3869 ribus
407 3806 572 3888 receptum
606 3806 654 3867 est
684 3803 759 3867 ἀλλ’
789 3800 963 3874 οῖναςοὶντες
994 3802 1278 3877 accusaverant
1307 3804 1392 3891 apud
1420 3807 1484 3874 De-

289 3908 489 3973 mosthenem
513 3912 561 3973 cst
582 3907 683 3974 nobili
705 3908 791 3975 loco:
815 3908 892 3984 μηδὲ
917 3909 1017 3991 φωνὴν
1040 3905 1220 3987 evagata
1244 3907 1322 3973 ἀλλ’
1347 3912 1481 3982 dresde-

290 4037 340 4086 τες
365 4014 632 4094 καταψηφίσασθε
656 4014 723 4090 ἤδη.

334 4119 428 4204 Apud
459 4117 714 4205 Theophrastum
746 4120 882 4205 denique
914 4140 977 4187 non
1011 4125 1060 4187 est
1092 4127 1170 4190 satis
1204 4124 1295 4198 δεινὸς
1326 4126 1393 4205 mol
1428 4133 1485 4193 τοῦ

288 4224 496 4300 ἐξαναςθντος
522 4226 633 4301 εῖτεῑν,
656 4246 794 4311 namque
815 4225 875 4291 hoc
898 4247 1008 4293 omnes
1030 4248 1123 4315 saepe
1141 4233 1209 4297 sine
1231 4230 1299 4298 ulle
1317 4232 1486 4319 reprehen-

288 4332 374 4395 sione
396 4329 550 4407 fecimus,
575 4330 629 4395 aed
653 4332 719 4410 περὶ
745 4335 797 4395 τοῦ
823 4330 1030 4406 ἐξαναςοθντος
1057 4344 1204 4402 ΚΑΚΩΟ
1229 4339 1332 4404 εἰπεῖν.
