3244 5012
322 351 386 417 348
824 374 996 423 sensuros.

316 541 414 603 etiam
443 541 471 603 si
502 540 631 626 abipso
654 543 836 609 Aristarcho
857 544 1016 629 profectus
1040 563 1124 609 error
1147 549 1210 620 est,
1246 547 1374 607 strenue
1399 542 1510 606 coufu-

315 643 456 709 tabimus
478 649 527 722 et,
551 646 579 710 si
602 650 650 709 est
672 647 812 713 sanabile
833 648 1004 725 mendum,
1033 650 1216 713 etiamnunc
1239 644 1509 711 emendabimus?

315 746 442 835 Duplex
472 756 520 815 est
548 751 582 814 in
608 748 750 817 Homero
773 757 879 817 nostro
901 753 1091 819 mendorum
1114 773 1223 840 genua.
1248 741 1361 815 Insunt
1386 770 1509 815 errores

316 852 447 937 quidam
470 856 685 940 antiquissimi
708 862 780 921 aute
803 854 952 922 Solonem
974 860 1061 933 nati,
1085 859 1194 921 insunt
1212 862 1244 920 et
1263 855 1327 919 alia
1347 855 1507 940 quaedam

314 959 397 1025 vitiu
417 958 552 1038 moisio,
576 964 614 1025 ut
636 961 683 1025 ita
705 961 810 1026 dicam
816 1007 826 1040 ,
858 969 915 1027 aut
936 967 1008 1046 post
1029 961 1252 1027 Aristarchum
1275 960 1407 1024 demum
1431 972 1507 1026 nata

315 1067 372 1128 aut
395 1066 521 1130 amissis
544 1064 816 1131 observationibus
838 1066 1049 1131 Aristarcheis
1071 1069 1106 1131 in
1128 1062 1317 1142 (lodicibus,
1341 1068 1398 1149 qui
1419 1087 1506 1131 nune

314 1174 500 1253 supersunt,
524 1172 641 1234 renata.
672 1169 788 1236 Multis
806 1172 894 1236 enim
912 1171 1039 1236 indiciis
1059 1173 1136 1236 satis
1148 1174 1272 1236 constat
1283 1171 1506 1236 Aristarchum

315 1270 475 1339 doctrinas
504 1278 536 1339 et
565 1272 686 1355 κρίσεως
714 1273 865 1359 reliquias
895 1280 1021 1341 tantum
1052 1295 1213 1360 superesse
1243 1275 1338 1341 modo
1361 1279 1505 1360 copiosas

315 1382 348 1442 et
365 1375 561 1455 luculentas,
584 1379 679 1445 modo
697 1379 795 1445 exiles
816 1385 849 1447 et
866 1382 991 1466 inopes,
1014 1385 1052 1444 ut
1071 1383 1105 1444 in
1125 1379 1207 1445 bona
1226 1384 1315 1463 parte
1331 1377 1503 1466 Odysseae.

315 1480 496 1547 Multarum
525 1483 695 1559 disscissus
725 1486 758 1549 in
788 1483 925 1550 Scholiis
954 1486 1109 1550 memoria
1139 1483 1318 1560 intercidit,
1343 1504 1422 1569 quas
1448 1484 1505 1549 aii·

315 1585 399 1651 unde
428 1588 571 1673 cognitas
593 1588 761 1667 habemus,
792 1588 976 1674 multaeque
997 1609 1081 1665 nunc
1103 1586 1371 1652 circumferuntur
1391 1587 1504 1654 lectio·

314 1709 370 1757 nas
392 1689 575 1770 deteriores,
599 1713 677 1777 quas
700 1700 756 1758 aut
777 1694 1025 1759 semidoctomm
1046 1677 1189 1759 socordia-
1206 1699 1263 1757 aut
1284 1694 1406 1758 incuria
1425 1696 1503 1758 seri·

314 1793 429 1859 barum
457 1798 541 1861 veris
570 1800 603 1860 et
626 1800 765 1881 antiquis
786 1801 961 1884 supposuit.
996 1797 1113 1884 ingens
1135 1803 1183 1862 est
1205 1817 1357 1862 versuum
1379 1796 1501 1863 Home

314 1899 454 1964 riccrum
475 1920 644 1978 numerus,
668 1903 725 1967 ubi
744 1923 824 1988 quas
842 1907 885 1968 sit
904 1902 1118 1968 Alexandrina
1136 1900 1231 1966 lectio
1250 1907 1302 1981 (ut
1319 1904 1366 1966 ita
1378 1902 1499 1987 dicam)

298 1994 410 2069 ‘camis
431 2006 623 2070 testimoniis
645 2012 733 2072 extra
755 2028 884 2072 omnem
906 2007 1073 2073 dubitandi
1092 2009 1339 2073 controversiam
1356 2010 1501 2091 positum

316 2112 374 2173 est.
407 2105 471 2173 Sed
492 2113 567 2173 sunt
589 2109 646 2175 alii
667 2130 730 2176 non
749 2115 872 2177 minore
890 2132 1040 2190 numero,
1064 2113 1098 2174 in
1119 2111 1234 2196 quibus
1251 2110 1386 2198 vulgata
1403 2110 1500 2177 lectio

315 2231 379 2277 nou
406 2211 486 2277 aiios
511 2217 607 2280 testes
630 2221 662 2280 st
684 2221 826 2282 auctores
845 2216 942 2282 hahet
960 2237 1057 2301 quam
1068 2213 1241 2292 Codicum,
1266 2219 1322 2300 qui
1344 2236 1427 2280 nunc
1450 2236 1501 2280 su·
1597 2264 1598 2301 ,

315 2322 463 2402 pereunt,
492 2321 646 2403 optimos,
674 2319 709 2383 id
732 2326 779 2385 est
801 2324 937 2386 minime
958 2308 1077 2398 malos,
1103 2340 1204 2405 quum
1225 2339 1336 2386 omnes
1357 2319 1502 2385 mendosi

316 2422 380 2487 sint
402 2428 434 2487 et
457 2425 547 2489 vitiis
567 2444 660 2489 omne
682 2445 783 2512 genus
806 2428 953 2511 cooperti.
990 2424 1094 2505 Quam
1114 2422 1236 2489 multae
1256 2430 1332 2488 sunt
1350 2424 1501 2490 lectiones

315 2528 484 2595 manifesto
514 2530 646 2594 vitiatas
675 2531 709 2593 in
739 2530 901 2597 Marciano
930 2550 973 2609 1.,
1002 2532 1056 2615 qui
1078 2528 1273 2614 reliquorum
1298 2531 1444 2593 omnium
1468 2536 1501 2594 et

315 2634 555 2718 antiquissimus
578 2639 625 2699 est
648 2639 680 2699 et
703 2633 907 2700 fidelissimus
930 2633 1037 2700 testisl
1073 2634 1119 2699 Ut
1140 2653 1204 2700 uno
1226 2633 1371 2719 exemplo
1391 2633 1500 2699 defun-

315 2757 391 2825 gar,
414 2737 514 2815 liber,
539 2758 601 2823 quo
622 2759 685 2803 non
704 2745 752 2804 est
770 2739 852 2805 alius
872 2740 1067 2806 emendatior
1085 2737 1188 2815 ullus,
1213 2738 1343 2804 exhibet
1361 2749 1400 2804 Θ.
1422 2737 1499 2805 505.

629 2842 663 2906 ἐκ
687 2841 791 2913 πόλιος
815 2843 840 2908 δ’
868 2841 991 2920 &Ertaia
1018 2843 1109 2921 βόας.

313 2952 346 3014 et
369 2957 406 3011 Θ.
432 2946 508 3013 545.

628 3054 661 3119 ἐκ
685 3053 789 3128 πόλιος
815 3055 841 3120 δ’
863 3054 988 3131 ἄξΑντο
1011 3053 1102 3133 βόας.

311 3158 444 3223 barbara
474 3163 582 3222 tamen
611 3159 688 3224 haec
718 3181 785 3227 esse
816 3166 938 3226 constat
959 3181 1017 3245 pro
1040 3157 1161 3236 ἄξεσθε
1185 3163 1217 3223 et
1240 3155 1382 3238 ἄξοντο,
1406 3164 1500 3223 utet

312 3261 459 3349 analogia
479 3261 674 3329 demonstrat
693 3271 725 3329 et
742 3266 919 3330 Aristarchi
939 3266 1160 3330 testimonium
1178 3261 1302 3347 liquido
1321 3261 1496 3328 coufirmat.

312 3364 397 3446 Quid
426 3363 566 3431 scribas?
607 3366 644 3431 In
669 3366 801 3451 §oholio
832 3370 872 3435 ad
902 3391 949 3435 vs.
982 3368 1058 3434 505.
1089 3380 1173 3433 recte
1202 3367 1363 3432 scribunt:
1394 3364 1440 3432 ὅτι
1463 3367 1499 3432 οὖ

310 3470 470 3548 μέλλοντα
499 3470 642 3548 σημαίνει
673 3473 708 3537 τὸ
731 3471 871 3552 ἄξεσθε,
902 3476 958 3539 sed
980 3475 1020 3540 ad
1043 3472 1119 3539 545.
1144 3475 1321 3537 immanem
1344 3472 1499 3537 barbaris·
1598 3558 1599 3567 ἵ

310 3596 404 3641 mum
425 3596 500 3641 cum
523 3576 654 3660 reliquis
676 3579 780 3643 verbis
801 3586 999 3666 pugnantem
1022 3581 1227 3645 invexerunt:
1258 3577 1294 3642 τὸ
1316 3575 1439 3652 dicturo
1462 3576 1498 3641 oi

309 3680 470 3760 μέλλοντα
504 3681 656 3760 σημαίνει.
699 3680 911 3750 Oredemusue
939 3685 1043 3771 igitur
1072 3684 1144 3747 istis
1174 3691 1214 3746 Ψ.
1248 3677 1326 3747 739.
1359 3680 1498 3746 δύσΛντο

309 3792 445 3867 χιτῶνας
469 3806 583 3852 sanum
607 3785 690 3852 esse?
723 3785 1273 3863 Ρο1111110110111011011111Ἂξ11ντο
1297 3790 1330 3850 st
1349 3785 1497 3851 δύσΑντν.

311 3889 431 3957 Adsero
455 3893 573 3976 passim
596 3890 717 3978 legitur
739 3901 772 3959 et
794 3894 1013 3959 dubitabimus
1035 3892 1175 3958 δύσοντο
1197 3891 1385 3969 rescribere,
1407 3911 1498 3976 prae·

310 3997 422 4062 sertim
452 4015 553 4080 quum
585 3993 720 4062 δύσΛντν
751 4003 867 4064 testem
897 3997 1026 4063 nullum
1055 3997 1170 4063 habeat
1193 3998 1379 4080 antiquum,
1410 3993 1498 4082 lega-
1598 3980 1599 4025 1

310 4106 425 4186 turque
455 4101 539 4185 apud
569 4099 643 4167 illos
671 4101 770 4181 solos,
802 4106 859 4187 qui
881 4107 913 4168 et
935 4101 1052 4179 ἄξνισθν
1076 4107 1108 4167 et
1130 4099 1246 4178 ἄξαντο
1270 4100 1425 4165 dederunt
1448 4099 1499 4164 nil

309 4204 390 4271 mali
412 4207 617 4290 suspicantes.

355 4308 504 4376 Indicabo
533 4332 616 4376 nune
645 4333 774 4377 versum
804 4315 999 4392 insiticium,
1035 4335 1131 4401 quem
1161 4312 1239 4379 olim
1273 4310 1497 4376 Aristarchum

310 4404 497 4499 expunxisse
520 4419 660 4500 suspicor
683 4418 737 4482 sed
759 4440 842 4484 nunc
866 4422 981 4485 amissa
1005 4420 1180 4486 Aristarchi
1199 4419 1356 4482 sententia
1374 4422 1494 4481 temere
