3242 5014
324 301 407 374 172.
823 312 995 371 nonenim.

322 487 516 567 μεμνῆσθαι,
552 494 583 554 et
613 489 752 572 ineptius
780 490 878 553 etiam
908 489 1004 554 alter:
1040 489 1137 569 ἔρινπα
1166 489 1199 555 δὲ
1228 486 1427 558 παλλακίδος
1458 486 1506 552 xa}

322 593 611 673 Φιλαρρορθαν
638 591 857 658 ἐπιδείκνυνται
881 595 907 658 ol
930 594 1025 673 ςθχοι.
1062 595 1133 661 Ain'
1155 591 1251 661 vero?
1274 589 1508 674 φιλαργυρίανῖ

323 695 350 762 0
373 697 509 782 simplex
532 704 564 763 et
585 698 719 763 candida
740 700 931 781 antiquitas,
956 719 1053 783 quam
1074 699 1157 763 nihil
1179 700 1215 763 hi
1237 699 1383 763 homines
1403 703 1438 761 te
1457 716 1508 760 no

322 807 434 869 verant
456 808 513 867 eut
531 799 771 889 intelligebant!
796 805 913 887 Aperte
932 802 1011 867 olim
1029 808 1104 869 voto
1119 803 1271 868 vivebant
1288 821 1389 886 neque
1410 803 1509 864 simu·

321 906 389 973 lete
421 902 621 972 humanitate
652 912 685 971 et
713 906 872 993 elegantia
903 928 941 972 ee
970 928 1049 992 quae
1080 907 1173 973 valde
1203 907 1373 992 cupiebant
1405 906 1508 989 specie

321 1013 537 1076 recusantium
559 1011 709 1077 volebant
731 1014 889 1096 aspernmi
911 1012 1023 1077 videri.

366 1114 459 1181 Iliad.
483 1127 522 1181 Π.
547 1114 623 1181 667.
655 1115 797 1200 Apollini
826 1120 963 1202 imperat
985 1115 1107 1201 Iupiter
1129 1119 1230 1181 accim
1254 1113 1436 1199 Sarpedone
1460 1135 1507 1175 κε·

322 1219 468 1302 λαινεφὲς
501 1215 585 1296 αἷμα
615 1221 741 1298 κάθηρον
765 1258 807 1270 -
832 1221 887 1286 καί
913 1245 966 1299 μιν
989 1219 1099 1287 ἔπειτα
1122 1225 1229 1285 λοῦσον
1252 1227 1406 1297 ποταμοῖο
1429 1220 1507 1297 ῥοῇσι

322 1326 387 1413 pri.
434 1323 591 1390 Zenodoto
625 1327 732 1390 visum
766 1333 814 1390 est
850 1328 1028 1406 caeciderat
1063 1327 1115 1390 σθν
1151 1324 1340 1390 ’ΛΠΕΝΘΗ
1375 1326 1506 1387 τοιαῦτα

323 1430 544 1506 διακονεῖσθαι,
579 1449 678 1515 eoque
708 1429 870 1496 levissimo
901 1436 1090 1517 argumento
1120 1431 1245 1507 ἠθέσηκε
1276 1430 1347 1502 τοὺς
1379 1428 1505 1507 rixae,

323 1554 400 1621 quos
421 1535 623 1600 Aristarchus
644 1537 819 1599 rectissime
840 1537 983 1599 retinuit.
1020 1533 1085 1601 Gur
1106 1542 1154 1601 est
1172 1535 1304 1627 tandem
1327 1533 1506 1612 παράλογον

322 1639 505 1726 Apollinem
535 1637 605 1703 Iovi
635 1641 790 1704 carissimi
819 1637 878 1703 filii
907 1641 1003 1704 funus
1033 1642 1157 1705 curanti
1183 1641 1269 1705 dioto
1291 1660 1358 1704 esse
1381 1636 1507 1704 audien·

322 1742 418 1811 tomi

369 1847 573 1914 subridicule
599 1851 761 1914 annotatio
783 1849 904 1936 legitur
925 1850 965 1914 ed
987 1848 1078 1914 Iliad.
1102 1859 1142 1914 Π.
1168 1846 1243 1913 747.
1270 1849 1397 1925 „heroes
1418 1865 1506 1930 κοριιο

318 1954 451 2038 pacibus
483 1960 640 2018 οοισιινοθιιν
673 1976 766 2038 aeque
797 1954 981 2017 volueritn?
1014 1954 1144 2019 καθθλου
1177 1954 1240 2033 aaa
1274 1953 1330 2027 την
1363 1951 1504 2023 τοιαύτην

323 2067 432 2138 χρῆσιν
461 2058 510 2122 διαὶ
541 2059 576 2123 σθ
606 2058 808 2138 μικροπρεπὲς
842 2060 1059 2140 παρηιησασο,
1095 2064 1127 2123 et
1156 2065 1366 2143 postpauca:
1400 2053 1453 2136 ipa
1475 2052 1504 2118 di

323 2161 382 2230 aloa
405 2158 439 2237 ἦν
462 2165 550 2243 ἰχθὺν
573 2166 723 2243 καθαίρειν
747 2163 798 2227 σὸν
819 2172 875 2238 σῆς
900 2164 1024 2234 Θέτιδος
1048 2165 1065 2239 η
1088 2165 1140 2229 σδν
1163 2163 1263 2245 ζωμὸν
1285 2159 1386 2243 ἕψειν.
1428 2160 1504 2225 Sunt

324 2269 402 2335 haec
432 2269 583 2350 sareptani
614 2269 667 2333 atel
696 2267 820 2346 κοιμικιθ
851 2276 883 2333 et
913 2269 953 2334 ab
983 2268 1148 2334 Homerici
1171 2270 1321 2333 carminis
1341 2269 1504 2333 maiestate

324 2373 436 2439 aliena.

369 2477 459 2544 lliad.
483 2489 520 2544 Σ.
546 2476 621 2542 591.
645 2476 806 2543 Vulcanus
827 2478 861 2542 in
884 2477 1019 2543 Achillis
1042 2477 1153 2564 clypeo
1176 2477 1308 2543 chorum
1330 2475 1482 2541 caelavit:

548 2583 591 2663 τῷ
612 2583 712 2647 θκελον
734 2577 798 2653 οἶόν
816 2583 886 2647 ποτ’
910 2582 951 2647 ἐνὶ
976 2585 1085 2664 Κνωσῷ
1111 2584 1207 2665 εθρεθη

550 2687 707 2758 Δαίδαλος
730 2688 873 2763 ἤσκησεν.

320 2792 448 2858 ftrenmt
477 2792 622 2858 nonnulli
652 2795 708 2877 qui
737 2795 941 2877 opinarentur
970 2791 1129 2872 δύσφημον
1154 2788 1229 2857 εἶναι
1252 2795 1376 2870 μᾶλλον
1401 2790 1432 2855 δὲ
1452 2792 1501 2853 'A-

319 2906 484 2963 ΠΡΕΠΕΟ
500 2894 656 2979 ἭΦοιισον
674 2899 812 2974 μιμηπην
832 2896 968 2974 γίνεσθαι
989 2902 1047 2961 τῶν
1071 2896 1232 2963 Δαιδοθλον
1252 2895 1358 2976 ἔρρειν.
1395 2895 1501 2979 Itaque

319 3021 413 3087 opem
433 3001 501 3067 Deo
523 3002 658 3067 ferentes
683 3005 820 3067 minime
841 3003 1050 3066 necessariam
1072 3021 1128 3085 pro
1151 2996 1209 3066 olon
1231 3003 1270 3067 de
1293 3022 1350 3066 suo
1373 2997 1432 3066 οἷον
1454 2999 1502 3063 de·

319 3106 434 3172 derunt
455 3111 488 3170 et
510 3126 638 3170 omnem
661 3107 723 3172 loci
746 3108 1007 3192 compositionem
1029 3105 1122 3191 plane
1145 3111 1373 3192 perverterunt.

364 3209 414 3274 ux
435 3210 536 3274 simili
565 3213 721 3296 opinionis
751 3232 854 3276 errore
884 3211 1060 3277 Zenodotue
1097 3215 1238 3297 corrupit
1270 3211 1377 3277 locum
1412 3205 1499 3274 Iliad·

320 3324 360 3379 Δ.
385 3312 447 3392 88,
472 3316 529 3379 nbi
552 3315 700 3382 Minerva

817 3421 926 3502 Τρώων
949 3421 1126 3487 κατεδύσεθ’
1151 3417 1258 3499 ὅμιλον

500 3523 656 3605 Πθνδαρον
677 3525 813 3591 θνσθθεον
835 3524 977 3605 διζημένη
1002 3526 1030 3590 ei
1052 3549 1109 3591 που
1132 3524 1263 3607 ἐφεύροι.

501 3626 567 3710 εὗρε
591 3632 747 3704 Λυκάονος
770 3629 832 3694 υἱὸν
852 3628 1002 3709 θιμθριονοὲ
1024 3655 1060 3695 σε
1082 3629 1224 3711 κρατερόν
1246 3653 1282 3695 σε

499 3736 630 3805 issara·

363 3840 537 3928 Indignum
560 3839 719 3905 Zenodoto
741 3840 849 3906 visum
868 3839 961 3905 deam
979 3838 1196 3907 immortalem
1215 3839 1330 3905 ιιιιοίνι
1347 3838 1406 3905 ubi
1424 3836 1500 3903 esset

317 3947 491 4013 Pandarus.
537 3945 649 4029 Itaque
684 3947 720 4009 dc
753 3966 807 4009 εαο
841 3943 945 4009 dedit:
981 3944 1139 4025 Πάνδαρον
1173 3945 1308 4011 θνπθθεον
1341 3939 1498 4022 deleatur

318 4048 407 4133 εὗρε
439 4050 478 4115 δὲ
508 4049 623 4115 σθνδε
655 4052 793 4118 'Ecetra
807 4056 857 4149 ,et
887 4070 934 4117 vs.
960 4049 1014 4115 89.
1039 4053 1193 4136 expunxit
1216 4050 1306 4115 δοκῶν
1328 4049 1499 4127 ἀνθρώπινον

317 4158 353 4220 πδ
385 4154 484 4236 ζητεῖν
514 4150 600 4220 εἶναι.
648 4153 821 4220 subridens
852 4157 1017 4221 annotavit
1045 4154 1264 4221 Aristarchus:
1294 4153 1497 4220 καταλέλοιπε

319 4258 351 4323 a
373 4259 408 4324 ιδ
428 4259 640 4339 διζημένη,
664 4279 778 4343 nempe
796 4259 856 4325 hoo
875 4279 998 4343 quoque
1017 4258 1195 4353 ἀνθρώπινον
1215 4264 1283 4323 erat
1302 4264 1333 4324 et
1352 4261 1385 4323 in
1404 4256 1497 4321 Deam
