3276 5006
592 352 635 397 sn
660 351 925 401 rurornmsrurs.
1313 332 1353 395 61
1382 324 1385 329 ’

163 540 224 584 non
248 515 283 583 οἵ.
330 517 379 583 Ex
410 522 480 603 ipso
506 523 553 585 rei
575 526 690 586 nature
711 521 830 587 dicitur
851 522 986 601 πέμπειν
1008 523 1093 595 τινάς
1118 523 1279 602 ἐροῦντας,
1308 523 1355 585 αἱ·

163 624 279 702 ρεῖσθαί
300 646 386 697 τινας
411 624 709 704 ἐπιμελησομένους,
732 647 794 692 non
813 628 883 699 τοὺς
900 629 1059 707 έροῦντας,
1082 626 1151 699 τοὺς
1168 627 1355 704 ε’πιμελησο·

162 730 281 805 μένους.
316 728 367 793 Ad
390 729 471 795 hanc
496 731 599 817 igitur
616 750 762 796 normam
785 730 994 819 Theophrasti
1012 732 1100 799 loeus
1119 730 1356 797 constituendus

154 838 220 897 eet.

206 1040 286 1106 Ibid.
311 1040 403 1114 δεινάς
428 1049 491 1115 τοῖς
514 1042 658 1116 τοιούτοις
678 1050 737 1108 τῶν
758 1044 860 1123 λέγων
878 1044 1055 1126 χρήσασθαι
1071 1041 1117 1110 άτι
1139 1052 1227 1122 „Asi
1241 1044 1355 1117 αὐτοὺς

162 1148 245 1225 ημάς
270 1146 468 1221 συνελθόντας
492 1148 558 1231 περὶ
582 1148 696 1214 τούτων
719 1148 953 1227 βουλεύσασθαι
969 1151 1022 1214 καὶ
1047 1151 1081 1214 έκ
1104 1153 1157 1214 τοῦ
1181 1149 1278 1232 άχλου
1301 1150 1354 1216 καὶ

160 1259 217 1326 τῆς
239 1251 357 1331 άγοράς
380 1254 613 1332 άπαλλαμῆναι
637 1254 690 1319 καὶ
711 1255 893 1320 παύσασθαι
912 1256 1029 1337 άρχαῑς
1048 1253 1281 1336 πλησιάζοντος
1298 1255 1354 1348 καὶ

163 1355 221 1421 ὑπὸ
253 1356 368 1424 τούτων
399 1358 513 1433 αὐτοὺς
547 1358 758 1440 ὑβριζομένους
781 1361 798 1437 ἢ
823 1358 1035 1448 τιμωμένους]
1079 1360 1267 1425 Extremam
1293 1358 1356 1425 loci

160 1466 284 1547 partem
307 1468 376 1529 etro
399 1484 462 1530 nox
483 1467 611 1550 premit.
658 1463 836 1551 Affulgebit
856 1464 914 1530 lux
937 1468 964 1530 si
987 1465 1084 1530 verba
1106 1467 1153 1530 ite
1174 1462 1354 1530 refinxeris:

162 1565 214 1631 καὶ
256 1566 438 1634 παύσασθαι
483 1567 804 1651 άρχαιΡΕΕιάζοντας
847 1570 885 1641 ὥς
921 1569 979 1635 ὑπὸ
1014 1569 1128 1635 τούτων
1161 1576 1355 1634 ΜΑΛΛΟΝ

163 1670 374 1754 ὑβριζομένους
398 1675 416 1750 ἢ
440 1672 639 1752 τιμωμένους.
694 1675 895 1752 ςΑμάὶεαάί,
930 1678 1052 1761 inquit,
1081 1679 1177 1760 finem
1197 1676 1356 1762 sociarum

161 1799 277 1855 σοιωοο,
300 1799 425 1864 namque
447 1800 482 1841 ea
503 1800 550 1843 ree
572 1780 656 1843 nobie
671 1780 744 1863 plue
766 1781 960 1846 οοκουοιοὶἰοο
986 1783 1075 1868 affert
1097 1803 1183 1866 ραοικ
1205 1781 1353 1847 άυοιιοίο”.

160 1881 311 1947 videlicet
333 1885 361 1948 si
384 1883 517 1949 honores
540 1882 580 1948 cb
603 1885 644 1949 iis
666 1886 825 1968 petimus,
850 1905 928 1970 quos
951 1885 1025 1951 dere
1047 1886 1195 1973 indignos
1218 1906 1285 1951 esse
1307 1906 1354 1953 or·

161 1987 330 2053 bitremur.
449 2002 464 2018 ²

205 2195 286 2261 Ibid.
318 2196 369 2262 διά
400 2196 470 2269 τοὺς
501 2196 702 2279 συκοφάντας
725 2201 778 2265 οὐκ
803 2199 934 2273 οἷκητὲον
957 2200 1020 2268 έςὶν
1043 2201 1074 2264 ἐν
1096 2211 1135 2284 τῇ
1159 2199 1272 2291 τέλεα]
1317 2200 1355 2266 In

160 2300 307 2368 Palatino
329 2301 411 2368 libro
433 2307 482 2367 est
500 2304 554 2368 οὐκ
574 2290 639 2377 άκῖι
663 2311 755 2370 acuto
784 2308 876 2371 iuxta
905 2307 1039 2391 scripto:
1075 2306 1212 2373 secundo
1239 2327 1354 2372 monus

161 2431 198 2487 ωρ
223 2406 391 2492 adscripsit
412 2408 557 2488 οἰκήτωρ,
582 2410 665 2493 quod
688 2430 815 2494 prorsus
838 2410 1011 2475 absurdum
1034 2418 1090 2475 est.
1126 2411 1164 2477 ln
1185 2402 1251 2485 οἱκῖι
1272 2414 1355 2477 inest

161 2511 278 2586 οἷκητάν
310 2515 374 2576 sic:
408 2511 458 2577 διά
489 2513 559 2585 τοὺς
581 2515 792 2601 ’συκοφάντας
824 2516 876 2579 οὐκ
901 2515 1019 2589 οἰκητάν
1042 2516 1105 2584 ε’ςιν
1127 2517 1157 2579 ἐν
1180 2525 1218 2596 τῇ
1243 2514 1351 2591 πόλει,

160 2617 194 2679 οἰκ
215 2618 287 2680 orbe
309 2617 442 2681 άοάάοοὶ
472 2640 530 2681 μου
554 2626 668 2704 potest,
701 2619 734 2684 id
759 2624 823 2684 est:
857 2641 915 2683 ωυο
939 2627 982 2683 eet
1004 2620 1109 2684 viole
1129 2621 1193 2684 vito
1215 2620 1250 2682 ιἰι
1271 2620 1352 2683 erbe.

163 2720 295 2796 Οδκητάν
319 2722 438 2788 dicitur
460 2728 498 2788 ut
520 2723 651 2802 βιωτέν,
674 2722 802 2788 άνεκτάν
825 2730 858 2789 et
880 2723 1010 2788 cimilia.

207 2824 366 2893 Continuo
388 2830 532 2912 sequitur
555 2829 607 2893 καὶ
630 2831 669 2901 ως
693 2834 768 2906 ,,Ἐν
790 2837 854 2900 τοῖς
877 2828 1056 2908 δικαςηρέοις
1080 2828 1164 2893 δεινά
1185 2828 1354 2911 πάσχομεν

163 2930 221 2996 ὑπὸ
244 2939 302 2997 τῶν
328 2929 574 3018 δικαζομένυν”.]
622 2933 776 2999 Omnium
799 2954 950 3017 consensu
970 2933 1124 2999 mendum
1147 2939 1195 3000 est
1217 2937 1251 2999 in
1270 2933 1354 3000 δικα·

162 3034 303 3118 ζυμένων.
362 3036 472 3122 Iteque
507 3036 687 3120 δικαζόντων
722 3041 938 3116 coniecerunt,
972 3038 1141 3105 infeliciter
1170 3039 1352 3106 edmodum.

158 3140 284 3207 Minore
308 3140 474 3207 molimine
498 3146 626 3209 restitui
646 3149 751 3229 potest
771 3165 847 3211 vers
868 3144 980 3223 lectio,
1005 3166 1084 3230 quae
1107 3150 1155 3211 est
1177 3144 1354 3229 δεκαζομέ·

159 3270 223 3312 νων.
273 3246 479 3323 „Delatorem
493 3251 590 3333 pleno
610 3257 681 3314 ειιιά
703 3250 803 3314 omnio
825 3256 854 3314 el
875 3251 989 3315 ν’ωάωοο
1010 3251 1129 3314 semler
1149 3250 1247 3316 senff.
1279 3250 1354 3317 Ver·

159 3351 237 3415 bum
270 3352 417 3417 Atticum
449 3356 482 3418 et
513 3351 680 3420 Graeculis
709 3357 909 3443 incognitum
941 3354 1077 3437 δεκάζειν
1108 3361 1141 3420 et
1173 3354 1354 3436 δεκάζεσθαι

161 3461 357 3539 (concepere
387 3461 420 3521 et
449 3460 609 3544 eorrumpi)
637 3463 757 3545 passim
780 3460 933 3526 ascribis
956 3462 989 3523 in
1013 3459 1144 3540 δικάζειν
1174 3464 1207 3525 et
1231 3459 1323 3541 δικάζ
1340 3495 1354 3511 -

160 3561 229 3624 σθαι
262 3560 470 3645 deprevatum
494 3546 629 3631 videbis.
676 3565 864 3650 Numquam
886 3564 951 3629 fere
981 3561 1130 3643 δεκάζειν
1154 3585 1192 3629 ex
1223 3563 1355 3628 illorum

159 3666 309 3731 menibus
333 3669 492 3733 intectum
515 3666 662 3733 elabitur.
697 3668 846 3735 Indicabo
868 3686 985 3754 pauca:
1010 3668 1173 3733 Demosth.
1197 3690 1229 3754 p.
1256 3664 1353 3744 1137,

161 3770 191 3834 1.
238 3771 386 3837 Aeschin.
417 3774 452 3836 in
484 3771 569 3837 'l'im
603 3770 657 3838 87.
705 3771 849 3857 Xenoph.
883 3773 922 3838 R.
953 3774 991 3839 A.
1023 3771 1079 3837 ΠΙ.
1113 3770 1143 3838 7.
1189 3772 1353 3838 Plutarch.

160 3873 549 3964 Tom.II.pog.92.1c.
596 3876 658 3942 Dio
681 3873 794 3965 Chrys.
818 3877 844 3942 1.
869 3876 945 3942 108.
977 3877 1094 3943 Pollux
1116 3876 1169 3942 VI.
1196 3876 1248 3942 36.

205 4083 287 4152 Ibid.
311 4085 363 4151 τάν
396 4085 502 4161 Θησέα
536 4091 652 4166 πρῶτον
681 4092 782 4168 Φῆσαι
811 4093 870 4152 τῶν
893 4089 995 4152 κακῶν
1018 4098 1058 4170 τῇ
1081 4087 1169 4153 πόλει
1192 4088 1353 4166 μεμονέναι

160 4188 269 4256 αἴτιον.
294 4197 401 4257 τοῦτον
424 4193 488 4272 γάρ
512 4191 547 4255 έκ
570 4191 686 4256 δώδεκα
710 4190 827 4257 πόλεων
852 4193 894 4264 εἷς
914 4192 991 4269 μίαν
1008 4192 1241 4271 καταγαγόντα
1258 4196 1354 4261 λυθεί-

161 4318 219 4368 σας
243 4295 412 4374 βασιλείας
444 4295 497 4363 καδ
523 4295 628 4363 δίκαια
657 4299 752 4364 αὐτὸν
776 4299 904 4364 παθεῖν·
936 4303 1049 4376 πρῶτον
1073 4298 1135 4381 γάρ
1158 4299 1251 4365 αὑτὸν
1274 4302 1354 4367 άτο·

161 4401 268 4484 otetur
302 4402 355 4468 ὑπ’
386 4402 513 4486 αὐτῶν]
562 4400 615 4467 Sic
644 4401 811 4469 Palatinus
841 4404 1091 4471 mendosissime.
1137 4404 1257 4471 Verum
1289 4428 1355 4472 esse
