3242 5014
639 356 824 410 andronici.
1087 426 1090 431 Ι
1268 344 1330 409 261

120 605 126 613 ι
188 527 268 617 Pap.
294 528 370 596 967.
394 547 422 596 o.
451 527 505 591 κοιὶ
534 526 568 601 tl
601 528 653 592 aa}
677 528 856 610 λοιδορήσεις
880 551 920 606 γε
944 530 1071 603 ἐπῆλθον
1091 541 1232 605 τοιιιτοιῑς
1256 535 1327 605 τοὺς

142 638 392 715 Φιλοτοφοῦντοος
422 632 490 698 κυσὶ
521 634 677 709 μοιτοιίοιις
708 633 935 715 ἀπεικάζοντας
963 634 1170 714 χρωμέναισιν
1194 640 1327 708 tasnato

142 737 232 803 ἄλλοι
261 762 297 803 τε
326 737 444 813 civim
468 738 575 803 εἰπεῖν.
609 737 696 804 Nota
717 744 766 804 est
788 739 956 805 decadem
978 761 1012 805 re
1034 740 1178 807 Platonis
1199 743 1327 828 quercla

141 843 177 908 in
198 842 281 909 libro
302 843 345 907 X.
367 844 405 907 dc
426 843 502 925 ch.
526 860 600 928 pag.
626 840 701 909 607.
726 861 756 908 1ο.
776 843 835 909 Pst
855 850 963 910 autem
982 846 1015 909 in
1035 844 1169 933 volgata
1187 850 1324 914 vitium:

140 946 295 1024 ριοιτιιίιιις
320 948 407 1013 enim
428 964 491 1011 non
514 944 555 1010 ad
577 946 648 1012 κυσί
666 946 721 1015 sed
739 947 779 1014 ad
801 949 934 1020 ὑλωκοιῖς
953 950 1110 1033 pertinere
1128 949 1250 1017 clarum
1267 958 1324 1018 est.

141 1049 204 1117 Sed
226 1050 329 1137 qualis
352 1056 401 1116 est
421 1052 524 1138 igitur
545 1048 624 1116 haec
645 1053 816 1118 verborum
838 1051 1005 1118 disiectiol

186 1153 336 1242 Suspicor
364 1156 506 1241 priscum
536 1155 729 1221 vocabulum
758 1159 920 1243 poeticum
947 1159 1100 1224 ascribis
1120 1162 1328 1226 interemtum

142 1280 224 1338 csse,
257 1261 349 1325 cuius
378 1262 598 1343 interpretatio
627 1261 662 1325 in
689 1265 780 1327 textu
803 1262 979 1328 adhaeserit
1000 1262 1231 1352 Platonemque
1253 1270 1328 1332 scri·

140 1366 257 1450 psiase:
289 1363 357 1428 κυοὶ
392 1362 672 1443 pecundum
703 1365 948 1448 οὶτειιιοίζοντως,
979 1369 1075 1453 idque
1102 1373 1326 1456 nescioquem

141 1471 387 1553 interpretatum
414 1488 481 1534 ease
504 1471 566 1534 sic:
595 1469 752 1548 μοιτωίοιις
773 1473 948 1552 χρωμένοις
972 1472 1126 1549 ὑλοικιιῖς,
1150 1472 1234 1539 unde
1256 1473 1327 1541 vul·

142 1579 220 1661 gata
248 1573 343 1638 lectio
366 1572 500 1639 conflata
519 1575 571 1638 sit.
607 1574 817 1654 Μιιψνλοίκιις
840 1581 889 1643 est
913 1576 997 1662 apud
1018 1576 1195 1642 Pindarum
1218 1582 1251 1643 et
1272 1601 1326 1641 τε·

143 1675 311 1760 φωλάχθκι
334 1683 483 1755 γλῶτταν
505 1679 704 1758 μαψυλάκαν
726 1677 854 1766 Sappho
877 1682 969 1746 dixit.

702 1962 770 2035 Ill.

432 2170 475 2218 AD
498 2152 672 2219 ldMBhlcm
693 2152 786 2230 λόγον
808 2153 1033 2233 προτρεπτικόν.

189 2314 226 2381 In
245 2317 319 2381 crisi
338 2336 471 2401 operum
489 2315 727 2382 Platonicorum
747 2323 779 2382 et
796 2318 830 2381 in
848 2318 1068 2383 constituendo
1083 2316 1227 2384 Platonis
1238 2325 1330 2384 textu

143 2441 262 2507 magna
284 2426 333 2486 est
354 2420 525 2485 Iamblichi
548 2423 737 2497 auctoritas,
763 2423 819 2505 qui
839 2422 874 2484 in
896 2422 1112 2486 Addcrtctc'ccc
1133 2423 1175 2485 cd
1195 2423 1329 2487 Philoro-

136 2526 242 2608 phium
272 2525 449 2611 complures
474 2524 560 2591 locos
582 2524 760 2593 luculentos
782 2530 815 2589 et
835 2524 1011 2610 praeclaros
1034 2546 1073 2589 ex
1097 2526 1162 2590 suis
1185 2524 1329 2591 Platonis

144 2627 314 2695 (lodicibus
344 2629 519 2713 descripsit.
554 2628 686 2693 Utimur
715 2633 824 2694 autem
856 2627 1026 2694 Iamblichi
1056 2630 1193 2694 editione
1214 2629 1343 2694 multis

143 2733 269 2798 mendis
297 2732 481 2817 lacunisque
511 2732 702 2809 deformata,
734 2752 832 2815 quam
858 2753 900 2795 ex
923 2729 1047 2797 Oiaensi
1069 2730 1184 2798 (lodice
1207 2735 1329 2799 concin-

144 2841 235 2905 navit
263 2836 496 2924 Kiesalingius‚
528 2857 627 2922 quum
659 2836 850 2921 archetypus
874 2839 1019 2901 omnium
1042 2835 1213 2902 Iamblichi
1234 2836 1330 2902 libro-

143 2961 235 3019 rum,
266 2943 356 3005 cuius
387 2961 445 3026 ope
474 2941 615 3028 plurima
642 2941 758 3005 menda
788 2940 853 3005 elui
883 2939 1077 3025 lacunaeque
1098 2942 1239 3027 suppleri
1261 2962 1331 3027 pos·

144 3050 236 3123 sunt,
266 3046 301 3109 in
330 3044 530 3112 Bibliotheca
558 3045 703 3111 Medicea
731 3043 854 3110 lateret.
890 3042 1063 3110 Ostendam
1092 3066 1156 3110 uno
1184 3045 1329 3132 exemplo

144 3169 240 3234 quam
268 3148 367 3214 fallax
396 3155 429 3215 ct
458 3150 582 3216 lubrica
611 3151 655 3214 sit
684 3147 761 3214 fides
788 3147 1042 3235 Kiesalingianae
1072 3149 1220 3216 editionis
1243 3154 1275 3217 et
1295 3153 1330 3215 in

7 3250 12 3253 ’
144 3274 222 3339 quos
252 3274 370 3320 errores
400 3274 457 3320 nos
488 3255 627 3320 inducat.
670 3253 782 3319 Edidit
811 3275 912 3340 nuper
941 3256 993 3319 vir
1022 3254 1134 3320 doctus
1154 3254 1330 3322 Mnarutue

143 3357 271 3423 Semo
292 3359 464 3445 perutilem
482 3358 603 3424 librum
624 3359 770 3437 „Studien
787 3381 842 3423 οων
862 3358 1033 3423 θεοολίολοο
1051 3360 1103 3424 dcc
1119 3360 1330 3424 Plctcniecdcc

147 3462 278 3540 Teates?
307 3466 342 3528 in
371 3484 433 3548 quo
464 3484 565 3548 quum
593 3469 701 3551 ageret
730 3464 768 3529 de
790 3463 1031 3548 interpolatione
1054 3463 1138 3549 apud
1160 3462 1329 3529 Platonem

143 3568 334 3631 testimoniis
357 3569 568 3653 recentiorum
588 3570 778 3652 scriptorum
798 3566 948 3652 deprensa
966 3587 1041 3652 pag.
1065 3565 1117 3631 32.
1138 3570 1185 3631 ita
1204 3568 1328 3633 scribit:

192 3670 306 3734 donec
332 3670 408 3737 173.
432 3690 464 3736 1).
496 3669 530 3737 εὖ
561 3673 593 3738 δὲ
624 3674 641 3748 ἢ
674 3678 776 3743 κοοκῶς
806 3695 854 3743 τις
876 3671 1004 3749 γέγονεν
1028 3672 1058 3734 ἐν
1081 3669 1331 3735 πόλει-οὑτοι

144 3771 279 3847 λέληθεν.
324 3775 390 3841 Wcr
411 3777 511 3841 corde
531 3777 598 3841 dier
621 3777 670 3841 cic
695 3777 824 3840 Gloeecm
846 3775 1031 3852 ccrmutlcc,
1062 3797 1145 3839 cccc
1170 3776 1331 3840 aco-nicht

144 3879 326 3944 Iccoblc'cdue
354 3880 558 3963 Protrepticuc
588 3881 719 3944 daraclbc
747 3881 905 3943 ccrrctlcca
926 3879 1052 3944 cora?
1074 3879 1153 3944 Dect
1175 3882 1254 3944 leoco
1275 3883 1331 3945 wir

143 3984 274 4047 cciccbr'ch
296 3983 402 4064 ἑτέρως
424 3984 646 4058 εοοιίκοικῶς.”
664 3990 697 4049 et
715 3989 922 4069 postpauca:
948 3984 1033 4061 „Mic
1052 3984 1148 4049 Recht
1165 3986 1218 4049 tac
1238 3987 1330 4050 daher

143 4087 339 4173 Vulckcuacr
360 4089 456 4153 dieser
479 4090 583 4170 ἑτέρως
608 4088 804 4170 Ιιονροιοείἰο.”

189 4192 276 4257 Audi
304 4214 387 4258 nunc
420 4194 496 4278 quid
524 4197 570 4259 rei
593 4197 644 4259 sit.
679 4193 794 4259 Editur
814 4193 898 4277 apud
920 4192 1134 4259 Iamblichum
1157 4215 1229 4280 pag.
1252 4195 1328 4261 210.

145 4293 179 4361 εὖ
200 4296 230 4361 δὲ
255 4296 272 4372 ἢ
298 4303 399 4368 κακῶς
423 4297 440 4372 ἢ
465 4297 570 4378 ἑτέρως
593 4300 640 4373 τίς
665 4322 695 4362 τι
720 4297 847 4375 γέγονεν
871 4298 901 4361 ἐν
925 4299 1031 4363 πόλει.
1056 4299 1110 4364 aad
1129 4300 1330 4386 Archetypus

146 4397 268 4478 Codex,
303 4403 393 4467 cuius
425 4400 563 4469 cizensis
590 4403 671 4470 liber
700 4402 887 4468 mendosum
912 4404 1129 4490 apographum
1153 4410 1217 4481 est,
1250 4406 1329 4469 hanc
