3388 5010
622 382 780 430 aunuum
803 383 839 429 aa
862 381 1016 430 aucteurs.
1267 400 1272 413 ι
1373 370 1437 431 ata

247 551 417 638 telligebar
447 569 558 638 posse,
589 547 680 619 mad
700 568 819 635 paucos
842 549 973 616 retuli'’.
1020 548 1106 615 Nihil
1131 568 1169 615 ex
1193 550 1245 617 his
1268 549 1434 619 satisfacit.

245 658 415 725 Sententia
440 658 473 722 in
499 654 643 721 lluelleri
667 654 805 720 lectione
828 653 907 721 baec
930 655 1043 721 inerit:
1069 653 1164 740 »quia
1189 653 1318 721 videbat
1340 674 1435 721 arca·

246 782 326 829 num
360 781 456 831 suum
489 768 601 825 notum
633 778 703 825 esse
726 757 825 836 mihi,
858 779 932 825 cum
962 760 1075 845 paucis
1098 766 1226 825 tantum
1250 778 1319 825 rem
1344 778 1434 825 com·

245 867 445 932 municavi”.
472 865 552 930 ldira
572 883 649 930 sane
670 861 787 948 agendi
813 864 908 930 ratio.
935 863 1072 945 Quidni,
1089 864 1116 930 si
1141 865 1214 950 quis
1226 862 1434 931 offensionem

246 969 388 1037 bominis
411 970 539 1045 timeat,
560 968 657 1034 cuius
680 985 834 1033 moenum
861 968 944 1035 torte
967 969 1111 1046 noverit,
1142 967 1236 1054 plane
1259 967 1352 1035 sileat
1378 988 1434 1055 po-

245 1077 312 1140 tius
341 1093 441 1161 quam
474 1092 549 1139 cum
583 1072 695 1159 paucis
726 1071 964 1140 communicet?
1012 1072 1143 1139 Accedit
1174 1071 1259 1159 quod
1288 1072 1351 1138 »ad
1375 1072 1433 1138 ali·
1533 1146 1538 1154 ,

244 1198 341 1265 quem
368 1178 511 1245 reterre”
538 1196 603 1242 non
626 1176 788 1261 significat
812 1175 1003 1263 simpliciter
1026 1196 1183 1244 »narrare
1209 1176 1341 1247 alicui'.
1391 1176 1432 1244 m

246 1281 367 1349 tradita
391 1282 486 1348 lectio
507 1280 626 1348 leniter
649 1280 838 1347 immutata:

382 1384 467 1471 quod
490 1387 519 1451 is
541 1384 764 1471 intellegebat,
790 1404 882 1453 nosse
904 1384 990 1453 haud
1015 1404 1133 1471 paucos
1156 1384 1288 1463 rettuli,

244 1495 275 1559 si
310 1512 372 1557 non
408 1491 609 1578 elegantem,
644 1498 678 1556 at
714 1488 909 1559 tolerabilem
933 1492 1147 1569 sententiam,
1182 1487 1288 1557 offert.
1338 1490 1432 1563 Exci-

243 1597 331 1663 disse
356 1595 494 1683 aliquid,
520 1603 660 1661 metrum
686 1593 801 1661 docere
826 1592 971 1669 videtum
1007 1593 1142 1661 fortasse
1160 1595 1240 1661 otios
1263 1603 1337 1660 ante
1361 1616 1432 1659 coa·

243 1723 295 1766 ec:
330 1698 437 1786 »qudd
471 1703 500 1767 is
534 1697 755 1785 intellegitat,
779 1697 869 1764 alios
895 1700 988 1764 ndsse
1016 1697 1100 1765 haud
1133 1718 1252 1786 paucos
1285 1699 1436 1766 rettuli&

246 1806 325 1871 Tam
357 1806 500 1871 incertae
525 1807 732 1871 coniecturae
767 1805 879 1889 utique
915 1824 976 1868 nou
1012 1813 1090 1870 sunt
1115 1802 1340 1890 recipiendae;
1376 1811 1433 1870 aut

244 1909 365 1976 tradita
395 1910 491 1976 lectio
521 1916 795 1996 repraesentetur,
831 1916 888 1974 aut
919 1907 1004 1993 quod
1031 1906 1072 1973 ab
1098 1911 1185 1974 omni
1215 1915 1307 1995 parte
1328 1909 1430 1973 satis·

242 2012 353 2080 iaciat.
407 2014 487 2083 llam
522 2033 670 2081 mamam
704 2013 780 2080 alibi
816 2032 942 2100 quoque
977 2011 1117 2098 neglexit
1153 2013 1266 2083 editor.
1322 2011 1429 2078 Veluti

246 2118 390 2185 xxvttt.
417 2123 473 2187 38:
508 2120 620 2207 »pueri
644 2127 809 2205 praeterea
834 2119 953 2185 nostris
976 2137 1040 2204 qno
1062 2118 1197 2189 subeant
1222 2117 1332 2185 iubet''
1356 2117 1432 2184 libri

244 2223 316 2309 qoi;
351 2222 451 2289 nihilo
487 2223 542 2290 hic
573 2226 759 2293 coniectura
791 2222 905 2290 melior
935 2223 1054 2290 tradita
1086 2222 1238 2297 lectione:
1270 2223 1430 2289 sententia

243 2336 295 2393 est
319 2330 405 2394 eninr
433 2327 641 2415 imperfecta,
668 2350 726 2396 nec
750 2329 920 2415 quisquam
947 2336 1051 2414 potest
1074 2326 1236 2405 diuinare,
1260 2336 1372 2393 utrum
1396 2328 1430 2395 in

245 2433 456 2519 sequentibus
479 2434 707 2500 coniunctivus
737 2433 834 2498 tuerit
858 2433 960 2523 (iubet
983 2432 1139 2500 accedant
1162 2434 1270 2519 pueri,
1295 2434 1349 2518 qui
1374 2453 1429 2498 su-

245 2535 341 2604 beant
376 2540 509 2617 nostris)
544 2559 583 2606 au
616 2540 740 2606 iussum
773 2538 921 2625 pluribus
950 2539 1130 2625 expositum
1162 2536 1282 2615 luerit,
1315 2545 1347 2604 et
1370 2559 1430 2624 quo

242 2643 341 2709 baem
384 2644 615 2730 significaverit
649 2645 701 2732 (ut
733 2645 824 2730 pueri
860 2644 980 2709 uostris
1018 2641 1177 2719 subeant,
1214 2640 1429 2729 iubet....),

242 2766 328 2832 quae
352 2746 480 2814 videtur
502 2748 648 2815 dluelleri
671 2750 840 2816 sententia.
874 2746 946 2812 Nou
970 2754 1020 2813 est
1043 2744 1103 2812 hoc
1128 2745 1216 2812 aliud
1240 2764 1337 2832 quam
1360 2765 1428 2833 spe·

242 2852 328 2918 ciem
352 2850 496 2919 fallacem
521 2852 756 2920 emendationis
778 2853 941 2939 corruptis
964 2849 1140 2919 aliundene.

290 2956 421 3025 xxvtt.
437 2962 466 3022 7.
492 2957 703 3044 Plerumque,
727 2965 759 3023 et
779 2966 866 3024 recte
885 2955 1028 3043 quidem,
1048 2964 1083 3022 ut
1101 2955 1233 3042 opinor,
1257 2954 1429 3025 lluellerus

243 3060 444 3127 Lachmanui
474 3062 677 3129 coniecturas
700 3063 831 3150 sprevit.
879 3061 963 3129 Sunt
985 3062 1071 3127 enim
1094 3079 1226 3146 operose
1249 3062 1427 3148 quaesitae.

244 3167 344 3233 uatus
367 3167 414 3232 rei
438 3166 619 3254 exemplum
645 3166 776 3253 praebet
796 3166 848 3233 hic
868 3186 995 3243 uersus,
1019 3185 1114 3253 quem
1128 3166 1180 3243 it..
1193 3185 1211 3232 a
1224 3162 1429 3232 Lachmanno

240 3271 368 3339 scilicet
390 3271 616 3349 emendatum,
642 3270 673 3335 in
698 3278 820 3337 textum
845 3270 985 3357 recepit:
1018 3297 1020 3301 ’

357 3377 441 3442 »iam
466 3395 530 3462 qua
548 3383 739 3461 tempestate
758 3377 848 3454 uiro,
873 3375 997 3442 edredo
1016 3376 1057 3441 ad
1077 3394 1128 3441 me
1148 3376 1290 3463 recipio’'

241 3481 323 3547 nim.
342 3489 469 3563 χρῆσιις
494 3479 568 3546 libri
590 3489 673 3547 certe
695 3481 772 3547 eice.
819 3480 965 3566 Speciem
988 3488 1097 3549 tamen
1121 3479 1263 3566 aliquam
1283 3478 1335 3544 his
1354 3499 1427 3545 con·

242 3585 332 3654 ciliat
365 3584 451 3672 quod
473 3585 658 3672 iunguntur
681 3605 754 3652 oum
780 3585 819 3650 tr.
846 3592 883 3653 a:

338 3691 413 3757 edm
437 3690 538 3757 sciam
565 3690 610 3757 nil
634 3692 705 3758 esse
728 3693 761 3756 in
786 3691 852 3759 cita
877 3689 1042 3776 propriam
1070 3686 1198 3755 mortali
1218 3687 1340 3757 datum.
1381 3738 1385 3745 .

289 3794 351 3862 Sed
376 3796 540 3882 »recipere
562 3794 603 3862 ad
625 3796 683 3863 se”
707 3795 885 3881 significat,
908 3796 1039 3881 opinor,
1062 3793 1150 3863 tomi
1171 3810 1248 3861 suae
1273 3792 1425 3877 recipere.

241 3900 285 3967 Et
325 3908 550 3987 praeterquam
586 3899 671 3985 quod
703 3899 815 3967 Latina
844 3919 906 3965 non
939 3906 1030 3974 sunt,
1076 3897 1207 3967 molesta
1238 3904 1316 3963 sunt
1348 3895 1424 3963 itia:

241 4022 359 4070 »usum
385 4004 539 4093 (abrasio)
564 4004 605 4072 ad
628 4025 679 4072 me
701 4004 845 4092 recipio’'
868 4023 942 4090 pro:
967 4023 1032 4069 nou
1051 4001 1204 4069 dubitabo
1223 4001 1271 4068 uti
1292 4003 1425 4088 paratis.

242 4108 326 4174 Tum
352 4108 478 4176 inutilia
501 4119 577 4176 sunt
603 4110 698 4177 baec:
724 4129 807 4195 »qua
832 4116 1021 4194 tempestate
1044 4107 1159 4185 vivo”,
1191 4125 1266 4173 uam
1292 4107 1425 4193 quaevis

242 4221 351 4291 actas,
372 4215 426 4281 cui
444 4233 637 4301 persuasum
656 4223 706 4283 est
724 4214 806 4280 bona
827 4234 888 4281 nou
907 4214 1036 4302 propria
1055 4212 1183 4281 mortali
1205 4211 1297 4289 data,
1319 4212 1425 4279 utitur

242 4316 292 4383 iis.
338 4317 380 4385 llt
411 4327 521 4388 tamen
553 4314 780 4389 Lacb'nnannus
812 4319 869 4386 hos
903 4337 1016 4386 versus
1047 4318 1095 4383 sic
1123 4338 1143 4384 a
1176 4338 1210 4386 se
1237 4319 1424 4387 emendatos

239 4421 497 4509 elepantissinues
520 4424 609 4495 dicit.
