3388 5010
263 356 329 421 260
666 371 819 418 uncturum
846 375 881 420 cn
906 374 1058 421 nucinum.

263 561 326 608 nus
348 542 497 607 Latinum
518 551 579 608 est.
615 539 679 608 Nec
700 537 739 604 de
756 559 820 608 uno
841 543 971 612 bomine
990 543 1126 630 pluralis
1143 554 1246 612 rostra
1258 557 1453 635 usurpatur,

264 648 357 735 quasi
379 648 501 715 Graece
520 650 590 714 viro
608 645 809 733 καλλιπρῴρῳ
830 650 937 737 plures
957 651 1076 735 πρῴρας
1094 651 1271 721 adscribas.
1310 653 1454 721 Lucilius

264 756 301 820 V.
327 760 387 822 49:
414 754 597 842 »designati
620 766 763 823 rostrum
789 758 981 843 praetoris’'.
1028 758 1083 824 lli.
1111 761 1167 825 74:
1189 766 1356 827 »rostrum
1376 759 1454 827 labi·

266 879 386 948 sasque
416 860 492 927 buic
525 863 724 952 Zopyriatim
751 861 933 949 percutio'’.
981 862 1087 944 Quare
1111 864 1188 931 icccc
1210 884 1287 932 cum
1314 866 1455 934 lieusdio

266 977 382 1033 neutro
415 988 535 1054 genere
558 973 698 1057 positum
723 970 855 1058 putari,
879 977 985 1036 rostra
1009 969 1049 1037 de
1073 979 1230 1056 suggestu
1256 972 1458 1060 intellegens.

265 1072 373 1149 Facile
406 1072 504 1141 inerit
534 1095 611 1143 sane
635 1079 826 1142 comittere
850 1076 957 1164 (rudet
979 1075 1014 1142 cl
1035 1077 1123 1143 Pers.
1147 1076 1204 1143 ill.
1229 1079 1284 1162 9);
1310 1077 1367 1145 sed
1391 1081 1455 1166 pri·

266 1198 357 1244 mum
390 1200 568 1247 consensus
600 1181 755 1249 Varronis
786 1191 819 1249 et
844 1181 954 1260 Nonii,
977 1183 1033 1269 qrri
1059 1180 1090 1248 b.
1114 1180 1137 1249 l.
1165 1202 1227 1248 non
1249 1203 1289 1250 ex
1312 1183 1456 1252 Varrone

267 1284 377 1351 hausit
402 1287 554 1372 (alterum
579 1289 666 1353 enim
692 1307 821 1355 versum
845 1288 933 1354 solus
957 1286 1066 1373 babet)
1085 1288 1117 1354 in
1140 1308 1209 1356 voc.
1230 1311 1247 1357 c
1268 1289 1385 1379 (Varro
1403 1291 1455 1378 en)

268 1392 320 1457 vix
355 1390 511 1460 fortuitus
544 1414 614 1461 esse
647 1402 769 1481 potest,
803 1403 838 1460 ut
870 1394 1017 1461 omittam
1048 1394 1133 1472 iarn,
1155 1414 1269 1483 parum
1294 1395 1457 1484 probabile

266 1518 337 1565 esse
361 1497 440 1566 baec
463 1499 503 1566 de
527 1499 646 1567 lemica
670 1499 734 1566 dici
758 1521 832 1568 cum
861 1499 900 1566 de
924 1499 1057 1567 animali
1078 1500 1215 1588 quodum
1238 1503 1289 1588 agi
1312 1523 1375 1568 non
1389 1522 1458 1590 pos·

186 1616 191 1627 ·
266 1605 309 1670 sit
335 1614 464 1694 propter
483 1607 638 1673 Varronis
658 1608 772 1676 verba:
796 1605 918 1673 »multa
939 1607 979 1673 ab
999 1607 1186 1674 animalium
1208 1608 1458 1674 vocibustrans·

268 1709 351 1777 »lata
374 1713 408 1778 in
431 1713 607 1781 domines.''
655 1713 760 1795 Quare
785 1736 972 1782 concurrens
997 1714 1029 1780 in
1055 1734 1124 1801 sqtp
1150 1722 1271 1801 »atque
1297 1713 1458 1781 ciulitabit

269 1838 487 1887 »concursaus
525 1819 623 1888 veluti
655 1822 830 1887 aunarius”
862 1841 938 1886 cum
969 1821 1115 1887 uscerius
1150 1820 1214 1887 ecit
1244 1819 1457 1906 iungendum.

268 1926 336 1993 lam
369 1934 503 2013 apparet
534 1925 809 2012 comparationem
841 1928 968 1993 institui
1002 1928 1087 1993 inter
1111 1934 1271 1993 oratorem
1295 1928 1351 2013 qni
1375 1926 1457 1994 luri·

270 2030 398 2101 bundas
422 2051 459 2098 ex
485 2042 641 2119 suggestu
662 2034 832 2123 opprobria
851 2032 1050 2109 eiaculatur,
1071 2040 1103 2098 et
1123 2031 1278 2099 Parthum
1297 2033 1456 2120 quendam

269 2141 410 2226 equitem
443 2158 481 2205 ex
505 2160 587 2226 equo
609 2142 745 2227 sagittas
764 2142 944 2207 emittente.
980 2137 1161 2205 videnum
1187 2138 1331 2205 Lucilius
1359 2142 1459 2226 scrip·

270 2245 351 2312 serit
386 2244 563 2313 rioculcbit.
602 2246 732 2334 Aliquid
768 2246 800 2311 in
834 2244 1054 2332 superioribus
1085 2243 1186 2311 luisse
1218 2245 1381 2331 probabile
1411 2255 1459 2311 est

271 2350 357 2438 quod
393 2352 584 2418 certaminis
616 2354 778 2419 notionem
815 2359 1016 2438 suggereret.
1065 2352 1172 2418 Form.
1201 2351 1338 2417 activam
1365 2349 1460 2417 haber

270 2456 391 2525 Gellius
423 2457 506 2527 XVl.
540 2463 592 2526 19.
640 2459 752 2545 ltaque
783 2456 1004 2545 quaerendum
1039 2465 1156 2533 restat,
1187 2456 1265 2544 quid
1297 2456 1358 2524 sibi
1383 2458 1461 2524 velit

270 2562 350 2630 iilud
394 2566 549 2631 cacanus.
606 2564 754 2632 Fortasse
795 2563 937 2631 Lucilius
980 2565 1122 2651 primurn
1158 2563 1307 2650 quodque
1343 2583 1459 2630 nomen

272 2669 392 2757 equitis
423 2671 543 2738 Persici
571 2669 657 2758 quod
686 2670 876 2738 occurrebat
909 2672 1035 2757 posuit,
1069 2689 1130 2735 non
1165 2688 1289 2735 memor
1311 2669 1461 2754 angarios

271 2777 365 2863 equis
397 2776 528 2863 quidem
562 2775 632 2843 nebi
665 2776 720 2843 sed
753 2798 814 2843 nou
848 2796 991 2863 pugnare
1020 2773 1129 2841 solitos
1160 2794 1241 2841 esse.
1289 2774 1462 2857 Quantitas

271 2882 469 2969 penultimae
492 2878 633 2971 syllabae
658 2883 838 2972 (dyocesim
864 2891 941 2949 sunt
965 2880 1050 2969 apud
1074 2879 1269 2948 Herodotum
1295 2881 1379 2949 viti.
1402 2887 1461 2949 98.

270 2996 304 3054 et
337 2989 383 3063 ita
417 2990 599 3055 necessario
631 2988 671 3055 ab
702 2988 859 3078 ἄγγαρος)
893 3008 955 3054 non
988 3008 1104 3073 magno
1135 2984 1366 3073 impedimento
1400 2996 1459 3054 est.

271 3093 380 3160 Lectio
422 3093 544 3161 codicis
582 3093 672 3161 Harl.
710 3096 864 3161 cocceius
895 3094 985 3162 ducit
1016 3093 1055 3160 ad
1087 3092 1272 3174 coeborius,
1305 3112 1381 3159 uam
1414 3095 1460 3159 sic

275 3199 312 3264 V.
356 3205 407 3267 13.
438 3198 513 3266 libri
545 3211 678 3266 atexnon
711 3222 767 3287 pro
797 3200 951 3283 drepanam
984 3198 1041 3267 sed
1072 3219 1109 3265 eo
1140 3198 1219 3265 nibil
1254 3199 1460 3286 proficimus,

252 3326 345 3372 ,nam
376 3308 543 3389 'aycadrus
569 3317 619 3373 est
643 3328 720 3374 sane
745 3327 859 3374 nomeu
886 3308 1069 3382 Persicum,
1095 3314 1127 3371 at
1149 3307 1231 3383 uiri,
1257 3326 1318 3372 non
1342 3305 1460 3394 populi.

274 3410 426 3479 Ceterum
457 3413 501 3481 cl.
525 3414 608 3500 Eup.
634 3433 685 3500 ap.
712 3412 818 3480 Scbul.
847 3414 946 3480 Arist.
972 3414 1029 3479 dv.
1055 3415 1138 3481 1297
1166 3411 1273 3500 (blein.
1298 3411 1339 3479 ll.
1364 3413 1462 3501 utu:

273 3520 456 3603 Συρακόσιος
493 3522 518 3588 δ’
542 3518 649 3597 ἔοικεν,
673 3521 749 3598 ἡνίκ’
771 3520 811 3586 ἂν
834 3519 913 3602 λέγῃ
935 3527 1011 3593 Τοῖς
1035 3518 1378 3587 susciperemur
1402 3525 1462 3586 τῶν

271 3629 415 3710 τειχίων·
462 3627 605 3706 Ἀναβὰς
625 3626 690 3707 γὰρ
713 3625 764 3691 ἐπὶ
787 3626 821 3691 τὸ
843 3625 927 3705 βῆμ’
952 3625 1085 3691 ὑλακτεῖ
1106 3624 1301 3707 περιτρέχων.

318 3739 374 3813 26,
399 3738 452 3802 tu.
473 3732 589 3821 Porpb.
607 3730 648 3798 ad
673 3732 749 3797 ilci.
764 3730 831 3798 Sat.
844 3733 870 3798 l.
886 3736 917 3798 9.
933 3736 991 3797 77:
1007 3729 1171 3796 »Lucilius
1185 3732 1216 3796 in
1231 3739 1321 3797 sexto
1333 3740 1460 3799 satura·

273 3859 382 3907 nrum:
407 3848 442 3905 ut
466 3839 626 3926 discrepet
647 3859 684 3905 ac
704 3838 757 3905 civ
776 3838 802 3903 δ’
821 3836 992 3920 ἐξήρπαξεν
1011 3838 1174 3904 Ἀπόλλων
1194 3837 1215 3902 i.
1236 3857 1331 3923 quern
1352 3839 1461 3925 rapuit

271 3945 420 4033 eupolis,
454 3945 508 4013 liat
536 3948 648 4032 ergo.”
697 3945 862 4011 Postrema
892 3945 955 4031 sict
986 3965 1060 4031 erpo
1091 3963 1154 4009 non
1179 3952 1314 4031 possunt
1337 3943 1461 4023 Lucilio

270 4050 434 4132 adscribi3
459 4072 498 4118 ex
522 4052 562 4118 iis
587 4053 626 4118 Μ.
647 4051 708 4140 [iot
721 4051 873 4128 retraxit,
892 4049 1015 4117 scilicet
1036 4049 1069 4115 in
1085 4048 1173 4132 Φόγε
1187 4058 1369 4127 mutatum,
1391 4060 1460 4137 post

270 4169 317 4225 ut:
344 4167 400 4224 »ut
424 4157 511 4241 Φύγε
537 4156 700 4247 discrepat
726 4177 763 4224 ac
787 4183 817 4225 r.
843 4157 869 4222 δ.
894 4159 918 4224 ε’.
943 4160 991 4224 Ἀ.
1018 4155 1122 4243 »qnod
1149 4176 1206 4222 nec
1228 4154 1391 4243 probabile
1412 4166 1462 4224 est

270 4284 330 4331 nec
361 4265 580 4352 perspicuum.
628 4265 711 4332 Num
743 4264 775 4330 in
809 4264 961 4352 dscrepct
996 4261 1114 4354 (duell.
1146 4262 1303 4351 discrepat
1338 4270 1372 4328 1⁸
1398 4269 1460 4350 m.)

268 4371 348 4439 latet
371 4370 551 4457 discerpat?
577 4370 703 4457 Aliquis
729 4391 826 4458 prope
851 4370 992 4447 accedit,

430 4485 464 4542 ut
487 4475 652 4563 discerpat
676 4497 762 4554 cum,
787 4477 839 4543 τὸν
862 4475 887 4541 δ’
909 4474 1079 4558 ἐξήρπαξεν
1102 4476 1278 4545 Ἀπόλλων.
