3388 5010
603 378 793 429 ruinouooruo
820 383 856 428 nr
878 384 1006 431 orrares.
1338 368 1398 431 211

207 558 277 635 φιον
299 553 410 632 dyene
431 559 491 619 τῶν
512 555 543 619 ἐν
567 550 693 635 πολέρορ
715 553 937 621 ἀποθανόντων.
986 551 1164 633 Quotauuis
1190 552 1221 620 id
1243 573 1312 622 esse
1334 553 1402 623 fieri

207 659 359 734 solitum,
393 666 425 725 et
458 658 512 726 illo
544 658 596 726 die
623 660 755 726 recitari
782 660 923 727 Platonis
946 658 998 725 τὸν
1018 659 1183 743 ἐπιτάφιον
1204 658 1320 740 λόγον,
1345 660 1403 747 qui

206 772 255 831 est
280 766 310 830 in
336 764 526 846 limosano,
562 764 656 832 testis
686 774 736 833 est
762 765 873 834 Cicero
898 769 929 831 in
959 764 1087 832 Oratore
1113 771 1166 833 tl.
1193 772 1210 852 §
1240 768 1315 833 llil.
1353 766 1401 835 hd

206 871 345 959 speeiem
375 870 453 937 haec
486 873 594 938 omnia
620 871 819 957 agebantur,
850 871 983 939 umbrae
1008 881 1084 938 sunt
1110 892 1218 939 renum
1244 874 1400 960 praeteri·

205 986 313 1046 tarum
346 979 416 1044 sine
447 997 600 1065 corporo,
634 996 749 1044 nomen
782 981 852 1045 siue
882 997 928 1045 re.
976 976 1096 1044 Nomen
1121 985 1228 1045 tamen
1255 986 1400 1046 remanet

204 1092 237 1151 et
268 1083 471 1170 appellantur
502 1086 528 1152 oi
562 1084 595 1149 ἐκ
624 1090 684 1149 τῶν
715 1085 858 1163 πολέμων
891 1092 926 1150 ut
956 1081 1041 1170 apud
1073 1082 1315 1173 Thucydidem,
1351 1082 1399 1150 sio

204 1191 302 1256 etiam
334 1188 419 1276 apud
445 1187 689 1256 Philostralum.
737 1189 898 1257 Similiter
921 1191 976 1277 qui
1002 1188 1138 1256 Athenis
1162 1210 1229 1257 rem
1255 1190 1398 1257 trumen-

204 1296 321 1363 tariam
345 1295 482 1362 curahat
505 1315 568 1361 non
589 1294 721 1361 Οιιοοιοο
739 1318 878 1362 annonae
897 1295 1137 1383 appellabatur,
1164 1295 1219 1363 sed
1240 1296 1397 1379 ςρατκχθς

202 1404 254 1470 ἐπὶ
277 1408 336 1469 τῶν
359 1397 470 1467 θ’πλοον.
521 1399 734 1468 Philostratus
759 1422 787 1489 p.
801 1407 878 1469 526.
903 1402 1018 1485 προύςκ
1038 1402 1139 1469 δὲκαὶ
1161 1404 1399 1480 τοῖ’Λθκναθυν

201 1510 299 1590 δήμου
332 1508 536 1591 ςραπκχήσας
566 1510 671 1582 αὐτοῖς
698 1510 754 1585 τήν
785 1509 835 1574 ἐπὶ
866 1510 926 1575 τῶν
956 1504 1077 1575 θπλυν·
1109 1509 1183 1586 ήθέ
1204 1509 1288 1591 οῖρχή
1315 1507 1396 1587 αύπκ

201 1625 339 1683 ΠΛΑΑΙ
369 1614 426 1692 ph
456 1613 612 1694 κατέλεγέ
643 1640 678 1681 τε
708 1616 760 1680 καὶ
786 1612 898 1694 ἐξῆχεν
921 1617 951 1689 ἐς
972 1615 1016 1681 σοὶ
1041 1611 1201 1695 πολέροια,
1225 1624 1334 1682 NTNI
1362 1616 1396 1683 δέ

200 1724 321 1808 τροφῶν
343 1722 539 1802 ἐπιμελεῖται
564 1720 617 1787 καῖ
641 1720 728 1787 σίτου
748 1721 877 1802 eponae.

248 1935 324 2021 Peg.
349 1937 425 2000 497.
450 1932 570 2000 θοκούσθ
591 1956 643 2014 μοι
663 1931 849 2015 παρακούειν
869 1933 1034 2008 Πλούτωνος
1054 1931 1168 1999 ταύτὸν
1186 1930 1261 2002 ιέναι
1281 1932 1394 2002 λέονπα

200 2039 299 2123 ξυρεῖν
330 2039 383 2107 καὶ
409 2048 614 2121 συκοφαντεῖν
644 2029 869 2122 Θρασύριαχον.
902 2032 1007 2105 Plato
1031 2039 1076 2105 ila
1099 2037 1181 2105 dixit
1204 2041 1244 2106 ύο
1267 2039 1342 2126 Rip.
1368 2041 1394 2109 l.

199 2166 234 2234 p.
268 2151 346 2213 341.
378 2167 406 2212 o.
439 2144 493 2212 οῖει
524 2146 588 2226 χοῖρ
620 2143 659 2211 ἄν
690 2170 732 2225 με
762 2143 839 2213 ούτιο
862 2155 998 2226 μανήναι
1022 2145 1081 2215 ὅτε
1103 2144 1201 2229 ξυρεῖν
1228 2149 1395 2229 ἐπιχειρεῖν

199 2251 314 2318 λέοντα
337 2251 389 2318 καὶ
412 2256 619 2334 συκοφαντεῖν
642 2252 868 2336 Θρασύμαχον.
911 2251 972 2320 Sed
997 2251 1088 2319 deest
1111 2251 1196 2340 apud
1221 2251 1395 2319 Philostra-

201 2366 272 2424 tutn
309 2346 431 2444 aliquid
471 2355 511 2423 ad
547 2357 702 2424 orationis
735 2359 969 2445 integritatem.
1019 2361 1101 2425 Ante
1126 2359 1238 2428 λέοντα
1272 2358 1393 2427 excidit

199 2460 428 2549 compendium
450 2431 491 2543 ri,
518 2462 550 2529 id
574 2473 623 2530 est
646 2464 801 2545 λέγοντος.

248 2673 323 2760 Peg.
349 2678 424 2741 l99.
462 2676 616 2752 νκπενθεῖς
640 2675 801 2758 οῖκροούσεις
826 2677 1016 2756 ἐπήγγειλεν
1038 2679 1079 2749 cir
1097 2677 1180 2743 ούδέν
1201 2672 1278 2743 οὕτω
1301 2677 1395 2743 θεινθν

199 2779 344 2862 ἐρούντυν
372 2780 454 2864 ἄχος
484 2776 499 2848 ὃ
529 2786 574 2863 μή
598 2781 758 2859 ἐξελεῖν
782 2789 838 2858 τῆς
862 2783 998 2863 γνώμης·
1046 2781 1163 2849 Forma
1188 2780 1322 2860 ἐξελεῖν,
1355 2791 1392 2848 ut

197 2890 353 2971 αφελεῖν,
380 2890 534 2967 καθελεῖν,
557 2889 686 2966 διελεῖν,
710 2898 741 2955 et
754 2889 944 2969 ἐξελεῖσθαι,
963 2889 1172 2972 ἀφελεῖσθαι,
1191 2891 1392 2971 παρελεῖσθαι

199 2994 430 3062 Graeculorum
457 3015 565 3062 errore
587 3005 659 3061 uala
680 3002 730 3061 esi
749 3015 808 3082 pru
826 2994 1011 3076 ἐξαιρήσειν,
1036 2996 1249 3077 ἐξαιρήσεσθαι
1268 2996 1391 3063 elsim.

198 3100 255 3168 Sia
280 3099 433 3167 voeabula
458 3102 564 3189 prisea
588 3110 621 3166 et
646 3101 770 3188 poetica
796 3102 949 3177 νηπενθεῖς
973 3109 1005 3168 et
1025 3100 1107 3182 οῖχοο
1128 3119 1201 3167 oum
1221 3101 1310 3170 laena
1330 3100 1392 3190 ple·

198 3207 263 3275 heii
285 3208 445 3273 sermonis
470 3207 576 3295 inepte
601 3214 850 3294 componuntur.

123 3492 127 3501 Ι
247 3418 320 3506 Peg.
356 3424 432 3487 too.
478 3421 505 3486 oi
540 3419 676 3502 τύραννοι
712 3418 899 3500 αῖρεπύτεροι
930 3425 994 3492 τοῖς
1027 3417 1208 3501 ιῖρχορένοις
1240 3421 1391 3500 οῖνειροένοι

196 3527 324 3604 μᾶλλον
356 3525 373 3602 t
404 3523 626 3602 ξυντεθνοντες·
659 3526 684 3592 el
709 3524 773 3606 γὰρ
796 3526 955 3604 θνήσουσιν
979 3522 1068 3602 ήπτοῖ
1092 3528 1150 3605 ριέν
1174 3528 1392 3596 ἀποκτενοῦσιν

198 3628 289 3707 ήττον
320 3632 351 3698 δὲ
383 3630 569 3698 ΔΡούσονταθ
596 3656 632 3697 τε
654 3631 708 3698 καὶ
733 3630 938 3710 οέρποῖσονται.
988 3631 1023 3697 lu
1049 3630 1100 3697 his
1124 3631 1285 3714 θροῖσονται
1309 3633 1391 3699 nihil

197 3745 247 3803 est
272 3745 302 3803 et
328 3757 367 3803 ne
390 3737 547 3805 Graecum
573 3736 715 3824 quidem.
752 3736 834 3819 Quid
857 3756 967 3804 uerum
990 3737 1033 3801 sit
1053 3735 1183 3822 colliges
1203 3758 1241 3804 ex
1259 3737 1392 3807 Platone

198 3841 237 3908 tie
264 3841 341 3930 hep.
375 3842 429 3910 lx.
461 3865 492 3931 p.
527 3848 604 3910 ott.
635 3864 661 3909 u.
694 3839 743 3925 αἶρ’
774 3845 807 3910 ού
837 3842 873 3908 τθ
902 3843 959 3922 ριέν
989 3848 1104 3924 πρῶτον
1129 3843 1280 3925 ἐπιχειροῖ
1300 3844 1339 3910 ἂν
1363 3845 1391 3933 (θ

196 3948 353 4038 τύραννος)
385 3949 598 4025 κλέπτειν--,
618 3948 711 4015 θπύτε
743 3949 775 4014 δὲ
797 3950 842 4027 μή
867 3948 987 4015 δύναιτο
1011 3945 1143 4030 οῖρποθζοι
1167 3947 1206 4014 ῖιν
1227 3955 1280 4015 καθ
1304 3961 1390 4017 BIA-

199 4062 345 4121 ZOITO.
394 4055 448 4122 Sie
481 4054 696 4123 Philostratus
727 4073 856 4142 quoque
879 4053 1024 4120 dixerat:
1051 4051 1141 4132 ήττον
1165 4053 1197 4120 δέ
1220 4052 1391 4124 esemel

198 4182 234 4223 τε
258 4160 310 4227 καὶ
334 4160 538 4244 οῖρποῖσονται.

246 4266 320 4332 Post
352 4287 472 4354 pausa:
504 4272 521 4344 ή
552 4274 612 4334 τοῖν
644 4268 718 4345 ήθύν
746 4263 1216 4346 μίμησις-μεταβάλλει
1239 4269 1310 4342 τοὺς
1333 4291 1389 4335 τυ·

200 4369 318 4448 ρύνιουι
341 4378 396 4441 τοῦ
421 4374 653 4456 οθπαραιτήτου,
677 4374 743 4440 iulo
768 4391 841 4438 tero
864 4381 986 4439 revocat
1008 4382 1222 4452 ροεπαΚΛΛεῖ.
