3330 5012
273 359 338 421 594
672 376 910 424 onssnvnnronrs
933 376 1067 422 cnrrrme

272 564 311 610 eo
330 562 390 610 osu
408 542 646 610 coniunctionis
662 545 688 611 εί
708 552 834 611 constat
857 546 942 611 inter
957 561 1085 614 omnes;
1106 538 1184 608 illutl
1202 537 1370 609 ‹lohitotur
1384 555 1459 607 num

272 655 363 715 extre
389 646 512 713 leniam
537 646 653 715 Graeci
674 649 785 715 eodem
811 649 905 715 mollo
928 648 1049 723 elicere
1060 646 1183 713 luerint
1206 645 1303 713 soliti
1351 644 1460 754 Tropi-

271 772 383 819 corum
408 750 534 819 diverse
560 754 641 819 ratio
662 763 710 819 est
741 764 774 821 ct
798 755 973 840 separatim
1005 753 1068 818 erit
1091 750 1264 839 aliquando
1288 749 1459 816 videndum

272 857 312 924 de
336 866 476 944 quatuor
507 857 585 924 locis
616 858 701 945 eputl
733 858 940 946 Sophoclem,
966 857 1021 943 qni
1046 877 1085 923 cx
1110 874 1245 923 numero
1267 853 1344 921 olim
1367 853 1461 941 paulo

272 963 393 1030 nrsiore
418 981 504 1028 nnnc
528 962 586 1029 soli
604 973 793 1049 supersunt,
816 962 893 1030 Oed.
918 963 994 1048 lteg.
1019 966 1082 1029 196
1102 962 1131 1027 εί
1150 986 1180 1028 τι
1205 959 1260 1037 νὺξ
1278 961 1367 1043 ἁφῇ,
1384 958 1460 1026 066.

270 1067 349 1153 lleg.
369 1069 442 1134 ’874
471 1069 498 1133 εί
534 1069 752 1152 θπερπλησθῇ,
786 1067 862 1135 heo.
894 1067 1002 1134 Colon.
1040 1072 1124 1133 1443
1153 1066 1182 1132 εί
1209 1089 1262 1132 σον
1293 1066 1402 1146 ςερηθῶ
1428 1073 1461 1131 el

272 1173 423 1257 Antigon.
457 1176 522 1236 710
547 1170 577 1236 εί
607 1197 655 1246 τις
686 1171 704 1254 ί
735 1171 840 1261 σοφθς.
887 1170 1150 1238 Consultantihus
1179 1169 1347 1257 apparebit
1381 1168 1460 1236 nihil

270 1296 340 1347 esso
365 1274 572 1342 tribuendum
598 1285 719 1362 septem
746 1276 824 1342 locis
848 1296 867 1343 e
891 1276 1113 1343 Demosthenis
1139 1276 1358 1348 Timocrates,
1381 1291 1462 1360 quos

270 1379 433 1446 llohreeus
456 1379 586 1465 collegit
609 1382 641 1445 in
668 1380 870 1447 hlverseriis
895 1381 919 1447 Ι.
947 1401 976 1466 p.
998 1387 1076 1447 656.
1126 1380 1242 1446 Parnm
1269 1378 1368 1446 relect
1389 1377 1460 1445 Plu·

271 1484 419 1551 lsrchum
442 1486 609 1570 scripsisse
628 1487 655 1550 εί
675 1485 819 1565 πρίηται,
844 1488 1009 1571 ρ.1099ο.
1040 1504 1078 1550 ex
1104 1483 1326 1551 ementlelione
1345 1482 1459 1551 Goheli

270 1593 303 1657 in
330 1590 437 1656 Variis
460 1589 665 1656 Lectionibus
690 1611 719 1676 p.
742 1594 819 1656 565.
857 1590 972 1657 Utilior
992 1590 1081 1655 locos
1103 1597 1152 1655 est
1170 1587 1255 1675 apud
1270 1587 1458 1655 Aeschinem

268 1695 308 1762 de
329 1695 412 1761 hats.
437 1695 510 1787 Leg.
537 1699 609 1781 §ol
630 1698 818 1762 ἀνεκοινοῦτο
841 1696 867 1761 εί
892 1696 938 1777 δῷ
961 1696 1004 1776 τῷ
1025 1690 1232 1775 νραμματεῑ,
1258 1712 1341 1778 quoe
1364 1690 1459 1759 verite

269 1808 462 1887 repetuntur
484 1804 570 1886 568.
619 1801 743 1866 Pariter
767 1801 799 1865 in
825 1799 1053 1887 ctesiphonten
1075 1799 1203 1864 invenio
1228 1800 1246 1881 ς
1273 1801 1337 1863 909
1359 1798 1456 1864 ίταν·

268 1903 406 1986 ερομθνου
427 1908 644 1986 Κτησιφῶντος
676 1906 702 1970 εί
734 1904 887 1987 καλέσῃ
918 1902 1107 1983 Δημοσθένη.
1154 1902 1239 1969 Haec
1262 1902 1291 1968 si
1325 1903 1456 1989 scripsit

267 2007 462 2085 Aeschines,
494 2026 557 2094 qua
587 2007 627 2075 de
658 2028 693 2074 re
722 2027 783 2074 non
810 2009 900 2075 video
924 2008 1082 2095 quomodo
1106 2006 1221 2074 unthre
1243 2005 1456 2075 dubitationis

267 2114 345 2180 oriri
369 2114 485 2202 possit,
508 2112 636 2198 longios
656 2113 724 2199 jem
749 2113 1018 2200 progrediendum
1042 2113 1172 2180 ridetur
1194 2121 1227 2179 et
1250 2112 1456 2180 consideren-

267 2217 344 2283 dnm
368 2238 410 2285 en
435 2215 609 2304 Xenophon
635 2217 713 2285 dare
731 2220 872 2304 potuerit
895 2220 927 2285 in
948 2217 1208 2285 lllemorshilibus
1223 2218 1280 2297 lll,
1302 2221 1333 2284 9.
1356 2223 1376 2285 ll
1396 2217 1455 2285 πθ·

266 2346 349 2405 τερον
367 2333 406 2407 τῇ
422 2324 507 2405 τείχη
521 2322 692 2404 ἐπιτρέπεις
714 2322 778 2388 έοίν
796 2324 844 2397 τίς
863 2348 909 2391 σοι
927 2325 1019 2407 Φίλος
1031 2322 1130 2405 ὥσπερ
1146 2331 1228 2402 μνία
1246 2322 1454 2404 τρθσπτιπαι.

266 2428 330 2495 lllii
343 2426 523 2494 diiudicent
539 2446 579 2492 en
597 2446 710 2495 verum
734 2429 777 2492 sit
801 2428 884 2514 quod
918 2427 998 2494 mihi
1026 2426 1149 2495 arridet
1172 2429 1271 2495 εί...
1296 2427 1454 2509 πρίσπτη-

264 2555 330 2600 ται.
357 2533 476 2600 Verum
502 2531 579 2599 heec
602 2531 722 2611 obiter,
737 2551 811 2598 nem
830 2532 870 2599 ab
887 2532 1055 2599 Heliodoro
1076 2541 1164 2599 certo
1183 2531 1262 2599 tales
1274 2531 1453 2619 elegantiae

265 2638 388 2705 eliense
416 2646 512 2715 sunt,
541 2636 596 2724 qui
622 2657 654 2724 p.
679 2642 756 2703 959.
777 2641 819 2702 97
844 2638 987 2705 scribere
1015 2657 1077 2703 non
1105 2637 1210 2724 potnit
1234 2638 1260 2704 εί
1284 2637 1347 2720 γὰρ
1375 2634 1451 2704 niro

264 2742 485 2826 βουληθῇς·
504 2742 730 2828 corrigendum
744 2743 831 2807 enim
854 2751 904 2808 est
927 2741 1189 2821 βουληθείης,
1213 2740 1310 2808 sicuti
1324 2762 1356 2829 p.
1372 2746 1451 2809 995.

265 2851 309 2915 66
336 2856 369 2914 et
398 2851 476 2914 256.
509 2851 552 2913 59
577 2856 663 2914 recte
680 2846 817 2932 legitur.
864 2846 954 2926 Quot
979 2855 1142 2934 praeterea
1167 2847 1296 2913 inrenio
1319 2867 1350 2935 p.
1374 2850 1450 2914 954.

268 2959 308 3019 15
340 2951 586 3034 προσεπιτρίψεις
610 2952 694 3030 ἡμᾶς
718 2952 743 3016 εί
772 2953 828 3026 την
851 2951 980 3027 κακίςην
1012 2952 1202 3034 οὶτιμοίρητον
1233 2950 1365 3035 έθσης,
1390 2950 1450 3018 hoc

264 3056 377 3143 utiquo
400 3055 539 3130 ἐάσεις
563 3055 687 3121 dicturo
712 3056 865 3142 oportuit.

308 3160 376 3228 lion
401 3159 535 3227 estella
559 3158 661 3226 lenior
685 3158 864 3239 medicina,
887 3180 984 3248 quem
1008 3180 1072 3248 quo
1099 3160 1288 3229 sanabimus
1316 3184 1347 3251 p.
1372 3167 1449 3230 954.

263 3270 307 3333 tt
328 3265 488 3344 Κνήμων
510 3262 591 3344 έβθα
614 3264 728 3345 νύκτωρ
750 3290 787 3332 τε
809 3265 861 3331 καί
891 3265 961 3345 μεθ’
986 3265 1101 3347 ἡμέραν
1109 3315 1119 3345 ,
1143 3285 1217 3333 nem
1244 3267 1366 3335 Graece
1390 3267 1450 3335 hoc

262 3372 310 3438 sic
339 3369 462 3437 dicitnr
490 3370 666 3448 Κνήμων
695 3370 785 3448 ίβία.
832 3369 951 3438 lisdem
983 3374 1108 3439 ratione
1138 3370 1263 3439 libmrii
1297 3380 1450 3444 errarunt

262 3497 293 3564 p.
311 3479 389 3542 246.
404 3480 445 3541 46
469 3474 527 3541 τίν’
549 3470 599 3540 οὖν
620 3473 825 3551 ἀνακαλέσας
846 3475 917 3541 τίνα
938 3474 1192 3560 προσφθέηξομαι
1217 3476 1253 3565 (l.
1270 3476 1450 3560 προσφθέγ-

260 3580 377 3669 ξαμαι)
409 3577 534 3657 λασίης
566 3577 667 3662 ἦθρα
690 3579 726 3645 πθ
741 3578 879 3677 ’πάντων
908 3580 1064 3660 θνομθτων
1095 3581 1194 3660 hirceo
1217 3582 1449 3664 Χαρίκλεια,

261 3685 316 3753 nbi
359 3684 428 3772 lege
471 3685 726 3767 Χαρίκλειαν.
786 3683 898 3752 Simile
934 3686 1049 3751 vitium
1093 3683 1170 3751 olim
1206 3686 1239 3752 in
1283 3684 1449 3774 Sophoclis

263 3791 361 3857 Aiace
381 3810 413 3857 ν.
439 3793 518 3856 669.

306 3897 405 3963 lllror
428 3893 512 3983 quod
545 3893 664 3981 legitur
688 3915 720 3982 p.
743 3898 820 3962 956.
844 3899 865 3961 9
889 3893 1078 3977 προστιθέναι
1102 3893 1231 3976 στίχος
1255 3902 1319 3971 τοῖς
1343 3895 1450 3976 δεδογ-

261 4000 362 4080 μένοις
384 3999 518 4067 ίκίτεοεν
536 4008 569 4066 et
589 4020 698 4067 veram
715 3998 885 4066 lectionem
907 4018 978 4067 esee
997 4000 1136 4067 coniicio
1157 4000 1285 4074 τέλος.
1315 4000 1352 4079 Ρ.
1368 4004 1448 4068 256.

262 4110 303 4170 41
330 4104 397 4170 καί
420 4103 662 4184 μεταβαλέσθαι
686 4105 894 4184 προσδοκήσας
902 4151 911 4180 ,
935 4102 1102 4171 lilerattttn
1122 4103 1301 4172 similitudo
1318 4103 1395 4172 lecit
1412 4114 1449 4172 ul

262 4226 436 4292 pronomen
474 4207 638 4294 personale
669 4208 849 4285 excideret,
888 4227 962 4274 nam
995 4227 1127 4294 prorsus
1151 4210 1369 4277 necessarium
1398 4217 1449 4276 est

263 4310 389 4388 κάμέ,
421 4312 517 4378 siculi
543 4321 629 4379 recle
653 4334 684 4400 p.
703 4319 781 4380 941.
806 4318 849 4379 46
872 4313 954 4380 οὐδέν
978 4312 1054 4379 οὕτω
1077 4314 1179 4393 βίαιον
1201 4313 1260 4385 ὅςε
1282 4339 1324 4395 με
1346 4338 1449 4394 μετα·

263 4416 433 4491 πεισθῆναι.
482 4414 600 4481 Eadem
633 4416 686 4483 illa
716 4419 831 4503 pagine
863 4421 928 4483 956
961 4424 1042 4483 extr.
1075 4417 1170 4485 verhn
1201 4428 1278 4485 sunt
1314 4418 1450 4486 'l'hishes
