3330 5012
263 360 326 421 532
658 374 892 421 oasaavmtoms
918 374 1050 421 cnrrtcnc

260 541 342 624 ε’ρθοιν
369 565 432 608 -ταν
462 549 631 617 πτηνῶν,
662 539 719 608 οἷον
746 544 809 609 ἀπθ
832 542 953 624 δένδρων
973 539 1117 607 ἕλκουσαι
1142 542 1268 619 νηριατα
1299 550 1446 621 γυναῖκες

262 645 440 729 ὑφαίνουσιν
471 647 575 714 Ἰνθαθ.
622 647 663 714 lu
693 654 812 722 πτηνῶν
842 645 972 732 quidem
1004 645 1082 712 lerri
1114 665 1175 711 noo
1202 664 1312 732 posse,
1336 666 1448 713 omnes

262 751 393 837 opinor,
419 749 587 827 viderunl;
611 753 709 817 nimis
728 760 835 818 tamen
858 750 1029 817 infeliciter
1047 751 1264 836 excogitatum
1289 758 1339 817 est
1362 749 1447 837 quod

260 855 445 923 Hercberus
474 858 506 922 in
538 865 663 923 textum
697 856 807 922 intulit
829 858 1003 922 ιιεττιΐναν.
1050 863 1243 921 ΠΤΗΝΩΝ
1268 854 1448 923 uncialibus

261 959 366 1027 literis
395 963 555 1049 scriptum
586 962 682 1028 dunel
715 959 756 1028 ad
792 979 899 1026 veram
933 958 1065 1025 nebulis
1097 978 1249 1037 manum,
1280 979 1363 1046 quae
1386 958 1449 1026 luit

262 1064 383 1144 γηθνιιν.
430 1065 509 1133 Vide
541 1067 600 1133 boc
619 1066 815 1153 adientivum
846 1062 931 1152 apud
960 1063 1096 1130 eundem
1122 1084 1152 1151 ρ.
1177 1068 1251 1133 tttl.
1273 1069 1305 1131 6.
1354 1063 1448 1153 Apud

263 1169 444 1236 Lucianum
469 1170 509 1237 de
532 1171 626 1259 Syria
651 1171 715 1237 llea
738 1191 768 1236 c.
797 1175 837 1236 13
858 1167 996 1235 absurde
1014 1167 1146 1255 legitur:
1171 1170 1215 1242 ata
1236 1169 1448 1245 dedecalceas

261 1274 296 1339 ἐκ
319 1275 478 1351 θαλάσσης
502 1272 576 1357 ὕδωρ
599 1277 631 1348 ές
652 1275 706 1342 τὸν
729 1274 795 1350 νηὸν
813 1274 1065 1341 ἀπικνέεται.
1113 1271 1181 1339 Nun
1201 1273 1397 1342 miraculum
1415 1275 1448 1343 id

261 1379 419 1466 estquod
443 1388 597 1447 narratur
620 1399 723 1466 neque
746 1398 829 1466 aqua
853 1386 966 1465 sponte
990 1379 1024 1443 in
1049 1375 1167 1464 templo
1189 1380 1347 1458 scaturit,
1373 1400 1447 1446 narn

262 1491 299 1550 ul
324 1484 434 1551 statim
455 1485 623 1572 sequitur,
647 1484 769 1568 Φθρννσι
790 1482 823 1549 δέ
842 1485 896 1549 οὐκ
914 1481 988 1563 ἱρέες
1011 1485 1120 1560 μοῦνον
1138 1483 1227 1549 ἀλλά
1245 1487 1338 1550 τάσα
1355 1485 1447 1565 Σνρθη

261 1588 313 1654 καὶ
338 1590 483 1671 Ἀραβίη.
530 1589 644 1677 ltaque
666 1588 744 1656 ferri
768 1608 831 1654 non
855 1586 949 1654 debet
972 1587 1152 1653 ἀπικνέεται
1175 1595 1208 1654 el
1232 1588 1449 1655 rescribemus

261 1692 496 1772 ἀγινέεται,
521 1694 618 1760 siculi
645 1696 663 1779 §
691 1698 733 1760 ta
758 1704 845 1759 tecle
866 1691 986 1777 legunr
1008 1692 1183 1770 ἀγινέοντες
1214 1689 1313 1771 alym
1335 1717 1372 1759 τε
1394 1694 1448 1759 καὶ

260 1795 344 1871 θἰἀς.
392 1798 513 1865 Eadem
537 1818 635 1865 eausa
658 1807 708 1864 est
730 1797 770 1863 ob
794 1816 890 1884 quam
916 1796 1097 1878 πράγματα
1120 1804 1153 1862 el
1172 1795 1355 1878 γράαρεατα
1373 1817 1449 1864 con·

260 1899 353 1968 tundi
386 1903 503 1982 solent,
534 1904 632 1969 sicuti
674 1904 706 1968 in
743 1900 906 1969 Plutarchi
943 1899 1116 1967 llloralibus
1153 1919 1183 1986 p.
1219 1902 1346 1980 1086d,
1385 1921 1449 1989 qua

261 2005 482 2075 observatione
512 2027 591 2074 usus
625 2007 715 2093 olion³
741 2008 773 2072 in
809 2005 1086 2074 commentatione
1111 2004 1273 2071 Platonica
1305 2005 1333 2073 l.
1370 2012 1447 2092 μθ

261 2110 434 2180 entendare
476 2122 614 2180 conatus
657 2131 729 2179 sum
778 2110 919 2177 Platonis
962 2111 1112 2196 Gorgiam
1150 2129 1179 2194 ρ.
1213 2114 1309 2177 luto.
1356 2108 1450 2196 nond

262 2215 485 2305 Thucydidem
527 2217 595 2284 vll.
638 2223 677 2283 tlt
715 2215 874 2283 llucluant
902 2215 1033 2282 (lodices
1069 2215 1155 2280 inter
1187 2213 1386 2296 έγηγερριένιι
1417 2223 1450 2281 el

230 2326 235 2341 ⁸
262 2321 422 2404 ἐπηρμένοι
453 2330 486 2388 el
513 2322 581 2388 vll.
616 2328 658 2389 bb
691 2324 733 2405 τῷ
764 2321 795 2389 δέ
820 2320 949 2403 προτέρῳ
979 2320 1174 2401 ερατεάραατι
1198 2325 1259 2384 τῶν
1286 2320 1451 2395 Ἀθηναίαν

261 2429 301 2501 ἀι
320 2427 355 2493 έκ
372 2432 473 2492 κακῶν
488 2426 570 2508 ριἰραη
590 2450 637 2499 τις
657 2425 898 2506 ἐγεγένητο,
920 2424 1029 2491 malim
1049 2422 1198 2511 equidem
1219 2423 1451 2503 ἐπεγένετο.

261 2531 361 2598 llliror
382 2530 468 2619 apud
499 2531 672 2599 Pindarum
700 2530 791 2619 Pyllr.
816 2530 872 2597 lX.
901 2535 975 2597 119.

376 2633 445 2703 εἷπε
467 2637 493 2703 θ’
517 2641 547 2704 έν
568 2637 694 2717 μέσσοις
717 2634 958 2714 ἀπάγεσθαι
982 2625 1014 2707 ἀς
1037 2632 1077 2699 ἀν
1100 2640 1212 2715 πρῶτος
1237 2636 1323 2716 θορὼν

374 2742 465 2825 ἀραΦθ
485 2744 511 2808 σθ
535 2742 668 2825 ψαύσειε
691 2742 832 2816 πέπλοις.

262 2846 344 2928 Quia
372 2846 556 2926 ἀπάγεσθαι
588 2848 728 2914 alienum
758 2845 902 2922 videtur,
934 2841 1057 2910 arridet
1079 2862 1156 2910 sane
1180 2841 1266 2929 quod
1294 2861 1448 2929 perquam

261 2951 539 3019 accommodatum
559 2960 609 3017 est
626 2949 878 3031 ἀγαγέσθαι.
916 2948 949 3016 Si
969 2948 1009 3015 de
1029 2947 1156 3015 Sabinis
1171 2946 1353 3034 virginibus
1364 2955 1450 3014 esset

261 3074 386 3134 serore,
416 3053 604 3134 ἀπάγεσθαι
636 3055 713 3122 lerri
745 3063 868 3141 possem
899 3053 955 3138 qui
984 3052 1092 3119 ἐθέλων
1122 3051 1283 3119 ἐθέλουσαν
1316 3070 1448 3118 uxorem

261 3159 354 3226 ducit
375 3157 492 3240 ἀγεται
515 3167 663 3240 γυναῖκα.
709 3158 857 3225 Nondum
879 3156 941 3224 luil
959 3157 1158 3224 intellectum
1178 3155 1343 3244 Euripidis
1364 3154 1449 3241 frag·

262 3271 407 3332 mentum
436 3269 536 3342 loltl,
560 3263 646 3351 quod
670 3263 826 3331 Stcbaeus
849 3262 990 3329 servavit
1015 3266 1069 3329 75.
1097 3268 1132 3326 t:

464 3371 543 3445 θεινη
566 3370 623 3448 μὲν
646 3370 728 3445 ἀλιιη
751 3367 898 3447 κνριάτενν
921 3356 1129 3453 θαλασσίανζ,

337 3491 339 3496 ·
464 3474 558 3541 δειναὶ
582 3475 614 3540 δέ
636 3481 784 3553 ποταμῶν
808 3474 860 3539 καὶ
885 3472 976 3555 πνρθο
999 3473 1107 3553 θερμοῦ
1129 3473 1241 3549 πνοαί,

464 3580 557 3647 δεινὸν
579 3580 613 3646 δέ
635 3580 744 3656 πενθα,
768 3578 851 3645 δεινά
874 3579 902 3645 δ’
926 3576 1014 3643 ἀλλα
1037 3578 1154 3659 μνρθα,

464 3687 540 3753 ἀλλ’
563 3683 743 3751 atalanten
767 3684 860 3750 dalaia
881 3686 921 3757 cle
944 3684 1020 3762 γυνη
1044 3682 1154 3759 κακόν,

463 3790 526 3858 εὖθ’
550 3789 589 3857 ἀν
612 3790 730 3870 γένοιτο
753 3786 928 3869 γράραρσα
950 3793 1083 3855 τοιοῦτον
1106 3792 1233 3869 γραφῇ,

463 3895 527 3963 οὐδ’
551 3895 590 3962 ἀν
611 3895 705 3975 λθγος
729 3892 864 3970 θεθξειεν.

259 4005 329 4073 Νοιι
360 4002 536 4088 intelligam
568 4000 630 4066 nisi
656 3999 797 4082 γράμρια
826 4000 857 4065 ln
887 4001 1028 4081 πρᾶγμα
1057 4004 1194 4064 mutato.
1241 3994 1449 4063 Contrarium

260 4110 376 4176 vitium
400 4106 481 4173 mibi
503 4105 690 4172 observasse
710 4102 820 4170 videor
840 4104 874 4168 in
898 4102 1031 4170 buciaoi
1049 4099 1189 4170 Zeuxide
1211 4105 1281 4186 57:
1306 4098 1449 4177 ὃΖεῦξιρ

260 4214 358 4284 συνεὶς
388 4208 433 4279 ὅτι
465 4211 576 4284 αὐτοὺς
600 4211 738 4292 ἀσχολεῖ
758 4211 776 4285 θ
800 4209 938 4284 ὑπθθεσιρ
958 4209 1046 4283 καινη
1060 4202 1146 4274 οὖσα
1169 4206 1221 4273 καὶ
1245 4205 1368 4284 ἀπάγει
1391 4211 1449 4280 τῆς

259 4317 392 4400 τέχνης.
416 4319 455 4388 ὣς
477 4318 507 4382 ε’ν
529 4315 671 4398 παρέργῳ
694 4314 828 4380 τίθεσθαι
849 4316 905 4391 την
931 4315 1092 4396 ἀκρίβειαν
1114 4319 1173 4381 τῶν
1199 4308 1450 4392 πραγμάταν

258 4425 324 4492 κτὲ.
373 4421 476 4504 Quare
500 4421 565 4489 sint
590 4421 667 4487 baec
690 4417 847 4497 absurda,
872 4438 947 4487 narn
971 4420 1111 4507 scriptor
1128 4416 1189 4486 sibi
1215 4435 1348 4505 morsus
1372 4432 1446 4481 oon·
