3200 5066
299 340 365 408 370
796 356 984 405 rarrosrcs.

303 527 379 592 120.
402 546 433 595 a.
457 520 485 593 ei
507 528 550 594 τοὶ
574 535 629 603 τῆς
653 526 772 598 πόλεως
795 524 946 607 τροίττειν
968 524 1172 606 ἐπιχειροῦσιν
1195 520 1240 589 ἔτι
1261 524 1318 598 τὴν
1339 523 1484 604 ἄνδρατο·

301 632 377 708 tuan
402 638 511 722 (Φαῖεν
532 632 572 700 όν
595 634 630 699 αί
654 632 813 721 γυναῖκες)
839 633 935 714 τρίχα
958 628 1084 711 ἔχοντες
1102 631 1133 695 ἒν
1152 639 1191 712 τῇ
1211 634 1304 712 ψυχῇ
1324 629 1377 693 ὑπ’
1397 626 1485 707 οἱμοιν

301 741 372 813 σίας
407 740 460 805 καί
494 737 577 804 οὗτοι
612 735 875 817 ἀποβεβληκότες
910 735 956 801 ἔτι
990 736 1021 801 a
1051 734 1294 817 βαρβαρίζοντες
1322 739 1485 814 ἐληλύθασι

301 844 539 918 κολακεύσοντες
569 843 625 919 την
648 841 738 909 πόλιν
761 840 840 908 ἀλλ’
862 842 915 907 οὒκ
938 839 1091 922 ἄρξοντες.
1136 840 1297 909 Haeccine
1319 864 1339 909 a
1359 843 1486 909 Platone

299 949 440 1035 profecta
468 970 534 1016 esse
563 943 729 1034 putemus!
767 948 793 1012 οί
823 951 875 1012 νῦν
904 946 1132 1026 πολιτευόμενοι
1164 947 1276 1028 σχεδόν
1299 971 1329 1013 τι
1351 945 1485 1022 ἅπαντες

299 1054 483 1122 όταίθευτοί
504 1054 562 1120 είτι
585 1053 638 1119 καί
662 1050 840 1133 anapaesta
861 1052 915 1118 καί
937 1051 1092 1134 βόρβαροι
1109 1052 1163 1119 καί
1183 1053 1327 1126 κόλακες.
1362 1051 1486 1121 Cratino

300 1162 378 1227 haec
408 1165 483 1226 sunt
512 1178 609 1245 quam
635 1157 770 1224 Platone
792 1156 947 1245 digniora
993 1158 1104 1243 Neque
1126 1156 1232 1225 multo
1254 1161 1366 1225 mitior
1389 1160 1487 1225 estin

299 1263 458 1353 singulos,
485 1284 564 1349 quos
585 1261 712 1342 όνομαςί
737 1261 884 1343 κωμῳδεῖ.
919 1260 1043 1331 Omitte
1061 1262 1201 1331 Midian
1217 1263 1269 1329 τόν
1289 1265 1487 1345 όρτυγοκότνν

299 1371 465 1436 hominem
486 1388 625 1453 nequam
648 1388 685 1433 ao
707 1365 820 1445 nihili;
851 1366 906 1431 sed
927 1368 1003 1434 vide
1025 1388 1123 1453 quam
1143 1369 1265 1435 urbane
1294 1369 1430 1435 Periclis
1457 1366 1488 1432 i-

300 1475 361 1542 lios
382 1475 576 1561 perstringat
599 1477 633 1538 et
652 1468 792 1538 Cliniam
813 1469 990 1538 Alcibiadis
1001 1471 1132 1538 fratrem
1143 1478 1223 1539 natu
1239 1477 1401 1539 minorem
1419 1494 1486 1560 pag.

301 1577 376 1644 118.
389 1597 420 1644 n.
444 1578 487 1643 rb
512 1574 694 1658 Περικλέους
717 1573 779 1643 υίίι
801 1575 904 1651 ἠλιθίου
927 1575 1103 1658 ἒνενίεθην,
1128 1583 1160 1643 et
1182 1582 1398 1664 postpauca:
1422 1580 1453 1644 τί
1463 1577 1487 1642 δ’

300 1684 339 1750 όον
363 1682 506 1749 Κλεινίαν
529 1682 635 1762 λόγοις
657 1681 839 1761 μαινόμενον
863 1678 1033 1762 ἄνθρατονς
1057 1683 1304 1768 Aristophanem
1325 1688 1359 1748 te
1380 1683 1487 1748 audire

263 1839 273 1857 .
297 1794 406 1873 putes,
430 1807 493 1853 non
511 1786 681 1852 Platonem
699 1786 752 1852 τόν
772 1785 975 1866 εὐσχήμονα,
998 1786 1051 1852 τὸν
1072 1788 1122 1852 αεὶ
1147 1792 1417 1866 οεμνολονοῦντα,
1436 1789 1488 1873 qui

299 1894 395 1959 dictis
415 1912 557 1980 pungere
579 1895 612 1956 et
635 1911 726 1958 urere
749 1890 927 1976 quemlibet
948 1891 1133 1976 improbum
1154 1868 1327 1957 salsissime
1347 1898 1487 1977 poterat,
1572 1956 1573 1983 ρ

299 1998 354 2064 sed
385 2018 422 2063 ea
451 2000 521 2082 ipsa
552 1996 591 2061 de
614 2014 709 2062 causa
730 1998 875 2061 convicia
896 1994 1118 2061 huiuscemodi
1140 2001 1173 2061 et
1195 1996 1367 2062 maledicta
1390 2000 1487 2063 iacere

298 2123 361 2169 nen
384 2102 515 2168 solebat.
560 2099 657 2166 Hunc
688 2103 797 2186 ipsum
818 2099 927 2165 locum
950 2098 1082 2187 Dialogi
1104 2106 1231 2178 auctor,
1256 2103 1404 2187 quisquis
1425 2106 1486 2178 est,

299 2206 474 2272 aPletone
496 2208 613 2272 sumsit
635 2225 674 2271 ex
695 2206 865 2288 Ρνοίορονο
886 2225 960 2292 pag.
986 2202 1062 2269 319.
1074 2224 1103 2270 sa
1139 2204 1229 2270 Vide
1242 2226 1326 2271 nune
1349 2209 1404 2271 vir
1422 2209 1488 2271 rire

301 2313 379 2398 quid
400 2316 548 2398 praestet.
583 2309 632 2376 De
653 2310 788 2376 Periclis
811 2308 887 2375 filiis
909 2329 1004 2376 verus
1023 2309 1117 2375 Plato
1136 2313 1184 2375 ita
1202 2310 1302 2375 dixit:
1326 2312 1487 2392 περιϊόντες

299 2417 441 2495 νέμονται
471 2413 570 2497 tanes
601 2413 713 2497 ἄφετοι
745 2413 800 2485 όόν
822 2438 882 2480 roo
903 2414 1078 2494 αθτόματοι
1102 2416 1289 2495 τεριτόχινοι
1312 2425 1353 2499 τῇ
1374 2419 1487 2499 iperi.

299 2523 393 2590 Plato
414 2525 617 2608 personatus:
642 2519 744 2596 ἠλιθίω
764 2518 935 2599 ἐγενέσθην.
971 2519 1021 2586 De
1043 2516 1150 2586 Olirria
1171 2520 1265 2587 Plato
1286 2523 1373 2606 ipss:
1399 2530 1490 2587 Κλει·

300 2629 366 2694 νίαν
389 2627 441 2692 τόν
461 2624 666 2705 Ἀλκιβιάδου
688 2624 805 2690 τουτονί
830 2624 968 2706 νεώτερον
991 2623 1130 2707 dirupta
1155 2625 1169 2688 ό
1192 2635 1345 2707 Περικλῆς
1368 2663 1415 2677 -
1437 2648 1490 2691 κα·

300 2732 467 2811 ταθίμενος
490 2731 522 2796 ἐν
543 2729 717 2812 Ἀρίφρονος
741 2728 896 2796 ἐπαίδευε.
920 2729 973 2795 καί
998 2730 1075 2818 (leg.
1100 2730 1152 2795 καί
1176 2723 1222 2819 a)
1247 2731 1315 2812 πρὶν
1336 2728 1372 2809 ἓξ
1391 2739 1491 2809 μῆνας

299 2836 462 2918 γενονέναι
485 2833 624 2901 tritanu
647 2836 744 2915 τούτῳ
775 2835 828 2900 οὐκ
859 2831 940 2916 ἔχειν
963 2831 1009 2901 ότι
1035 2836 1188 2916 χρήσαιτο
1214 2836 1310 2917 αὐτῷ.
1345 2835 1493 2903 Imitatur

301 2949 427 3008 contra:
451 2939 594 3013 Κλεινίας
613 2938 796 3018 μαινόμενος
814 2939 973 3021 θνθροντος.
1006 2939 1110 3009 Viden
1129 2942 1208 3026 quid
1225 2943 1309 3005 inter
1326 2941 1494 3030 hominem

301 3047 460 3113 urbanum
492 3049 525 3111 et
550 3050 724 3112 venustum
746 3050 779 3111 et
802 3044 982 3134 elegantem
1011 3032 1138 3113 intersit
1160 3051 1193 3111 et
1214 3050 1401 3131 protervum
1423 3068 1494 3114 eon·

300 3146 511 3219 violatorem?
544 3146 669 3213 Sumsit
690 3152 837 3217 imitator
859 3157 892 3217 et
914 3151 995 3217 alies
1017 3170 1037 3215 a
1058 3150 1192 3216 Platane
1213 3149 1318 3229 locos,
1342 3173 1406 3237 quo
1424 3155 1495 3239 ipso

303 3256 423 3321 indicio
452 3255 609 3342 arguitur.
655 3252 750 3320 Plato
781 3257 867 3320 enim
898 3276 956 3323 sua
984 3260 1126 3340 repetere
1153 3275 1217 3321 non
1243 3255 1327 3322 solet
1348 3259 1382 3322 in
1404 3264 1497 3324 tanta

302 3381 411 3426 rerum
433 3365 466 3424 et
487 3359 718 3424 sententiarum
740 3364 774 3424 et
792 3362 942 3437 orationis
959 3362 1052 3446 eopia
1070 3365 1103 3425 et
1122 3361 1286 3427 ubertate:
1310 3362 1366 3427 sed
1385 3364 1498 3429 sterile

303 3468 505 3532 imitatorum
535 3464 703 3551 ingenium
734 3462 838 3533 alieno
867 3469 981 3531 ornatu
1008 3470 1174 3551 tamquam
1197 3465 1328 3532 floribus
1349 3467 1499 3535 hertuloe

304 3590 378 3637 suos
400 3568 580 3635 exomebat.
628 3566 728 3648 Quale
751 3569 902 3654 estquod
924 3570 963 3635 de
984 3568 1108 3636 Pericle
1130 3571 1249 3635 dieitur
1269 3591 1344 3658 pag.
1371 3571 1451 3638 118.
1464 3591 1497 3638 n.

302 3683 453 3757 Περικλῆς
484 3673 554 3739 τίνα
584 3673 708 3748 ε’τοίηοε
738 3674 834 3757 σοφόν
856 3675 921 3740 otri
944 3680 1004 3740 τῶν
1029 3674 1113 3741 νόθον
1135 3675 1325 3756 όρξόμενοςς
1358 3683 1500 3764 atquae
1572 3660 1573 3675 ί

303 3783 488 3866 sequuntur.
535 3780 564 3843 A
593 3777 727 3845 Platone
755 3778 832 3844 haec
865 3783 997 3845 suntin
1023 3781 1135 3863 θονριο
1155 3800 1229 3868 pag.
1256 3780 1332 3847 515.
1349 3800 1379 3846 a.
1405 3788 1441 3848 et
1464 3786 1500 3848 in

304 3886 434 3953 Μονοινο
454 3905 529 3972 pag.
553 3881 607 3948 94.
620 3901 650 3949 n.
670 3885 728 3949 ubi
743 3884 854 3950 eadem
873 3884 1037 3971 aliquanto
1055 3885 1173 3952 melius
1190 3885 1392 3971 lepidiusque
1409 3886 1502 3953 dicta

302 3991 437 4058 ridebis.
462 3986 634 4056 Certabant
653 3991 738 4054 inter
760 4009 827 4055 sese
849 3988 1002 4056 Socratici
1019 3993 1055 4055 in
1070 3991 1130 4056 hac
1140 3991 1499 4071 materieelaboranda‚

305 4116 367 4181 quo
395 4100 488 4181 pecte
518 4091 663 4159 amas
691 4091 868 4158 Alcibiadis
897 4094 1083 4160 iuveniliter
1107 4095 1298 4161 exsultantis
1318 4096 1444 4162 netum
1467 4104 1503 4163 et

304 4202 520 4288 arrogantiam
549 4197 737 4264 contuderit.
784 4196 822 4262 Iu
852 4198 912 4262 hae
941 4199 1098 4284 palaestra
1135 4201 1341 4267 Antisthenes
1369 4208 1404 4267 et
1436 4206 1502 4271 Aa

303 4306 427 4370 sehines
457 4310 491 4369 et
519 4303 669 4370 Etrclides
691 4308 724 4368 et
746 4302 876 4369 Pbaedo
904 4323 938 4368 se
969 4311 1187 4373 exercuerunt.
1233 4304 1404 4373 Perierunt
1425 4312 1502 4375 sine

304 4413 442 4497 vestigio
471 4409 593 4493 relique
615 4415 648 4475 et
673 4409 756 4476 nihil
784 4416 909 4496 praeter
930 4432 1045 4478 nemen
1068 4410 1270 4499 dialogorum
1292 4418 1458 4499 superest,
1485 4416 1501 4480 l
