3296 5022
637 386 834 433 contemnam
868 388 984 434 torino.
1323 372 1386 433 431

204 560 364 648 Cogitanti
400 573 513 624 corsos
547 550 617 621 illos
647 551 784 621 Graecos
815 570 879 619 noo
912 553 1019 638 inepta
1055 550 1215 619 ridebitur
1248 551 1389 638 suspicio

205 667 376 753 scripsisse
401 659 625 746 Propertium:

340 787 392 833 me
416 767 505 833 iurat
525 770 557 829 et
581 758 682 827 mollo
705 768 845 825 mentem
871 777 1024 826 mmmm
1047 758 1161 848 Lyaeo.

206 872 314 940 llallm
338 881 446 938 tameo
472 867 603 954 propius
627 862 666 931 ad
690 863 858 930 literarum
883 864 1001 929 ductus
1023 866 1200 948 corrigere:

341 995 393 1042 me
418 976 507 1040 iurat
530 981 571 1037 ct
587 970 689 1037 multo
714 980 853 1036 mentem
877 988 1001 1039 runcino
1025 970 1142 1056 Lyaeo.

207 1089 242 1146 ut
261 1081 377 1168 fulcro
399 1087 432 1145 et
456 1075 620 1164 orffulcire
644 1093 760 1159 corpus
782 1074 868 1138 cibus
887 1072 1045 1138 dicituro
1065 1070 1275 1146 Litoretioll,
1303 1073 1387 1136 11⁴6

206 1191 239 1251 et
261 1183 322 1261 lv,
346 1187 423 1250 sos.
461 1179 618 1246 Similiter
640 1179 714 1244 rino
739 1187 879 1245 mentem
902 1178 1019 1264 fulcire
1042 1177 1161 1263 optime
1180 1177 1280 1242 dicas.

888 1365 927 1434 ll.
955 1365 1037 1433 VAN
1061 1359 1341 1433 llllllWllllllEll.

253 1471 438 1539 Scribebam
466 1491 574 1538 mense
599 1470 723 1535 llartio.

439 1819 648 1875 economus
674 1817 878 1871 nenoooros
904 1799 977 1887 Vll,
1008 1800 1097 1888 168,
1124 1799 1156 1870 3.

255 1997 414 2067 [licuntur
445 1994 615 2082 Corcyraei
641 1992 707 2075 περὶ
730 2001 882 2061 ΠΤΛΟΝ
906 1992 958 2059 καὶ
982 1993 1134 2073 Ταίναρον
1157 1998 1216 2069 γῆς
1239 2000 1294 2065 τῆς
1318 2001 1389 2056 Λα-

209 2101 405 2179 κεδαιμονίαν
434 2099 635 2180 ἀνακωχεύειν
657 2099 717 2168 τας
741 2097 821 2168 νέας.
857 2099 898 2163 At
920 2095 1072 2162 credibile
1096 2115 1157 2161 non
1183 2103 1247 2167 est,
1271 2098 1389 2182 (lorcy-

210 2224 300 2270 raeos
325 2212 414 2269 tanto
437 2200 603 2267 intervallo
622 2220 720 2267 nares
740 2221 816 2267 suas
835 2201 1030 2277 seiunxisse,
1058 2198 1106 2265 rel
1128 2200 1204 2285 qnia
1232 2198 1277 2262 sic
1301 2198 1387 2262 omni

213 2308 319 2395 specie
349 2305 479 2372 carebat
509 2325 619 2371 eornm
648 2313 832 2390 praetentus
855 2303 1085 2372 affirmantium
1111 2324 1145 2371 se
1169 2302 1226 2367 ὑπὸ
1250 2300 1408 2377 ἐτησιέων

211 2411 331 2490 ἀνέμων
363 2409 566 2490 ὑπερβαλέειν
595 2409 728 2483 Μαλέην
757 2411 811 2474 οὐκ
839 2407 914 2481 οἵους
946 2434 981 2474 re
1004 2408 1163 2487 γενέσθαι.
1201 2413 1278 2478 Vide
1312 2419 1330 2500 §
1356 2418 1387 2482 5.

208 2513 288 2584 llam
314 2515 341 2580 si
363 2515 597 2599 pertinacium
619 2512 658 2579 ad
680 2514 859 2579 Taenarum
883 2533 984 2597 usqne
1003 2533 1059 2599 per
1077 2523 1188 2581 ventos
1208 2517 1300 2584 licuit
1322 2539 1389 2605 per·

208 2621 336 2695 venire,
369 2638 428 2684 cnr
452 2619 486 2685 in
512 2617 617 2685 medio
638 2637 737 2684 cursu
762 2617 978 2683 substiterunt
1001 2618 1164 2703 reliquael
1203 2623 1388 2701 Praeterea,

208 2725 236 2791 si
268 2732 358 2790 tanta
387 2732 470 2790 esset
499 2722 919 2789 locorum'memoratorum
940 2720 1111 2797 distantia,
1137 2729 1305 2809 repetitam
1334 2748 1389 2794 er·

208 2836 369 2914 pertaesos
389 2829 655 2913 praepositionem
669 2827 745 2907 περί.
772 2825 850 2891 Erat
870 2833 978 2892 entem
1001 2826 1031 2891 in
1054 2826 1122 2911 ipsa
1137 2827 1290 2899 baoooioa
1304 2831 1389 2897 hand

209 2932 256 2999 ita
280 2930 390 3018 procul
413 2951 431 2996 a
454 2932 598 2997 Taenaro
621 2929 697 2997 orbo
717 2929 830 2996 nobilis
853 2931 1015 2997 maritima
1037 2930 1188 3007 οῐτνλνς,
1213 2944 1390 3002 memorata

214 3036 278 3102 iam
307 3036 349 3102 ab
379 3036 515 3103 Homero
538 3035 574 3101 ΙΙ.
598 3057 631 3112 o,
655 3040 741 3112 485,
764 3054 846 3119 qnae
869 3043 951 3101 teste
975 3034 1130 3103 Strabone
1154 3036 1245 3116 Vlll,
1267 3060 1298 3124 p.
1326 3045 1391 3108 360

214 3141 310 3207 etiam
335 3142 438 3213 Tortor
462 3139 639 3206 dicebatur.
676 3138 755 3205 vide
778 3140 879 3224 igitur
902 3159 942 3207 ne
965 3138 1119 3207 historice
1143 3153 1233 3227 pater
1256 3146 1390 3232 scripse·

212 3245 271 3310 rii:
306 3244 371 3324 cepi
402 3254 555 3311 ΤΤΛΟΝ
579 3244 630 3309 καὶ
654 3244 805 3324 Ταίναρον
827 3252 886 3323 γῆς
908 3252 963 3319 τῆς
987 3246 1236 3325 Λακεδαιμονίαν
1259 3250 1323 3315 xri.

1135 3425 1172 3490 H.
1197 3447 1226 3493 r.
1252 3428 1289 3494 ll.

489 3746 697 3801 scnomnsrn
722 3747 886 3801 rnnroms
911 3720 1125 3805 onnnonrns.

257 3921 433 3989 Scholiasta
461 3920 501 3985 ad
524 3920 665 3989 Platonis
684 3921 792 4006 Remp.
814 3938 885 4007 pag.
901 3926 965 3989 498
977 3945 1006 3989 λ.
1027 3925 1174 4011 scripsit:
1198 3925 1394 4006 Ἡράκλειτος

212 4026 361 4098 Βαθέαναα
392 4025 553 4107 Ἐφέσιος,
587 4035 620 4093 et
651 4028 697 4091 sic
721 4025 841 4090 diserte
865 4026 897 4090 in
923 4019 1119 4095 Parisino'A
1143 4029 1300 4116 scripturn
1323 4053 1394 4098 esse

212 4128 286 4193 ridi.
321 4128 449 4214 Triplex
480 4130 512 4194 in
548 4149 611 4195 uno
646 4129 798 4196 vocabolo
826 4130 977 4196 mendum
999 4142 1060 4201 est.
1095 4135 1130 4199 ln
1156 4145 1393 4204 BnoenNoc
1481 4164 1491 4174 ·

210 4232 290 4299 latei
311 4253 422 4299 rerum
447 4252 561 4300 nomen
584 4242 839 4310 BAOCssNOC‚
860 4235 1055 4316 Ἡράκλειτος
1075 4238 1226 4312 Βλόσωνος
1239 4240 1394 4324 Ἐφέσιος.

1138 4424 1171 4489 C.
1201 4425 1237 4490 G.
1267 4425 1302 4490 C.
