3330 5012
640 386 669 432 ιιι
696 384 896 432 ιιιιιοιιοιιιιι.
1296 364 1361 430 aaa

171 547 291 617 Verum
322 551 431 633 ὁρμεῖν
459 570 521 618 nnn
552 550 713 638 significat
744 552 862 619 moliri.
908 547 1077 632 Quodnam
1101 548 1205 633 igitur
1225 545 1361 615 rerhnm

170 654 371 739 requiritur?
408 655 618 743 §eripuissem
637 656 801 743 equidem:
824 656 878 723 eal
901 660 1007 722 ταῦτα
1031 652 1160 733 palla
1174 657 1234 719 τύν
1256 650 1361 733 μτιζύ-

170 781 225 825 ναν
245 759 558 840 μοχιιύταντος
582 771 614 827 et
635 760 743 828 nullus
760 761 873 828 dubim
889 779 960 827 ease
979 777 1051 826 eam
1069 776 1179 825 reram
1199 753 1360 823 heliodori

170 880 315 929 manum.
360 862 464 931 llimis
496 874 604 932 autern
636 874 686 932 cst
717 865 908 944 ridiculum,
948 862 1032 950 quod
1062 860 1226 929 Charicles
1249 866 1363 927 narrat

171 985 208 1033 se
236 965 463 1035 celeberrimas
492 970 633 1036 medicos
662 971 870 1038 arcessivisse
893 970 1015 1054 iisque,
1041 968 1069 1035 si
1094 964 1263 1035 Charicles
1284 983 1363 1032 con-

172 1070 348 1152 valuisset,
371 1093 407 1139 ss
429 1072 608 1161 pollicitum
632 1095 702 1142 esse
724 1079 780 1153 τύρν
798 1079 969 1157 προσοῦσαν
990 1073 1106 1140 οῦτύαν.
1154 1069 1363 1137 admirabilia

172 1195 209 1243 ea
232 1184 282 1243 est
305 1180 520 1245 amantissimi
545 1181 647 1265 putris
670 1180 847 1248 liberalitas
862 1200 901 1247 ac
921 1186 1087 1266 praeterea
1105 1175 1287 1244 nesciobam
1306 1178 1364 1251 rire

172 1281 279 1349 ούτύαν
299 1281 397 1349 alicui
419 1292 591 1365 προτοῖναιι
613 1304 695 1371 quae
719 1288 806 1352 enim
832 1285 925 1351 nohis
947 1283 1092 1365 πρύοεςι,
1117 1283 1157 1348 iis
1180 1280 1267 1348 hand
1290 1277 1364 1347 illus

173 1384 287 1453 henter
309 1406 513 1464 careremus,
538 1389 566 1455 ei
591 1408 644 1456 res
667 1392 770 1455 nostri
793 1388 921 1455 arhitrii
950 1387 1045 1456 iuret.
1093 1386 1155 1453 Sed
1179 1383 1365 1453 considere·

174 1508 250 1557 atus
273 1492 342 1578 ipsa
366 1492 487 1559 Graeca
511 1491 624 1560 verba:
649 1495 786 1575 ούμοιβύρν
806 1495 861 1569 τὴν
885 1497 1104 1573 προσοῦσαν
1126 1492 1269 1560 adrias
1295 1490 1364 1556 ῦπι·

174 1595 363 1678 τχούμενος,
386 1595 416 1662 ri
436 1621 467 1663 rr
484 1596 620 1664 δύναιντο
639 1600 813 1680 ἐπικουρεῖν.
849 1596 1014 1678 Quomodo
1034 1595 1256 1664 rescindemus
1275 1592 1364 1665 titan

175 1701 322 1769 insanam
347 1700 594 1769 liberalitatem?
631 1703 699 1788 Ego
721 1702 852 1789 quidem
877 1722 938 1767 non
958 1700 1088 1769 difficile
1110 1700 1274 1785 negotium
1294 1717 1366 1765 esse

175 1805 330 1871 dixerim:
361 1805 525 1872 Charicles
557 1807 717 1893 pollicitus
746 1816 792 1874 ost
826 1807 963 1886 ούμοιβὶρν
989 1809 1045 1883 τὴν
1077 1805 1366 1887 προσήκουσαν.

177 1909 244 1977 lloc
266 1910 397 1977 demum
420 1918 469 1976 est
489 1910 636 1997 diligenti
662 1911 892 1997 patrefamilias
914 1911 1063 1998 dignum.

222 2015 258 2081 P.
279 2019 345 2085 288
374 2014 502 2082 litterae
531 2015 733 2092 referuntur,
764 2037 846 2102 quas
876 2016 1069 2103 Aethiopum
1093 2017 1206 2101 regina
1230 2012 1366 2081 Porsina

176 2119 340 2205 regalibus
370 2120 557 2207 crepundiis
585 2120 769 2201 addiderat,
804 2142 906 2209 quum
947 2120 1147 2189 Chariclaem
1179 2127 1365 2205 exponeret.

177 2223 263 2291 Haec
288 2224 348 2291 tihi
378 2233 495 2304 erunt,
527 2228 701 2313 scripserat
732 2228 843 2313 regina
868 2248 914 2293 vs.
940 2221 1365 2305 saepememoratus,

178 2327 399 2411 γνωρίσματα,
422 2332 448 2396 ri
473 2332 499 2397 δ’
520 2329 594 2412 ὅπερ
617 2334 680 2399 καὶ
704 2334 796 2408 darie
820 2333 908 2398 λύύοι
927 2333 982 2406 νῦν
997 2332 1092 2410 dasle,
1115 2329 1292 2406 ἐπιτύμβια
1310 2326 1368 2393 atsi

177 2434 291 2516 μητρὸς
326 2436 485 2513 irruimus
519 2437 648 2518 δακρύοι.
696 2435 803 2503 Facile
835 2444 885 2502 osi
919 2454 977 2521 pro
1011 2433 1075 2502 καὶ
1107 2450 1260 2519 reponere
1294 2428 1367 2497 risle

178 2536 288 2624 Neque
311 2540 422 2605 minus
445 2539 538 2607 lacilc
563 2544 626 2607 tria
650 2541 727 2607 vitia
751 2539 896 2607 eiusdem
919 2540 1049 2625 generis
1070 2546 1292 2625 agnoscuntur
1315 2554 1369 2603 se·

179 2644 289 2728 quenti
314 2646 431 2729 pagina
462 2650 539 2712 asa.
586 2645 752 2712 lllobiliter
780 2647 931 2730 queritur
953 2642 1118 2709 (lhariclea
1141 2662 1189 2708 rs.
1214 2646 1257 2707 36
1280 2638 1370 2725 quod

179 2747 309 2813 laeserit
330 2749 383 2814 aral
402 2750 514 2832 μέχρις
536 2755 630 2825 ἀκοῆς
653 2752 688 2816 τύ
706 2749 870 2830 παρθενίας
888 2747 985 2826 ὄνομα
1006 2746 1253 2825 σεμνότατον.
1293 2744 1369 2812 Plus

179 2853 241 2919 orit
265 2854 298 2918 ln
323 2856 457 2939 positivo
480 2856 631 2934 οεμνύν.
682 2854 798 2920 &iutra
824 2852 978 2936 πάσχεις,
1001 2850 1152 2918 Calaslrls
1175 2847 1371 2937 responden

180 2958 339 3038 ὶρνύριῦτα
357 2959 463 3038 λέγειν
481 2957 504 3027 da
525 2960 648 3040 γυναιξὶ
668 2960 812 3040 κρύπτειν
831 2957 1137 3038 εύπρεπύπορον.
1162 2955 1223 3022 tlte
1242 2973 1373 3041 quoquo

180 3080 245 3127 non
268 3064 349 3128 satis
371 3062 452 3130 dicit
484 3066 541 3149 qui
569 3064 822 3151 comparativum
852 3070 1005 3149 usurpat:
1037 3081 1118 3147 opos
1151 3070 1201 3128 est
1233 3059 1371 3146 positivo

182 3168 384 3249 εὐπρεπές.
421 3169 505 3235 Τιιιιι
529 3170 678 3236 sacerdos
701 3176 733 3234 et
757 3167 818 3234 alia
842 3167 934 3234 docet
958 3175 990 3234 et
1012 3165 1110 3233 illud:
1136 3168 1171 3233 τὸ
1198 3166 1257 3246 μὲν
1278 3165 1370 3231 airri-

181 3295 272 3354 ρατον
298 3272 440 3352 γενέσθαι
472 3276 528 3349 τὴν
548 3277 648 3357 ripariae
676 3273 782 3359 ἔρωτος
803 3274 966 3354 εὔδαιμον,
987 3273 1022 3338 τύ
1042 3272 1069 3337 δ’
1092 3271 1211 3339 dedara
1234 3270 1308 3352 πρύο
1330 3269 1367 3337 τὸ

181 3382 300 3460 σῶφρον
331 3379 366 3444 τύ
404 3378 555 3457 βούλημα
590 3389 781 3461 περιποιῆσαι
816 3381 1060 3462 σοφώτατον.
1109 3377 1182 3463 lpsa
1213 3374 1373 3462 oppositio

183 3480 389 3548 commendat
416 3483 544 3566 τοφύν.
592 3484 692 3571 Saepe
719 3484 844 3551 librarii
874 3493 908 3551 ct
932 3484 1046 3551 Graeci
1071 3491 1103 3548 et
1127 3481 1262 3547 Romani
1286 3480 1374 3566 posi-

183 3586 268 3651 tivos
291 3586 324 3650 in
348 3586 561 3673 superlativas
581 3597 761 3655 mutarunt.
801 3588 894 3674 dpud
914 3589 1152 3654 Aristaenetum
1172 3606 1203 3672 p.
1219 3591 1261 3651 25
1281 3589 1373 3651 τοῦτο

184 3690 250 3772 γὰρ
271 3690 308 3759 τύ
330 3692 465 3771 μούύνρμα
495 3696 569 3774 παρ’
599 3694 728 3761 ύνπινοῦν
751 3699 896 3773 ποιοῦμαι
922 3693 1152 3764 δεινότατος
1175 3685 1265 3757 εἶναι.
1311 3687 1373 3755 lae·

184 3793 327 3879 gendum
349 3804 398 3862 cst
422 3798 562 3864 δεινύα·
588 3818 665 3864 care
689 3819 729 3865 ne
749 3796 970 3875 contradicas,
994 3815 1070 3863 nam
1089 3795 1272 3862 rectissime
1290 3793 1375 3879 posi·

187 3899 273 3966 tirus
296 3899 416 3985 legitur
446 3902 530 3988 apud
565 3902 728 3968 Platonem
760 3905 794 3968 in
827 3902 953 3987 Thrage
983 3920 1015 3986 p.
1039 3900 1137 3977 ιύθύ,
1162 3898 1217 3965 uhi
1240 3916 1374 3983 prorsus

185 4002 298 4070 eadem
323 4005 420 4071 verba
437 4004 591 4092 leguntur
599 4027 607 4080 ;
632 4005 690 4072 hoc
715 4014 841 4072 tanturn
865 4008 1009 4091 impenso
1029 4006 1130 4070 miror
1150 4013 1287 4089 utroque
1304 4000 1375 4069 loco

186 4112 334 4187 ποιοῦμαι
357 4109 419 4195 legi
439 4130 498 4197 pro
520 4116 817 4192 προσποιοῦμαι.
854 4109 947 4196 Apud
967 4109 1100 4176 Dionem
1120 4107 1265 4174 Cassium
1279 4105 1373 4173 XLV.

189 4218 230 4280 45
253 4214 339 4295 λύγῳ
360 4215 418 4294 μὲν
445 4217 758 4299 εύπρεπύςατον,
780 4218 822 4297 τῷ
845 4217 873 4282 δ’
896 4212 972 4296 ἔργῳ
1002 4214 1054 4279 καὶ
1078 4213 1206 4296 αἰσχρὸν
1230 4212 1283 4280 καὶ
1307 4213 1374 4279 darre

188 4319 318 4387 κίνδυνον
340 4329 379 4401 τῇ
400 4319 488 4387 πόλει
508 4326 646 4402 πρᾶγμα
665 4330 758 4387 ποιεῖ·
782 4320 851 4406 lego
872 4318 1072 4400 εὐπρεπές.
1121 4317 1212 4405 Apud
1234 4317 1375 4387 eundem

189 4424 253 4492 xh.
282 4431 321 4493 lli
346 4435 524 4505 πολεμῆσαι
550 4428 581 4493 δέ
611 4450 688 4493 τιοιν
720 4427 839 4495 cirrosi
864 4426 918 4493 καὶ
942 4425 1066 4506 διαρκοῦς
1092 4428 1124 4491 οῦ
1148 4422 1293 4491 δύνανται
1319 4423 1371 4490 καὶ
