3244 5012
483 343 526 391 AD
549 341 779 393 sarnososms
800 341 996 391 flunmen.

195 510 306 599 Epigr.
332 511 386 578 58.

285 616 323 682 El
347 617 400 682 ael
424 618 596 696 άμεοδνὶτονν
620 618 932 697 praeoperatrices
955 612 1118 693 άνάσσενς,

331 721 520 805 Βερσεφάνκ,
542 728 652 805 ψυχὴν
673 721 802 805 δέχνυσο
827 720 1017 803 Δημοκρίτου

288 827 436 903 εὐμενέως
458 830 636 909 rosiacen,
660 831 726 897 ἐπεὶ
751 830 804 897 κον)
827 837 890 895 σεῖο
913 830 1063 894 τεκοῦσαν

328 932 563 1013 άχννμὲννν
585 934 635 1001 ἐπὶ
659 935 703 1002 σο]
727 940 835 1015 μοῦνος
858 934 1025 1014 ἔκαμψε
1050 929 1202 1011 place.

152 1035 249 1102 Dolor
271 1041 305 1102 et
322 1038 403 1101 mota
424 1039 577 1107 mortales
597 1040 794 1121 κάμπτουσι,
817 1060 880 1106 non
901 1039 996 1115 νάενε,
1013 1041 1052 1104 ut
1069 1037 1189 1124 opinor.
1212 1033 1337 1102 Possis:

287 1140 465 1223 άχννμένκν
488 1143 540 1210 ἐπὶ
560 1145 606 1212 σοὶ
629 1151 737 1227 μοῦνοο
759 1144 926 1227 {inape
949 1141 1051 1223 γέλως

153 1244 209 1311 sed
231 1245 362 1313 fortasse
383 1253 539 1333 praestat:
1149 1322 1153 1329 .

288 1351 465 1431 άχννμένην
489 1351 540 1418 ἐπὶ
563 1354 609 1419 σοὶ
631 1358 738 1433 μοῦνος
762 1353 926 1434 ἔλαμψε
949 1351 1070 1433 μέλεος.

153 1454 294 1544 eleganti
327 1456 528 1543 metaphora,
564 1478 627 1544 qua
658 1460 860 1526 intransitive
893 1477 1019 1544 qnoque
1051 1454 1190 1534 λάμπειν
1224 1454 1343 1521 dicitur

152 1559 365 1647 gaudentium
394 1560 516 1629 vultus.
558 1560 607 1629 ef.
638 1564 736 1630 Ariet.
766 1564 825 1648 Eq.
858 1563 934 1628 550.
959 1560 1109 1640 Λάμπενν
1132 1566 1165 1626 et
1185 1559 1344 1636 κάμπτειν

153 1664 232 1731 alibi
255 1664 383 1732 confusa
405 1687 473 1733 esse
497 1673 634 1746 constat,
657 1667 749 1735 velut
771 1689 821 1755 ep.
845 1668 1029 1735 Euammms
1050 1668 1085 1731 in
1107 1666 1182 1731 Ιοννο
1203 1663 1263 1744 83,
1286 1664 1343 1731 ubi

152 1790 209 1856 pro
232 1770 355 1850 λάμπεν
379 1773 555 1838 mctissime
578 1773 784 1840 emendatum
805 1777 854 1838 est
875 1771 1027 1852 κάμπτει.

197 1874 308 1962 Epigr.
334 1873 392 1954 79,
417 1874 439 1941 ὅ
462 1897 528 1961 sqq.

153 1989 195 2045 A.
221 1982 275 2046 οὐκ
296 1981 355 2046 άπ’
379 1982 475 2060 ipsi:
499 1993 533 2047 Β.
556 1983 601 2061 μὶν
623 1980 750 2063 τροχός.
775 1992 817 2047 A.
844 1981 910 2047 ἐπεὶ
934 1979 1027 2064 τάχοο
1047 1980 1100 2045 κον)
1125 1978 1166 2046 ον’
1187 2003 1217 2046 τι
1241 1976 1342 2061 πεύσῃ

256 2084 441 2169 τρνχάτερον
463 2086 598 2168 τάτροος.
622 2097 655 2152 Β.
679 2094 798 2168 χοοῒοε
821 2085 866 2152 σὺ
890 2087 917 2153 δ’
940 2086 975 2163 ἐξ
999 2085 1145 2168 Ἐφέσου.
1368 2130 1373 2139 ·

199 2190 278 2257 Pars
306 2196 355 2259 est
376 2191 544 2278 colloquii,
567 2191 651 2278 quod
674 2193 899 2277 arcanoque
921 2210 997 2257 cnm
1018 2189 1184 2257 Heraclito
1205 2189 1343 2276 Ephesio

155 2295 305 2363 habitum
327 2318 394 2363 csse
415 2295 566 2386 fingitur,
589 2299 681 2364 ouius
699 2299 994 2383 interpretationem
1016 2297 1091 2363 vide
1109 2295 1195 2382 apud
1215 2295 1344 2363 Diibne·

156 2420 240 2466 ram
283 2400 408 2468 Ultima
434 2403 532 2470 verba
557 2423 652 2469 sensu
674 2422 762 2469 cassa
783 2406 875 2468 sunt:
900 2421 976 2468 nam
998 2400 1082 2487 quod
1103 2404 1252 2468 vomunt:
1275 2399 1343 2465 vals

155 2526 224 2570 οονο
246 2511 281 2569 tu
303 2506 430 2572 ονάοννάε
450 2507 564 2592 Epheso
585 2527 643 2573 nec
665 2509 712 2573 sie
734 2505 854 2574 Graece
876 2507 941 2573 dici
962 2511 1067 2592 potest
1084 2527 1160 2584 nec,
1180 2507 1345 2590 siposset,

155 2629 219 2676 non
240 2609 322 2676 foret
343 2613 541 2696 ineptissime
561 2611 695 2677 dictum.
718 2608 756 2677 Si
776 2615 835 2678 uni
856 2612 934 2678 haec
954 2610 1052 2679 verba
1062 2608 1249 2688 tribuenda,
1270 2629 1343 2675 oon·

155 2716 301 2781 iecerim:

562 2826 685 2901 χοκῖοε
710 2818 756 2883 σὺ
779 2817 1004 2901 δνξέφεσε.

156 2926 179 2990 i.
203 2944 230 2991 e.
254 2926 322 2989 οοίο
344 2930 378 2989 to
400 2923 511 3009 spheri
532 2946 659 3003 νκονεον,
683 2925 705 2990 i.
729 2944 756 2989 a.
780 2926 837 3010 qui
859 2923 1047 2990 mordicitus
1066 2925 1138 2988 tuos
1158 2922 1244 2990 cives
1263 2920 1345 2988 soles

157 3031 321 3116 corripere.
357 3028 557 3096 Vocabulum
583 3030 759 3097 formatum
782 3028 823 3094 nd
845 3026 1027 3115 analogiam
1047 3025 1197 3095 vocabuli
1217 3025 1346 3106 δηξίθυ-

156 3159 225 3215 μος.
268 3134 318 3201 Ita
352 3133 449 3202 Solon
478 3135 685 3202 Athenienses
713 3136 843 3201 vocavit
872 3130 1239 3214 σάλοκμννοοφέτοοο.
1282 3128 1346 3197 Sed

157 3237 226 3306 fieri
248 3245 368 3326 potest,
393 3246 432 3307 ut
449 3224 531 3308 haec
548 3241 646 3307 verba
663 3239 942 3306 interlocutoribus
958 3239 1007 3305 ita
1024 3237 1244 3305 distribuenda
1261 3236 1346 3312 sint,

155 3350 195 3410 ut
215 3345 390 3412 scribatur:

633 3462 666 3516 B.
690 3457 795 3531 χοῖρε.
816 3457 863 3515 A..
880 3449 919 3514 σὺ
942 3448 969 3513 δ’
994 3445 1028 3528 ἐξ
1053 3445 1209 3529 Ἔφάσον.

158 3553 226 3619 scih
256 3551 388 3634 ἄπερρε,
415 3555 628 3638 senpectas.
652 3557 770 3620 omisso
792 3553 888 3621 verbo
909 3558 949 3618 nt
969 3573 1065 3620 umen
1086 3570 1270 3640 praegresso
1292 3552 1347 3617 οὐκ

157 3657 218 3725 ἄπ’
249 3658 341 3736 epea
371 3659 463 3725 dixit.
503 3659 598 3725 Illam
629 3664 737 3725 tamen
765 3660 922 3725 rationem
951 3661 990 3724 ut
1011 3657 1199 3743 lepidiorem
1220 3659 1347 3743 praetu-

157 3761 263 3830 ierim

203 3866 315 3955 Epigr.
339 3865 394 3933 99.
440 3866 512 3934 Hoc
535 3888 659 3954 quoque
671 3888 807 3951 ⁴carmen
828 3869 986 3933 mentitur
1003 3866 1149 3935 Platonis
1166 3866 1348 3954 philosophi

157 3993 284 4040 nomen.
319 3971 471 4058 Quisquis
493 3975 621 4057 panxit,
644 3992 707 4037 non
729 3973 873 4057 scripsit:

295 4078 340 4142 col
365 4077 414 4154 te,
439 4076 536 4155 Alos,
561 4073 681 4158 ρ’έξοκντν
704 4083 807 4142 καλῶν
829 4076 970 4144 ἕτννάκνον
995 4076 1090 4161 ἔργον

341 4181 485 4260 δαίμονες
513 4191 689 4248 espeiac
715 4182 846 4256 ἐλτίδονς
870 4181 1014 4265 εἚέχεονν.

203 4288 289 4354 Nam
318 4289 419 4369 εὐρεῖά
452 4288 541 4361 ἐλπίς
572 4308 628 4373 pro
661 4285 790 4368 μεγάλη
815 4289 903 4362 iatri:
927 4286 1086 4358 Graecum
1107 4293 1249 4355 nonest.
1285 4287 1348 4356 Sed

158 4393 270 4479 procul
292 4394 390 4460 dubio
417 4413 530 4459 verum
554 4396 617 4457 eet:
