3388 5010
630 368 823 419 carcornutus
846 371 883 419 ιτ
905 373 1033 421 carroco.
1231 339 1238 350 ⁴
1363 353 1429 417 sto

239 543 314 608 688.
346 537 528 618 dionisam
558 538 616 618 μὲν
644 539 707 605 rial
738 551 794 617 τῆς
826 540 1004 621 ουγκλνὶτου
1028 541 1165 620 βουλῆς,
1191 537 1374 616 dionisam
1397 536 1430 603 bl

237 653 296 715 τῶν
327 645 460 730 δημοσίου
489 643 678 711 ἱππευόντων
707 648 733 712 ol
763 648 807 714 τοὶ
838 647 993 723 Ἑλλήνων
1022 645 1262 728 σπουδάζοντες,
1296 644 1329 710 id
1361 654 1431 711 est:

241 751 437 838 ‚surgebam
460 750 641 828 Senatores,
665 752 818 838 surgebat
843 762 994 840 equester
1017 752 1129 819 ortos
1177 749 1239 818 Sed
1266 751 1363 838 periit
1383 769 1433 816 ar·

240 858 361 927 ticulcs
385 876 517 945 prorsus
541 859 757 926 necessarius:
782 858 962 937 ἐξωνιςοντο
986 860 1044 940 μὲν
1068 869 1113 926 01
1135 858 1199 927 trel
1218 867 1274 935 τῆς
1294 858 1431 938 noyent-

239 965 442 1046 rontinentia.

290 1174 515 1245 Athenodorus
535 1195 566 1262 p.
581 1179 647 1243 cte
670 1175 705 1243 τὸ
726 1177 783 1257 μὲν
804 1179 835 1253 ἐς
857 1177 987 1260 resinat
1007 1175 1435 1262 ἥκονὲνιιφοονέςωτοςῆνοῶν

243 1286 327 1353 κοντοὶ
350 1284 405 1360 τὴν
428 1279 529 1349 Αἶνον.
562 1280 673 1350 Scribe
694 1285 725 1356 ἔς
745 1284 920 1366 neripnc,
945 1304 1018 1350 nam
1041 1285 1089 1350 sio
1111 1283 1276 1370 sequiores
1291 1291 1436 1369 parentes

244 1389 404 1480 appellare
416 1387 538 1465 solent,
563 1397 600 1454 ut
612 1408 684 1475 pag.
698 1393 774 1455 snt.
795 1389 848 1456 stt·
860 1393 899 1463 ὥς
912 1388 980 1457 ἔνιοί
991 1395 1073 1473 oeci
1085 1414 1140 1456 που
1150 1389 1192 1456 τέ
1200 1414 1216 1472 p
1225 1414 1246 1456 ω
1256 1414 1271 1455 ν
1283 1389 1436 1472 ἐπιφωνε-

243 1497 345 1570 ςοίτων
369 1493 510 1574 ἐγένετο,
534 1492 587 1561 εἴθ’
610 1492 648 1569 ὥς
672 1519 751 1569 τινες
770 1495 847 1562 αὐτὸ
871 1500 959 1562 τοῦτο
983 1496 1161 1579 ἐλευθέρων,
1185 1505 1218 1562 el
1237 1493 1314 1561 alibi
1330 1513 1434 1581 saepe.

289 1707 334 1776 lla
365 1715 548 1775 mercatura
575 1704 732 1773 librorum
765 1707 914 1775 notabilis
937 1706 1028 1775 locus
1050 1715 1100 1775 est
1125 1728 1155 1795 p.
1181 1704 1436 1793 nosternon

243 1813 450 1881 Naucratitae
484 1811 638 1902 Athenas)
674 1814 788 1896 roone
823 1817 881 1881 ἀπ’
916 1814 1082 1894 Αἰγύπτου
1112 1813 1285 1893 λιβανωτὸς
1317 1810 1436 1895 ἐλὲφως

244 1919 335 2005 μύρον
366 1919 482 1999 βίβλος
512 1929 654 1986 ΒΙΒΑΙΑ
689 1919 741 1986 nol
772 1924 864 1987 πᾶσοι
899 1923 917 1997 ἡ
948 1918 1052 1987 sordis
1082 1918 1195 2001 οὶγοροὶ.
1241 1918 1369 1985 llireris
1398 1936 1437 1984 ex

245 2029 390 2116 Aegypto
419 2024 518 2092 libros
544 2026 642 2092 etiam
677 2024 821 2092 Athenas
852 2025 980 2105 venire,
1012 2025 1069 2093 sed
1099 2023 1253 2111 languida
1285 2033 1317 2092 et
1350 2024 1438 2090 iners

245 2133 352 2200 bttica
388 2151 428 2199 no
462 2130 522 2197 boe
556 2129 686 2218 quidem
723 2133 915 2200 retinuerat.
963 2131 1054 2199 Libri
1088 2130 1215 2199 venales
1252 2131 1374 2199 Romae
1405 2138 1438 2196 et

246 2238 458 2307 Alexandriae
481 2236 765 2317 describebantur,
788 2258 850 2304 non
873 2237 1017 2305 Athenis.
1050 2237 1152 2305 Notus
1171 2245 1220 2305 est
1239 2237 1329 2303 locus
1350 2235 1438 2303 Stra·

247 2345 338 2413 bonis
362 2344 447 2412 Xlll.
472 2364 505 2432 p.
532 2347 611 2411 609.
638 2342 691 2410 ubi
717 2343 1000 2431 reprehenduntur
1022 2343 1335 2424 prosternentem
1359 2365 1438 2426 γρο·

245 2455 341 2537 φεῦοι
361 2451 495 2535 φούλοις
514 2452 665 2532 χρώμενοι
685 2452 737 2517 nal
763 2461 848 2518 ont(
872 2460 1268 2527 ANTIBAAAONTEC.
1292 2447 1364 2530 irrep
1385 2449 1437 2515 nal

246 2559 298 2626 tet
322 2564 381 2626 τῶν
403 2557 509 2624 ἄλλων
529 2556 697 2637 συμβοοίνοι
722 2564 780 2625 τῶν
805 2567 871 2625 elC
893 2566 1052 2625 HPACIN
1076 2555 1281 2642 γραφομένων
1304 2555 1439 2636 βιβλίων

247 2664 300 2732 nal
324 2663 430 2732 tettae
455 2663 600 2753 (Romae)
625 2663 678 2730 κονὶ
701 2665 733 2730 ἕν
755 2661 985 2749 Ἀλεξανδρείᾳ.

294 2873 481 2945 lluodiancs
512 2873 662 2963 Sopbista
694 2895 794 2964 quum
826 2875 948 2942 Romae
981 2872 1081 2940 lilium
1110 2873 1276 2941 amisisset
1299 2872 1440 2939 animam

249 3001 347 3068 agens
371 2979 522 3049 audiebat
545 2983 666 3048 arnicas
690 2980 905 3049 deliberantes
932 2981 1091 3047 Romaene
1116 2977 1289 3066 sepelirent
1309 2999 1350 3046 on
1373 2998 1442 3075 arp-

250 3089 347 3155 matis
377 3086 543 3154 conditum
579 3107 697 3175 eorpus
731 3087 904 3177 Smyrnam
930 3088 964 3152 iu
990 3087 1127 3173 patriam
1153 3085 1360 3154 referendum
1385 3106 1443 3153 cu·

250 3201 371 3261 rarent.
417 3192 621 3261 Exclamavit
653 3194 770 3280 igitur:
805 3195 838 3261 ob
866 3195 1050 3261 κοοολείπω
1082 3192 1134 3259 τὸν
1159 3195 1220 3260 υἱὸν
1243 3193 1345 3274 μόνον.
1371 3212 1443 3280 pag.

250 3304 326 3368 tet.
350 3297 406 3366 ὦδε
428 3300 486 3380 μὲν
508 3300 545 3378 bb
570 3305 693 3384 ΟΟφῶς
716 3299 876 3385 ἐπέσκηψε
895 3301 931 3368 τὸ
954 3301 997 3384 τῷ
1018 3301 1106 3368 anabi
1130 3308 1340 3386 συντοφῆνοοι.
1373 3299 1444 3367 lmo

249 3425 324 3473 aero
349 3406 487 3489 ελφῶς,
514 3413 550 3474 ut
573 3406 696 3494 opinor.

297 3618 601 3687 commemorantur
624 3638 655 3706 p.
682 3623 761 3687 606.
784 3620 816 3685 ἕν
835 3626 899 3694 τοῖς
923 3617 975 3685 ἐπὶ
1000 3616 1145 3701 tentare
1169 3618 1223 3685 κωὶ
1243 3626 1324 3695 νῆσοι
1345 3640 1443 3699 xeno·

250 3726 368 3803 nolanos
391 3725 443 3793 eet
467 3726 596 3805 λιμένων
619 3726 819 3809 ΠΡΟχῶοεις
842 3725 1033 3806 βεβουοῦοοω
1056 3724 1128 3797 τοὺς
1150 3719 1257 3804 ὅρμους
1282 3721 1444 3804 κοιτονιρού·

250 3856 321 3907 οοως
350 3857 386 3900 οε
417 3833 470 3900 nel
501 3834 663 3917 οὶφιεὶοοοις
691 3831 839 3905 ὁλκάσιν.
872 3829 929 3896 sed
959 3840 1043 3898 ΠΡΟ
1075 3836 1106 3895 et
1138 3838 1250 3896 neoc
1281 3826 1445 3896 tralaticio

250 3958 361 4007 errore
390 3938 542 4006 confusae
574 3945 650 4005 sunt
681 3946 713 4004 et
736 3939 965 4017 ΠΡΟΣχώοειο
990 3932 1228 4023 reponendum,
1261 3944 1445 4021 quaesunt

250 4067 402 4133 opponam
426 4046 608 4113 abiectiones
631 4044 767 4112 navibus
791 4043 949 4111 onerariis
972 4050 1005 4108 et
1028 4037 1262 4128 appellentibus
1285 4050 1318 4107 et
1341 4041 1444 4109 altum

250 4151 435 4241 petentibus
456 4159 562 4220 tutam
587 4161 619 4219 et
641 4171 790 4219 securam
815 4148 988 4216 stationem
1015 4146 1216 4235 praebentes.

297 4367 373 4453 Peg.
398 4369 475 4433 607.
508 4366 678 4453 Antipater
705 4361 854 4451 Sophiste
878 4362 909 4437 ta
933 4362 1047 4443 isariae
1072 4369 1213 4430 eAABe
1236 4362 1280 4429 τοὶ
1305 4363 1446 4447 Σεβνὶςου

250 4476 306 4539 τοῦ
335 4474 492 4553 βοοιλέως
524 4471 613 4553 ἔργον.
661 4471 880 4559 'transpositis
912 4468 1038 4537 duabus
1069 4465 1210 4536 literulis
1237 4469 1444 4540 scribendum
