3242 5014
671 354 841 403 11111111.
1283 337 1347 407 175

166 524 320 609 disposita
343 525 577 610 acciperentur:
601 525 711 607 ἀνδρῶν
732 525 764 591 ll
787 524 886 605 τρίτος
909 522 1091 607 Εὔφορβος,
1115 526 1152 590 οὺ
1177 526 1209 592 δέ
1231 529 1266 604 μ’
1291 526 1356 604 ife-

168 614 308 710 ναρίζιις.
340 629 424 713 quod
456 631 511 713 qui
542 642 734 716 concoquere
756 631 874 717 poterit
895 646 1071 714 numquam
1092 633 1123 696 ei
1146 636 1213 697 arte
1238 628 1357 698 Oritica

167 738 224 798 sut
247 736 376 799 omnino
399 733 518 798 iudicio
541 736 575 798 in
598 736 667 801 vita
688 734 750 800 erit
772 752 860 820 opus.

213 835 383 904 Caeterum
413 835 568 904 mirificae
598 839 659 905 hae
691 843 724 905 et
744 844 943 926 portentosae
965 839 1135 905 verborum
1158 844 1358 908 traiectiones

167 948 292 1027 praeter
313 947 462 1009 naturam
484 943 575 1011 fictae
597 946 747 1012 revocant
769 943 852 1008 mihi
874 945 909 1008 in
926 946 1116 1009 memoriam
1134 944 1274 1029 lepidam
1293 947 1358 1010 his

167 1045 317 1112 toriolam
346 1048 432 1133 apud
460 1051 662 1116 Athenaeum
693 1068 767 1136 pag.
792 1044 869 1113 493.
892 1067 921 1113 1.
945 1048 1002 1113 ubi
1024 1047 1227 1114 Ptolemaeus
1250 1049 1358 1116 Phila·

167 1150 301 1237 delphus
330 1152 472 1218 similem
503 1155 674 1220 verborum
704 1155 924 1219 traiectionem
947 1172 967 1218 a
992 1151 1117 1218 Sosibio
1146 1157 1358 1240 grammatico

168 1258 382 1344 excogitatam
403 1256 577 1324 salsissime
597 1256 789 1324 ludificatur.

211 1360 338 1427 Multae
368 1358 561 1428 (triticorum
590 1362 750 1438 ἀθετήσεις
779 1378 843 1426 non
874 1361 1003 1427 aliunde
1034 1380 1131 1447 qnam
1161 1363 1235 1428 hinc
1265 1368 1359 1430 natae

168 1473 252 1530 sunt.
287 1466 465 1532 11111111
485 1467 669 1552 aequalium
689 1488 800 1544 sensu,
824 1466 961 1543 indicio,
982 1469 1129 1553 opinions
1148 1469 1359 1535 aestimabant

168 1573 368 1655 antiquitatis
397 1590 526 1637 sensum
558 1592 595 1637 sc
622 1577 775 1637 mentem.
822 1571 860 1636 11
891 1571 982 1637 Iliad.
1014 1581 1046 1640 Ξ.
1072 1568 1148 1638 317.
1177 1574 1357 1638 &cerciores

168 1675 252 1755 sixti
275 1673 401 1752 ἔνδικοι,
426 1672 474 1741 ὅτι
493 1679 696 1743 ”Arsinoe
722 1678 739 1752 sl
762 1676 971 1755 οὶτιιρίθροιρσις
995 1683 1054 1742 τῶν
1076 1677 1240 1755 ὀνομάτων.
1265 1678 1318 1743 sal
1343 1680 1358 1744 ὅ

168 1778 366 1858 ἐπειγόμενος
395 1783 637 1860 συριιοιςοιιθιῖναι
669 1789 850 1860 resosonat.
895 1779 1008 1865 Itaque
1029 1783 1232 1847 Aristarchus
1254 1784 1362 1848 dierat

167 1884 221 1950 acl
248 1884 453 1967 Ἀριςοφοὶννς
476 1887 641 1966 spontiva.
688 1886 933 1972 Aristophanes,
957 1906 1053 1970 quem
1076 1886 1358 1968 1111111ἕρωτιιιόν

167 1990 281 2066 finisse,
313 2008 490 2077 numquam
518 1995 553 2057 in
584 1991 642 2058 tali
664 2012 699 2057 re
720 1991 816 2078 longo
847 2011 990 2055 sermone
1014 2010 1130 2055 usurus
1152 1989 1250 2058 finisse
1271 1992 1358 2059 vide·

168 2099 238 2158 tur:
270 2095 362 2161 facile
392 2096 567 2175 credimus,
601 2097 655 2161 sed
685 2095 750 2162 alia
776 2096 938 2162 veteribus
960 2097 1141 2161 santonibus
1164 2099 1282 2181 quique
1304 2117 1357 2163 eos

170 2199 341 2266 audiebant
364 2199 444 2265 olim
465 2200 623 2287 placuisse
643 2201 793 2266 credibile
815 2206 880 2276 est,
904 2201 1020 2285 quibus
1045 2199 1128 2265 nihil
1149 2200 1200 2265 his
1224 2208 1291 2267 erat
1308 2204 1357 2267 iu-

170 2304 304 2369 cundius
327 2306 423 2371 εἷτεῖν
444 2329 480 2370 τε
502 2306 557 2371 καὶ
580 2308 722 2373 ἀκοῦσαι.
758 2305 894 2371 Homeri
911 2307 1052 2370 carmina
1069 2306 1156 2370 vitae
1175 2312 1207 2370 11
1225 2312 1357 2372 naturae

169 2408 334 2493 speculum
365 2430 431 2476 esse
459 2411 618 2477 iudicant:
651 2417 735 2487 esto,
766 2410 821 2475 sed
843 2410 985 2495 οιιιὶριιιιι
1005 2415 1137 2475 naturae
1159 2416 1192 2474 st
1214 2413 1354 2498 ingenii,

169 2533 231 2578 non
253 2514 474 2599 Aristophanis
496 2523 529 2580 et
550 2515 726 2582 Aristarchi
748 2513 940 2597 aequalium.

218 2618 375 2684 0111111
398 2616 432 2693 ἦν
455 2626 514 2684 τῶν
536 2624 764 2698 γραμματικῶν
788 2616 952 2697 μωρότερον
972 2618 998 2681 εἰ
1017 2618 1062 2694 μὴ
1079 2617 1247 2698 Φιλόσοφον
1267 2613 1355 2690 ἦσαν.

171 2738 306 2805 quorum
336 2723 482 2789 nonnulli
512 2725 546 2788 in
576 2722 717 2789 Homero
746 2721 979 2806 interpretando
1005 2720 1149 2805 palmam
1171 2720 1357 2787 stoliditatis

169 2830 390 2912 grammaticis
409 2831 659 2915 praeripuerunt.
683 2825 820 2913 Calypso
842 2825 953 2912 Ulyssi
971 2825 1250 2891 immortalitatem
1261 2825 1355 2912 polli-
1432 2884 1437 2893 .

170 2936 276 3007 cetur,
300 2952 401 3016 quam
420 2932 477 2997 ille
499 2934 640 3016 accipere
662 2932 776 2998 noluit.
824 2912 937 3016 Odyss.
964 2938 1000 2993 Η.
1026 2928 1103 2994 256.

920 3031 1043 3117 ἔφασκε

351 3144 451 3218 θήσειν
472 3143 626 3209 disceres
648 3141 701 3208 κον)
725 3142 847 3223 ἀνιέρων
871 3143 983 3219 ἤματα
1007 3138 1123 3205 πάντα.

353 3250 428 3314 ἀλλ’
452 3249 525 3325 ἐμὸν
547 3248 657 3316 οὔποτε
681 3248 774 3327 θυμὸν
798 3245 839 3311 ἐνὶ
863 3247 1003 3321 eicerent
1025 3243 1152 3311 ἔπειθεν.

216 3350 292 3417 Scin
321 3374 378 3418 cur
409 3352 623 3421 recusaverit?
653 3354 841 3437 Numquam
863 3354 1000 3438 reperies
1021 3353 1084 3416 nisi
1107 3351 1147 3417 ab
1170 3350 1359 3417 Antisthene

171 3456 340 3522 audiveris.
387 3459 578 3534 Ἀντισθένης
612 3459 708 3540 <baris
743 3454 789 3522 ὅτι
820 3457 891 3529 τοὺς
922 3458 1051 3537 ἐρῶντας
1083 3454 1138 3537 ἤδη
1171 3456 1247 3543 (leg.
1279 3456 1355 3537 ᾔδει)

171 3560 374 3639 ψευδομένους
404 3565 464 3636 τοὶς
495 3564 690 3644 ὑποσχέσεις.
721 3568 810 3628 τοῦτο
840 3562 904 3642 γὰρ
931 3569 1026 3626 ποιεῖν
1048 3562 1102 3626 οὐκ
1125 3559 1256 3636 ἠδύνατο
1280 3558 1359 3636 δίχα

170 3668 224 3728 τοῦ
248 3664 332 3737 Διός.
379 3658 483 3733 Η1111
514 3669 575 3735 hoc
604 3670 735 3734 demum
761 3674 810 3732 est
831 3666 1011 3732 Homerum
1033 3648 1234 3749 interpretari
1256 3667 1290 3728 et
1311 3682 1359 3726 sa·

170 3765 262 3853 perci
297 3769 394 3836 Peius
422 3775 518 3838 etiam
542 3778 591 3839 est
611 3773 669 3837 ubi
690 3772 843 3838 Alcinous
864 3770 950 3835 ultro
972 3767 1073 3833 filiam
1093 3767 1205 3854 Ulyssi
1225 3787 1359 3833 uxorem

172 3873 281 3939 offerre
304 3875 441 3941 sicem·
463 3877 608 3954 videtur,
632 3878 782 3961 inquam,
805 3871 1160 3959 1111111τοιῦτι1φνσι
1179 3872 1359 3953 πειρώμενος

171 3979 198 4044 si
222 3985 294 4051 ταῖς
317 3979 474 4054 ἀληθείαις
497 3983 658 4049 desinare
680 3981 731 4046 τὸν
754 3985 923 4061 Καλυψοῦς
948 3978 1070 4057 ysaac,
1101 3999 1215 4064 nempe
1238 3981 1265 4042 si
1289 3998 1359 4042 con·

172 4085 327 4150 ditionem
356 4088 526 4171 accepisset
555 4089 590 4151 in
619 4086 788 4152 manifesto
817 4085 982 4149 mendacio
1013 4084 1182 4168 deprensus
1205 4085 1294 4149 foret.
1319 4084 1359 4149 ad

172 4184 285 4277 Odyss.
310 4194 349 4253 H.
373 4187 436 4255 311
467 4196 499 4256 11
531 4186 606 4255 313.
653 4189 736 4255 Sunt
764 4190 842 4255 haec
872 4188 1133 4275 philosophorum
1164 4191 1358 4266 iocantium,

171 4300 211 4359 ut
232 4296 416 4378 saepissime
438 4293 600 4361 Socratem
623 4296 708 4382 apud
729 4295 898 4360 Platonem
922 4300 954 4360 et
976 4292 1219 4380 Xenophontem
1237 4295 1272 4358 in
1290 4314 1360 4361 rer·

172 4398 260 4509 sibus
289 4398 470 4465 Homericis
500 4399 664 4467 ludentem
694 4400 858 4477 videmus,
889 4418 951 4464 non
977 4405 1015 4464 11
1037 4405 1147 4484 potitae
1170 4402 1359 4465 sententiam
