3254 5034
259 318 297 379 rt
757 329 962 377 asserturum

262 506 297 565 ut
320 507 352 566 et
382 498 471 566 iliad.
495 509 528 571 Ξ.
557 503 621 567 199

399 605 618 686 δάμναται
642 606 814 682 ἀθανάτους
839 605 890 684 ἠδὲ
914 605 1034 680 θνητοὺς
1054 602 1235 684 άνθράπονς.

307 710 417 779 Solent
437 712 563 778 scribae
583 710 704 778 inroras
724 722 848 779 ueteres
864 711 1057 790 δάμνασθαι,
1074 709 1246 789 κίρνασθαι,
1268 708 1464 787 πίλνασθαι,

262 817 309 882 uti
334 826 366 884 et
386 818 553 898 πρίασθαι,
575 819 745 899 κίχρασθαι
765 828 797 885 et
820 819 893 884 sim.
918 826 1053 882 accentu
1076 816 1189 882 citiore
1207 817 1357 896 πριάσθαι
1379 817 1462 882 scri·

263 920 377 989 ltentes
409 933 441 990 ei
472 926 641 1006 ιιιχρῖοσθαι
664 933 694 991 et
728 924 915 1003 δαμνᾶσθαι.
967 921 1024 989 Ubi
1055 920 1154 988 sente}
1185 918 1415 987 enrcudaveris
1444 926 1463 999 ni

262 1033 317 1094 τοῦ
350 1027 557 1109 δάμναται
590 1031 732 1108 άποιιοπιί
764 1050 821 1116 pro
846 1029 961 1095 vitioso
982 1029 1158 1108 δαμνάπαι,
1184 1026 1306 1113 reliqua
1340 1035 1462 1114 sponte

265 1141 459 1218 sequuntur.
490 1135 659 1201 Caeterum
679 1136 860 1202 rectissime
878 1135 1038 1201 Porsonns
1056 1134 1182 1200 monuit
1199 1130 1329 1212 δαμνοία
1349 1132 1462 1212 δαμνῶ

264 1258 425 1325 nusquam
449 1239 535 1327 apud
560 1249 687 1328 poetam
716 1260 907 1317 occurrere,
937 1238 993 1306 sed
1016 1248 1071 1305 aut
1094 1238 1233 1319 δάμνιμι
1253 1246 1310 1304 aut
1332 1237 1460 1318 δάμνα·

263 1369 342 1424 μαι,
366 1348 461 1412 cuius
481 1346 569 1413 verbi
587 1351 732 1435 [νίννιινιι
754 1347 843 1426 δαμῶ
863 1346 982 1426 δαμθιι,
1006 1346 1094 1431 δαμᾷ
1115 1343 1227 1428 δαμάρι
1247 1352 1279 1410 ct
1299 1342 1461 1424 δαμθωσιν

262 1451 347 1516 uotis
372 1449 456 1539 apud
478 1452 651 1521 Homerum
676 1452 756 1520 locis
778 1452 907 1537 legitur.

309 1632 355 1700 nt
381 1631 496 1723 Odyss.
520 1646 561 1702 A.
592 1638 651 1702 321
690 1643 845 1701 narratur
878 1634 1021 1702 Phaedra
1049 1633 1121 1715 πρὸς
1147 1632 1255 1709 Θιρσία
1284 1631 1463 1711 διαβαλεῖν

258 1741 301 1833 Ιὡς
325 1740 511 1807 Ἰππολιίτοιι
544 1743 609 1808 πεί
617 1745 750 1815 θοντσς
774 1743 889 1820 αὐτήν,
924 1741 989 1805 imo
1017 1759 1093 1805 vero
1116 1746 1287 1821 πειρῶντος,
1318 1736 1381 1803 sed
1416 1739 1462 1803 ri·

262 1842 381 1909 dentur
401 1848 568 1932 aequiores
588 1857 728 1914 veterem
754 1845 842 1913 verbi
867 1850 974 1931 πειρᾶν
996 1845 1156 1910 notionem
1178 1843 1343 1921 amisisse,
1374 1842 1463 1911 uude

263 1950 368 2017 crebri
394 1970 521 2019 errores
545 1954 624 2018 uati.

311 2130 429 2198 Notum
452 2140 501 2198 est
522 2153 619 2219 qnam
644 2132 737 2200 sorite
761 2140 792 2199 et
812 2152 908 2219 quam
932 2151 1026 2218 saepe
1046 2139 1156 2197 contra
1180 2128 1241 2197 lori
1259 2131 1460 2220 seutentiam

262 2237 349 2304 αασά
375 2246 406 2304 et
429 2239 517 2318 μεποί
545 2240 631 2306 inter
661 2260 695 2306 se
728 2247 856 2306 mutent
878 2238 996 2306 iocum.
1044 2237 1174 2304 Memini
1199 2257 1250 2303 me
1280 2235 1327 2303 rei
1352 2263 1462 2317 μεσα-

264 2344 444 2411 δονλοῦσθαι
473 2343 579 2431 legere
614 2366 671 2433 pro
702 2346 975 2412 καταδουλοῦσθαι.
1022 2343 1102 2411 Vide
1138 2363 1224 2409 nunc
1256 2341 1335 2409 mihi
1370 2343 1460 2431 qnod

262 2450 420 2537 scripturn
447 2460 496 2517 est
518 2451 550 2516 iu
576 2450 704 2519 Scholio
728 2451 766 2517 ad
789 2449 904 2540 Odyss.
930 2462 973 2518 A.
998 2454 1063 2517 322
1088 2470 1160 2538 pag.
1187 2454 1274 2527 506,
1303 2451 1342 2513 10
1367 2448 1457 2536 apud

263 2554 482 2622 Diodorfiunr:
513 2558 719 2640 προσορμίσας
743 2559 775 2625 at
806 2569 845 2642 τῇ
878 2558 941 2640 Δία
966 2558 1044 2640 νίσιρ
1072 2557 1171 2636 ἐκβάς
1195 2555 1245 2621 ε’πί
1273 2563 1329 2631 τῆς
1359 2554 1458 2632 ἠϊθνος

262 2663 548 2742 μετακοιμάσθαι.
596 2663 686 2745 Quod
712 2684 788 2730 aava
821 2663 945 2731 hericis
969 2665 1114 2740 inseras,
1148 2661 1232 2728 unde
1260 2658 1351 2746 plura
1375 2661 1457 2728 uitio

265 2777 343 2834 nata
364 2765 549 2855 expellenda
573 2789 644 2836 esse
668 2769 760 2837 rideo
784 2788 881 2857 quam
909 2789 987 2835 nova
1012 2787 1181 2858 superesse
1203 2763 1361 2833 addenda.

309 2945 425 3038 odyss.
446 2959 487 3015 Λ.
512 2953 580 3016 599

450 3049 482 3128 ἦέ
506 3054 542 3121 σέ
565 3054 601 3134 μ’
621 3056 652 3120 ἐν
673 3059 775 3133 νήεσσι
797 3055 971 3124 Ποσειδάων
990 3054 1189 3136 ἐδάμασσεν,

312 3158 479 3227 Scholion:
503 3163 530 3227 οί
554 3161 587 3238 ἦέ
607 3163 787 3229 άθετοῦνται
811 3162 865 3229 ὑπ’
890 3161 1110 3246 Ἀριτοφάνονο
1132 3165 1172 3236 ὣς
1201 3161 1263 3228 άπθ
1291 3165 1351 3227 τῶν
1372 3160 1455 3242 σίρα-

266 3266 399 3346 σομέναν
420 3266 670 3351 μετενεχθέντος.

312 3373 496 3439 Porsonus:
528 3375 554 3440 σί
578 3373 624 3461 sii)
655 3373 690 3439 id
721 3383 766 3441 ert
796 3395 905 3440 uersus
934 3375 975 3440 ob
997 3373 1031 3452 ιὶί
1057 3373 1247 3460 incipientes.
1297 3371 1376 3453 Quis
1406 3373 1455 3440 sic

266 3476 434 3567 loquitur?
471 3478 582 3546 Scribe
606 3481 631 3546 σί
653 3479 667 3545 i
693 3479 812 3570 (πέντε)
834 3482 1032 3558 άθετοῦνσαι,
1056 3499 1172 3567 nempe
1190 3499 1237 3544 rs.
1263 3481 1454 3547 oea-tos.

314 3673 546 3742 Difficiiiimum
570 3695 665 3763 saepe
693 3685 742 3742 est
766 3676 989 3743 annotationes
1013 3676 1045 3742 in
1070 3676 1226 3742 librorum
1252 3674 1455 3761 marginibus

266 3780 447 3868 adscriptas
470 3789 502 3847 et
527 3781 613 3848 uuita
639 3790 712 3847 nota
737 3780 907 3847 distinctas
927 3781 966 3848 ad
988 3803 1083 3870 quern
1108 3801 1255 3870 quaeque
1275 3781 1380 3847 iocum
1406 3802 1454 3850 re·

270 3884 398 3954 terenda
424 3889 467 3953 sit
490 3886 613 3974 liquido
642 3885 788 3954 definire.
837 3887 929 3976 Apud
956 3886 1157 3954 Dindorfiunr
1183 3908 1213 3975 p.
1243 3893 1306 3955 uit
1330 3898 1363 3955 et
1388 3893 1453 3954 uro

266 4011 305 4059 ex
326 3991 447 4079 optimo
477 3991 591 4060 Codice
624 3992 793 4059 Harieiano
818 4001 884 4060 tres
915 3993 1066 4062 feruntur
1089 3994 1228 4081 optimae
1262 4003 1355 4059 notae
1383 3993 1453 4058 Ari·

265 4096 388 4165 starchi
412 4106 443 4164 et
468 4099 693 4187 aristophanis
717 4103 941 4167 annotationes
963 4100 1044 4169 hae:

299 4202 323 4269 Ι.
370 4204 552 4269 άθετοῦνται
575 4206 660 4287 παρα
686 4205 899 4288 Ἀριςοφάνει.

280 4308 319 4375 lt.
368 4309 433 4373 οὐδὲ
456 4304 535 4375 οὗτοι
560 4311 702 4394 ἐφέροντο
725 4313 756 4378 ίν
772 4321 835 4386 τοῖς
859 4313 1016 4392 πλείστοις,
1041 4313 1079 4387 ὡς
1098 4309 1276 4391 anxiatum
1297 4319 1362 4385 wit
1382 4332 1453 4392 nuo·

367 4413 532 4494 κειμένοιν.
