3388 5010
603 383 757 433 nnoromru
783 384 818 430 rr
843 383 999 433 uncinum.
1328 362 1396 433 mu

201 550 337 619 ridicula
365 553 428 620 erit
458 553 617 621 sententie
647 553 739 641 quasi
770 553 811 622 de
835 555 943 621 enimn
967 550 1100 618 iamiam
1125 549 1254 619 obitura
1279 549 1334 619 sed
1361 551 1395 619 iu

202 667 345 746 tempore
389 669 535 729 revocate
577 679 685 728 sermo
724 660 779 729 sit.
838 659 963 727 Mollem
998 657 1171 726 Muellerus
1203 657 1397 726 ostendisset

201 765 456 854 »reprehendere
474 768 641 834 animam”
663 787 754 853 posse
773 766 836 834 diei
857 787 916 855 pro
935 766 1125 853 reprimere,
1146 784 1243 853 quem
1264 763 1303 832 de
1323 765 1397 833 rut·

202 881 277 961 gata
300 874 401 942 »satis
423 874 555 961 inepta”
578 871 715 941 lectione
739 883 938 962 conquestus
961 879 1063 939 essctr

382 978 534 1066 Calpurni
557 999 684 1047 saevam
710 979 814 1068 tegern
840 979 959 1046 Pisoni'
985 976 1137 1065 reprendi

383 1085 544 1173 eduxique
566 1086 708 1153 enimam
734 1085 934 1174 primoribus
958 1084 1092 1152 naribus
1119 1119 1168 1147 ,ε

248 1190 347 1261 coto.
379 1209 496 1259 »suere
524 1190 593 1277 tege
625 1192 681 1261 in”
705 1190 762 1259 sed
785 1192 888 1278 iepein
912 1191 1037 1258 exstitit
1061 1210 1099 1258 ex
1124 1191 1244 1279 iopam:
1269 1211 1397 1258 roeoom
1514 1273 1518 1281 Ι

201 1299 333 1381 ritiosoe
366 1299 495 1365 lectioni
525 1280 805 1365 accommodatum
829 1306 891 1365 εει.
939 1297 1032 1363 Pron.
1060 1316 1154 1364 uersu
1178 1297 1213 1362 in
1236 1308 1308 1385 post
1331 1297 1399 1364 ori·

199 1426 287 1473 mom
311 1405 450 1493 positum
483 1403 560 1472 terri
589 1424 652 1469 non
678 1411 791 1491 potest.
839 1402 901 1470 Sed
926 1402 1097 1471 verbosum
1122 1401 1203 1469 tttut
1230 1403 1401 1492 »portibus

201 1511 313 1579 noris”
338 1530 401 1576 non
424 1519 494 1577 erat
517 1508 779 1578 substituendum
807 1528 864 1596 pro
888 1509 1008 1575 tradita
1030 1508 1168 1576 lectione
1193 1509 1333 1577 nembro.

250 1615 363 1685 XXVI.
395 1621 452 1686 tt.
476 1618 647 1684 Contortae
670 1617 952 1703 interpretationis
977 1613 1120 1683 notabile
1143 1615 1328 1704 exemptum
1351 1623 1401 1682 cst

202 1721 289 1812 quod
327 1720 487 1789 »officium
523 1722 615 1809 iungi
651 1719 835 1790 ruderum”
871 1720 994 1788 dicitur
1017 1720 1215 1808 'significare
1250 1721 1401 1789 aberrare

203 1847 296 1895 more
327 1827 482 1895 ruderum
513 1848 616 1915 »quoe
647 1837 737 1895 estro
774 1828 858 1893 viam
884 1828 989 1896 iacere
1012 1827 1151 1896 solent'’.
1200 1827 1313 1916 ltaque
1335 1825 1402 1894 offi-

204 1936 293 2002 cium
331 1932 472 2021 tepidum
505 1944 554 2001 εει
586 1954 615 2002 ε.
646 1955 678 2021 g.
711 1954 823 2001 muros
854 1943 1061 2012 construere.
1086 1943 1119 2001 et
1151 1933 1287 2012 rudera,
1320 1952 1403 2022 quoe

204 2038 402 2126 ingredienti
436 2038 569 2115 moleste
603 2048 700 2119 sunt,
726 2058 788 2106 non
813 2048 890 2106 sunt
915 2040 947 2105 in
972 2038 1086 2107 officio.
1111 2041 1208 2108 Peius
1229 2040 1327 2107 etiem
1352 2048 1402 2106 est

205 2144 293 2233 quod
324 2145 456 2211 Parisiis
487 2146 595 2212 inveni
628 2146 659 2211 in
698 2147 844 2234 margine
874 2144 1026 2213 editionis
1056 2146 1228 2227 lunisone,
1256 2144 1309 2213 utri
1334 2145 1402 2224 uir,

203 2250 321 2318 doctus
349 2250 486 2318 tortasse
520 2250 622 2330 elias,
654 2251 710 2319 sed
748 2272 835 2319 nuno
868 2251 999 2341 quidem
1030 2254 1164 2320 minime
1197 2253 1329 2330 doctus,
1367 2259 1403 2318 ut

203 2358 261 2446 qui
285 2357 479 2444 quaeritatis
501 2356 619 2425 oblitus
643 2366 744 2439 esset,
767 2358 959 2446 adscripsit3
984 2357 1125 2445 »fungor
1148 2359 1298 2438 Iberum,
1325 2358 1345 2423 i.
1370 2377 1400 2424 e.

204 2465 339 2532 naenias
368 2471 400 2530 ει
431 2482 534 2550 nugas
559 2464 705 2543 ,nerro’ss
739 2483 915 2551 provocans
951 2463 991 2531 od
1026 2464 1260 2555 Hieronymum
1297 2460 1401 2530 Praei.

204 2570 246 2639 od
279 2570 435 2646 Genesin,
462 2568 504 2636 ct.
531 2570 661 2637 Hieron.
687 2568 743 2636 ΙΙΙ.
768 2590 800 2656 p.
828 2573 933 2649 1592,
959 2570 1050 2637 Bene
1075 2569 1308 2638 »deliramenta
1333 2588 1402 2635 sec·

204 2684 319 2744 tentor
353 2683 385 2743 et
417 2675 524 2743 theros
560 2678 692 2742 naenias
720 2675 812 2741 tibris
840 2674 1038 2742 authenticis
1071 2673 1294 2763 praeterunt.’'
1334 2673 1403 2742 Non

205 2784 312 2870 inopis
336 2781 486 2868 intellego
506 2782 648 2849 euoenon
670 2778 819 2869 (bouso),
840 2779 981 2846 muneris
1001 2780 1190 2871 (Bouterw.)
1211 2787 1244 2848 et
1257 2780 1403 2847 ruderum

158 2914 162 2925 ¹
206 2886 443 2981 (Quicherst)..
472 2888 573 2954 Totus
595 2907 708 2953 versus
732 2887 779 2952 sio
802 2905 836 2952 se
862 2883 976 2953 habete

289 2994 492 3082 Qudpropter
516 2992 624 3061 detero
647 3002 680 3060 et
703 2991 820 3080 cupide
843 2989 986 3061 odiorum
1012 2991 1130 3080 fungor
1154 2993 1320 3065 tuberum.

255 3100 398 3168 Placeret
432 3100 511 3168 mitri
545 3102 700 3174 mexime;
734 3097 872 3185 »tunger
903 3098 1090 3166 tudiorurn”
1115 3101 1137 3169 i.
1161 3121 1191 3169 ε.
1215 3099 1308 3168 tuoite
1332 3102 1404 3167 irri-

206 3209 291 3277 soris
323 3214 431 3294 portes
460 3208 612 3295 suscipio.
658 3212 721 3272 Are
753 3204 875 3272 ludicre
905 3212 954 3272 est
978 3205 1118 3273 todionis
1141 3206 1191 3275 vet
1216 3207 1403 3286 histrionis,

206 3316 344 3406 officium
379 3313 538 3380 ludicrum
573 3322 680 3401 partes
715 3312 882 3378 sonnionis
915 3319 971 3378 out
1003 3313 1159 3381 comoedi.
1207 3313 1270 3382 Sed
1303 3313 1405 3380 mutto

207 3422 341 3510 propius
364 3418 403 3486 ed
427 3419 513 3506 vulg.
533 3402 706 3509 tectionem,
724 3418 849 3485 accedit
871 3417 1019 3486 Mercurii
1042 3422 1229 3488 coniectura
1251 3421 1404 3493 liberum,-

206 3550 224 3594 r
256 3526 339 3594 mate
371 3536 442 3614 post
475 3531 594 3616 sunpor
622 3527 797 3614 repetitum
828 3534 893 3603 est,
918 3525 1049 3591 uberum
1072 3534 1106 3592 ει
1130 3525 1265 3593 liberum
1289 3528 1340 3593 rix
1364 3525 1405 3593 ud

207 3634 347 3724 speciem
381 3633 508 3700 diversa
535 3641 622 3699 sunt.
670 3630 758 3699 Nero
783 3631 1018 3699 sententiarum
1042 3630 1215 3698 adiurante
1242 3629 1404 3697 »officium

207 3739 347 3806 liberium
396 3737 511 3826 tungi’
562 3737 747 3824 significare
792 3738 911 3824 potuit:
958 3745 1106 3824 proterva
1151 3736 1328 3825 petulentia
1373 3745 1405 3803 et

208 3846 362 3930 repperire
388 3846 445 3911 uti.
472 3883 518 3895 —
544 3844 657 3911 Deiero
681 3864 757 3911 oum
783 3842 917 3930 reliquis
945 3853 1073 3931 praeter
1097 3842 1184 3910 Leid.
1207 3852 1238 3910 et
1259 3842 1297 3909 G.
1319 3862 1404 3909 corr.

210 3953 335 4030 scribo,
359 3951 442 4039 quod
469 3951 577 4017 rninus
603 3952 722 4018 usitata
743 3956 852 4039 postea
872 3947 1066 4017 formufutt.
1091 3948 1272 4037 Utrumque
1284 3956 1405 4028 autem,

210 4066 284 4127 ente
317 4058 496 4125 varronem
529 4056 681 4144 quidem,
716 4057 747 4121 in
783 4075 845 4122 usu
876 4053 975 4123 tuisse
1006 4052 1120 4144 probet
1150 4054 1217 4122 Vel.
1251 4055 1349 4142 Long.
1375 4075 1404 4142 p.

93 4160 98 4171 ’
211 4170 316 4240 2ι35;
342 4163 484 4232 »delirus
508 4163 612 4252 ptncet
638 4163 792 4240 Varroni,
817 4181 879 4228 non
905 4160 1052 4241 delerus,
1080 4182 1139 4228 von
1162 4170 1265 4228 -est
1290 4162 1404 4229 Latina

212 4271 333 4350 alirn,
360 4269 391 4336 id
416 4280 465 4338 est
489 4270 612 4338 sutoo”.
661 4268 706 4337 Gt.
735 4266 897 4335 Witmuns
922 4267 962 4336 de
987 4268 1132 4335 Varrone
1156 4288 1188 4356 p.
1216 4274 1291 4338 178.

235 4382 288 4444 28.
308 4376 378 4463 Ego
395 4377 481 4463 siqui
501 4396 574 4443 sum
595 4384 627 4443 et
647 4397 710 4464 quo
726 4373 867 4443 totticulo
885 4394 974 4443 nunc
991 4395 1063 4442 sum
1083 4373 1218 4444 indutus
1234 4395 1297 4443 non
1311 4395 1404 4464 queo.

258 4482 294 4550 tn
330 4481 381 4551 tris
415 4483 566 4550 uitiosum
602 4490 650 4551 est
681 4491 734 4563 et;
766 4503 828 4550 non
858 4483 945 4550 enirn
977 4483 1138 4553 sententie
1168 4492 1235 4552 est:
1268 4482 1316 4549 »si
1347 4483 1403 4573 qm
