3254 5034
303 330 345 392 54
798 336 996 384 nummorum

304 521 337 582 et
361 522 398 580 Χ.
424 514 500 578 ott.

440 612 530 680 οδλλοί
549 610 622 693 πρὸς
646 612 755 693 Τρώων
777 611 830 677 καί
854 609 1017 691 Τρωῖώδων
1039 611 1126 685 κλέος
1150 608 1246 679 εἶναι.

305 731 339 790 et
360 732 400 788 tt.
426 723 509 798 831,
535 726 566 785 et
591 719 623 784 iu
647 717 788 806 Odyssea
813 725 853 783 Ν.
879 721 963 783 265.

441 831 562 912 τορίσαι
589 835 645 903 τῆς
669 824 771 901 ληΐδος
795 823 883 899 ἤθελε
907 822 1011 900 πώσνρο
1032 822 1037 909 Ι
1056 822 1222 904 Τρωίἰίδος.

352 937 393 1003 Et
416 935 457 1003 de
481 935 532 1001 his
553 931 685 1021 quidem
710 928 796 994 nutia
820 936 869 995 est
889 931 1124 995 controversia:
1149 930 1270 1010 Τρωίὀίι
1289 939 1320 996 et
1340 929 1493 1014 Τρωίιίδει

306 1041 546 1111 contrahuntur
574 1041 607 1105 in
639 1036 747 1118 Τρωιίι
771 1044 804 1101 et
826 1033 986 1117 Τρῳώδει.
1019 1045 1051 1102 et
1073 1034 1203 1117 Τρυώο,
1231 1036 1396 1117 Τρωιίδετ,
1422 1044 1495 1100 sunt

306 1147 487 1216 scribarum
510 1164 636 1213 errores
659 1142 694 1209 τί
718 1142 1014 1223 προσγεγραμμένον
1038 1143 1130 1218 ἰῶτα,
1154 1140 1240 1227 quod
1261 1143 1364 1208 inesse
1385 1140 1495 1218 debet,

304 1273 383 1342 prae
404 1251 549 1319 socordio
569 1249 800 1318 omittentium.
825 1246 946 1313 Eodem
968 1267 1100 1333 prorsus
1121 1248 1204 1313 ratio
1221 1257 1270 1314 est
1283 1250 1315 1313 in
1329 1256 1495 1313 TPsstoc

303 1368 337 1427 et
360 1367 509 1425 ΤΡΩΙΗ.
556 1365 721 1424 Tt’nloc
746 1352 840 1419 morlo
863 1352 1080 1435 τρισυλλάβως
1104 1351 1256 1431 effertur,
1282 1363 1317 1419 ut
1341 1352 1433 1419 tttart.
1457 1361 1495 1420 E.

305 1467 370 1532 222
401 1472 434 1531 et
465 1473 503 1530 Θ.
541 1467 614 1531 106.
649 1456 700 1528 οἰοι
728 1459 872 1541 Τρώϊοι
895 1457 1002 1536 ἵπποι,
1035 1467 1067 1526 et
1091 1469 1132 1526 Ψ.
1157 1464 1233 1525 578.
1257 1457 1382 1540 ἄρσενος
1407 1456 1493 1525 ἵπποι

303 1571 470 1654 Τρώϊοι.
496 1576 528 1637 ei
547 1575 589 1634 N.
611 1570 689 1632 262.
710 1563 1043 1647 δούρατα-Τρώϊα,
1062 1567 1107 1633 uri
1119 1566 1278 1645 κταμένων
1290 1566 1494 1644 οἰποαίνυμαι.

303 1676 420 1745 Contra
451 1674 524 1742 aliis
554 1672 633 1740 louis
665 1671 751 1738 κατοί
782 1670 951 1752 συναίρεσιν
982 1669 1117 1739 effertur
1139 1672 1336 1753 δισυλλώβως
1359 1680 1495 1737 occentu

305 1784 338 1850 in
371 1781 519 1849 ultimum
554 1780 692 1856 retorto,
723 1777 824 1858 Τρωίο
851 1786 883 1843 et
910 1780 1026 1861 Τρραί.
1077 1779 1111 1845 in
1136 1778 1187 1845 his
1212 1779 1324 1844 turmis
1348 1777 1496 1843 Editores

304 1897 432 1955 tanturn
456 1906 519 1951 non
545 1885 664 1970 utrique
689 1883 828 1948 titubare
851 1892 884 1949 et
910 1902 1021 1949 errare
1044 1885 1192 1951 uidebis«
1228 1883 1318 1950 uodo
1341 1888 1497 1951 omittunt

303 1995 339 2063 τί
362 1989 659 2076 προσγεγραμμένον
681 1990 778 2069 ἰῶτα,
812 1987 905 2054 ruodo
928 1988 1064 2056 attunt.
1112 1992 1148 2057 in
1174 1990 1247 2056 otiis
1271 1990 1426 2057 reiioiunt
1448 2010 1497 2056 ao·

304 2109 435 2167 eentum
461 2099 495 2164 in
519 2096 686 2173 ultimam,
712 2095 744 2160 in
770 2093 843 2161 attis
867 2095 899 2161 iu
925 2097 1063 2183 primam
1089 2096 1285 2185 retrahunt„
1317 2097 1496 2183 Proponant

303 2204 448 2295 primunt
483 2202 631 2289 vulgares
662 2201 853 2287 scripturas.
906 2200 1056 2270 Troioooe
1083 2204 1233 2270 mulieres
1256 2201 1351 2288 vulgo
1376 2204 1496 2288 possim

305 2311 412 2394 Τρωαί
435 2308 649 2397 appellantur.
698 2307 733 2373 ΙΙ.
758 2317 793 2373 Γ.
819 2310 885 2373 584
908 2309 974 2390 περὶ
994 2310 1026 2375 δὲ
1044 2309 1149 2390 Trux}
1169 2307 1240 2383 ώλις
1259 2307 1346 2385 ἦσαν.
1369 2318 1404 2375 Γ.
1423 2314 1495 2374 414.

305 2417 409 2499 Τρωαί
439 2414 471 2481 δέ
503 2418 538 2496 μ’
569 2414 684 2505 δπίσσω
705 2413 710 2502 Ι
730 2416 831 2478 πᾶσαν
861 2415 1073 2492 μωμήσονται.
1107 2425 1146 2483 Σ.
1180 2419 1256 2483 559.
1288 2416 1375 2499 αμφὶ
1406 2414 1440 2481 δέ
1462 2439 1496 2479 σε

305 2521 410 2607 Τρωαί
433 2522 486 2589 καί
511 2520 709 2603 Δαρδανίδεο.
734 2530 772 2585 Χ.
798 2523 876 2585 450.

486 2637 624 2712 Τρωρίσιν
649 2626 677 2691 δ’
701 2625 824 2705 Ἑκοίβυρ
849 2625 949 2691 οἰδινοῦ
972 2625 1083 2709 ἐξῆρχε
1107 2627 1207 2706 γόοιο.

305 2743 336 2804 οἰ
364 2746 401 2802 X.
428 2737 504 2801 426.
528 2734 613 2813 μετοί
632 2742 769 2816 Τρωρίσιν
791 2730 910 2811 ἔειπεν,
936 2742 968 2799 et
989 2744 1028 2799 X.
1051 2737 1126 2799 454.
1148 2732 1251 2815 Τρωσί
1269 2756 1305 2798 τε
1321 2733 1373 2799 καί
1392 2742 1495 2816 Trofi-

305 2866 372 2919 σιν,
396 2849 428 2907 et
452 2848 489 2907 z.
516 2843 581 2906 580
603 2848 635 2906 et
660 2844 737 2906 585.
761 2839 864 2920 Τρυαί
889 2839 1101 2918 ἐϋπλόκαμοι,
1125 2847 1158 2905 et
1178 2841 1224 2904 sio
1245 2839 1317 2904 otiis
1330 2838 1408 2904 ionis
1422 2858 1495 2905 oon·
1602 2894 1603 2907 .

306 2955 443 3014 utuntur.
492 2944 612 3010 Verum
635 2944 688 3012 ubi
710 2964 771 3010 nou
794 2943 952 3011 Troianae
972 2944 1121 3010 mulieres
1142 2945 1197 3011 sed
1216 2967 1310 3012 eonor
1324 2954 1380 3011 ent
1400 2965 1498 3031 equae
1602 2926 1603 2951 ³

307 3052 465 3119 Troianae
488 3059 805 3129 commemorantur,
833 3061 962 3136 repente
983 3060 1107 3117 mutatu
1129 3051 1274 3118 vocabuli
1296 3050 1397 3118 torma
1419 3052 1496 3118 sori·

308 3159 398 3226 bitur
418 3159 523 3239 Τριῖιαι
550 3176 612 3222 non
636 3154 755 3238 Τρωαί,
781 3166 815 3222 ut
840 3166 873 3221 P.
900 3161 964 3223 255
990 3167 1021 3223 et
1046 3167 1083 3223 Σ.
1113 3162 1184 3224 179.

444 3261 621 3347 Πώτροιιλον
643 3264 762 3346 Τρῷρσι
784 3262 869 3328 κυσὶν
891 3262 1054 3345 μέλπηθρα
1077 3264 1238 3343 γενέσθαι.

308 3377 341 3437 et
364 3379 398 3436 Ρ.
427 3372 502 3435 tut.

442 3474 495 3542 τὸν
518 3473 549 3539 δὲ
572 3472 657 3541 νέκυν
679 3471 814 3557 Τρώρσιν
838 3473 1039 3555 ἐρυσσάμενος
1064 3476 1132 3542 νουσί
1156 3475 1236 3552 δοίη.

308 3589 341 3649 ei
364 3591 400 3649 P.
426 3584 504 3647 273.
530 3578 598 3645 νουσί
622 3583 725 3660 κῦρμα
748 3579 890 3659 γενέσθαι
911 3579 917 3670 Ι
935 3580 1089 3666 Τρώρσιν.
1114 3590 1146 3649 et
1171 3593 1213 3649 Π.
1239 3585 1315 3649 393.

444 3682 483 3761 ὦς
506 3684 593 3752 ἵπποι
617 3688 720 3767 Τρῷαι
743 3686 879 3765 μεγώλα
902 3688 1071 3769 ςενώχοντο
1095 3688 1232 3755 θέουσαι.

308 3799 342 3860 et
365 3791 397 3857 in
424 3790 603 3859 moseuiino
626 3810 743 3876 genere
767 3802 810 3859 Ψ.
836 3796 899 3859 291

582 3894 693 3973 ἵππους
716 3897 747 3965 δὲ
769 3896 889 3980 Τρώουι
913 3896 1021 3979 ώπαμε
1043 3899 1146 3982 (vot.

353 4001 649 4083 Quaemadmodum
672 4004 703 4068 iu
729 4002 916 4083 Godiossms,
952 4026 1032 4093 quos
1057 4028 1112 4072 uos
1136 4003 1379 4091 antiquissimos
1401 4002 1496 4069 hobe-

309 4127 399 4183 mus,
431 4110 478 4175 sio
511 4110 543 4174 iu
575 4109 634 4188 iis,
666 4109 784 4196 quibus
808 4120 933 4177 veteres
958 4114 1105 4198 magistri
1132 4112 1323 4187 utebantur,
1348 4111 1383 4176 τί
1406 4134 1495 4191 προσ·

307 4220 529 4295 γεγραμμένον
563 4215 641 4281 ἰῶτα
677 4236 918 4303 nonnumquum
955 4219 1038 4285 meio
1073 4219 1270 4296 addebatur,
1312 4219 1495 4304 saepissime

306 4319 508 4408 negligenter
531 4320 750 4388 omittebatur.
790 4323 872 4389 Hine
893 4328 1072 4392 sexcenties
1094 4328 1124 4390 in
1148 4324 1286 4392 Schoiiis
1304 4325 1495 4391 admonetur

304 4427 511 4499 scribendum
535 4446 606 4495 esre
629 4436 686 4495 aut
708 4429 763 4494 σὺν
786 4430 828 4513 τῷ
852 4432 942 4510 ἰῶτα,
968 4433 1055 4511 μετδ
1076 4437 1131 4500 τοῦ
1151 4434 1227 4500 ἰῶτα
1248 4441 1305 4500 out
1323 4430 1416 4513 χυρίι
1438 4430 1492 4496 τοῦ
