3340 5014
301 316 344 380 96
788 332 1000 378 rnonronmru.

296 503 451 571 militaria
487 503 565 588 quin
605 500 835 567 Commentarii
864 502 951 578 sint,
989 501 1110 567 nentini
1142 499 1277 567 dubium
1308 501 1394 577 erit.
1432 502 1493 569 etsi

296 629 456 696 nusquam
499 606 593 684 alibi,
631 615 789 693 quantum
829 609 913 686 scio,
955 606 1009 673 illo
1050 608 1180 672 nominc
1209 605 1360 694 appellati
1401 616 1492 673 suut.

297 717 465 783 Praeterea
508 715 579 778 iure
615 711 752 799 quodam
799 715 949 794 ornaris,
988 714 1044 800 qui
1086 712 1215 779 tetidem
1254 712 1354 779 multo
1391 712 1495 780 luisse

296 831 407 888 noster
433 817 596 885 allirtnarc
626 821 778 905 poluerit.
828 824 868 885 dt
891 819 950 885 lmc
977 821 1009 885 in
1036 820 1150 906 primis
1175 817 1369 886 Frontonem
1396 839 1495 905 agere

294 927 399 1003 vides,
432 934 468 991 ut
502 922 599 989 libros
630 923 701 989 illos
732 925 770 991 de
805 924 957 1011 drralogia
982 924 1265 1012 scrupulosissime
1287 927 1495 1013 conscriptos

295 1052 364 1099 esse
396 1032 549 1097 sciamus.
597 1028 631 1095 ln
661 1028 760 1096 liuius
782 1033 829 1096 roi
849 1032 1086 1117 significatione
1109 1031 1214 1095 omnis
1237 1032 1423 1098 sententiae
1446 1033 1496 1097 vis

297 1148 361 1205 tam
396 1137 525 1224 penitus
553 1135 654 1221 posita
687 1145 751 1214 est,
785 1146 820 1203 ut
851 1136 984 1204 uerbum
1020 1134 1203 1203 desiderare
1236 1156 1398 1223 nequeas,
1432 1157 1496 1224 quo

295 1240 588 1333 quaemadmodum
626 1241 687 1307 alia
721 1244 842 1330 scripta
877 1243 928 1307 illa
953 1242 1129 1331 composita
1153 1252 1279 1319 essent,
1304 1241 1494 1323 indicetur,

296 1360 327 1417 et
373 1348 502 1436 quidem
536 1347 693 1413 eiusmodi
731 1350 885 1427 uerbum,
929 1348 1014 1435 quod
1046 1346 1235 1434 scrupuloso
1264 1358 1338 1434 apte
1374 1349 1495 1436 opponi

296 1455 408 1542 possit.
457 1452 525 1535 Qua
563 1451 603 1520 de
640 1474 737 1519 causa
775 1455 969 1521 Frontonem
1010 1456 1173 1519 monuisse
1212 1455 1382 1540 suspicer,
1418 1453 1496 1521 Cae·

296 1579 401 1626 sarem
434 1568 469 1625 ut
499 1557 598 1625 libros
626 1559 666 1626 de
691 1560 845 1646 Analogia
868 1559 1156 1645 rcrrrpnlosirrimor
1185 1560 1219 1648 (i.
1249 1580 1278 1625 e.
1309 1579 1387 1625 cunr
1414 1580 1496 1626 cura

295 1676 327 1733 et
351 1665 458 1732 studio
482 1662 689 1752 compositos)
715 1668 762 1733 sie
786 1665 847 1732 alia
870 1667 969 1732 inulto
991 1665 1197 1730 tarmultnorin
1219 1666 1254 1754 (i.
1274 1686 1302 1730 e.
1317 1666 1389 1732 sinc
1403 1686 1496 1753 prac-

296 1771 503 1838 meditatione
522 1780 552 1836 et
573 1770 693 1860 subito)
715 1773 896 1859 scripsisse.
923 1770 1049 1858 Scripta
1070 1778 1178 1837 autern
1202 1771 1253 1837 illa
1273 1772 1492 1839 tumultuaria

296 1898 359 1944 nou
384 1878 615 1944 Certamentarii
638 1885 764 1943 tanatum
790 1877 845 1943 sed
867 1876 1028 1964 Epistulae
1050 1877 1147 1943 etiam
1171 1875 1385 1962 intelligenda
1404 1887 1492 1945 sunt.

342 1983 388 2050 De
412 1982 515 2049 l'eriis
540 1981 738 2048 Alsiensibus
764 1982 822 2060 ΙΙΙ,
849 2004 877 2070 p.
906 1988 980 2049 ted.
1028 1980 1108 2048 Nom
1133 2004 1195 2070 quo
1214 1994 1243 2049 tc
1262 1984 1363 2050 dicam
1385 1987 1493 2072 pretio

296 2088 422 2156 Alsium
446 2089 639 2153 maritimum
664 2097 694 2153 cl
717 2089 925 2174 voluptarium
950 2088 1052 2155 locrrm
1076 2098 1121 2168 ct,
1146 2100 1181 2152 ut
1203 2091 1248 2155 uit
1267 2089 1428 2181 Plautus,
1449 2091 1492 2158 lo·

296 2216 368 2262 cum
392 2194 545 2261 traducunt
569 2194 735 2281 dcloqirre¹
762 2193 824 2259 nisi
847 2203 882 2259 ut
906 2195 980 2260 derce
1003 2195 1134 2260 doleres
1154 2195 1270 2281 penio?

341 2300 375 2366 Si
400 2300 474 2366 dene
494 2301 624 2366 doberan
643 2301 783 2366 retinere
802 2299 869 2376 vis,
892 2319 967 2366 cum
990 2298 1174 2366 Heindorlio
1191 2302 1320 2387 ponium
1340 2304 1492 2390 corrigas

297 2405 363 2473 lere
387 2425 517 2475 neccsse
541 2416 601 2473 est.
651 2408 692 2472 dt
714 2405 841 2494 ponium
866 2406 941 2471 dene
963 2405 1077 2472 duduc
1098 2427 1175 2473 num
1197 2407 1350 2474 latinum
1367 2410 1414 2474 sit
1435 2409 1493 2474 du·

297 2510 399 2579 ditare
423 2512 535 2579 audeo.
565 2510 671 2577 dlalim
696 2532 752 2597 pro
777 2512 922 2589 dobner,
945 2515 1067 2600 socer-er
1090 2513 1252 2598 corrigere
1277 2513 1353 2581 uolt.
1380 2513 1490 2582 Plaut.

298 2619 384 2685 Pers.
414 2622 453 2698 2,
480 2623 518 2697 3,
547 2622 604 2683 tt:
635 2616 729 2682 Genio
753 2638 821 2682 meo
845 2618 945 2683 multo
972 2618 1049 2682 dono
1072 2619 1203 2705 [orium.

338 2722 421 2790 ttid.
449 2745 480 2812 p.
507 2727 585 2790 226.
627 2722 730 2800 Quid?
754 2721 858 2789 Numa
878 2744 974 2788 scateo
989 2724 1204 2790 sanctissimus
1216 2748 1317 2791 noune
1328 2727 1414 2792 iuter
1427 2726 1491 2792 lida

295 2842 324 2896 et
354 2829 492 2896 decimor
520 2830 736 2917 proferendos
758 2840 787 2894 et
811 2829 1035 2896 strnuetourilin
1060 2830 1224 2896 mactando
1248 2840 1381 2897 oetatem
1406 2832 1490 2917 epit,

296 2935 460 3023 epulorum
482 2935 630 3011 dictator,
654 2956 801 3002 cenorum
826 2935 956 3013 libatur,
981 2935 1136 3022 (nicrum
1155 2936 1398 3024 promulpntor?

344 3040 401 3105 Vr.
426 3040 588 3127 epulorum
612 3040 745 3107 dictator
766 3039 843 3128 quid
865 3040 927 3106 sibi
949 3042 1063 3119 velim,
1084 3050 1176 3107 extra
1193 3061 1300 3108 meum
1313 3041 1431 3110 cadere
1445 3044 1490 3109 in·

298 3146 460 3214 tellectum
488 3147 627 3231 ingenue
651 3145 818 3213 conliteor.
849 3146 894 3213 lie
913 3167 987 3213 vcra
1005 3146 1080 3213 olim
1102 3147 1259 3234 scripturn
1278 3168 1348 3214 esse
1363 3150 1492 3216 conicio

296 3253 484 3340 templorum
506 3252 634 3319 dicator.
660 3252 851 3338 Quicunque
875 3262 984 3320 autem
1007 3274 1036 3318 r.
1056 3253 1176 3319 dicator
1196 3254 1377 3340 improbare
1396 3254 1490 3333 velit,

297 3366 462 3445 tamquam
489 3377 623 3444 prorsus
648 3378 764 3423 novum
785 3368 818 3424 ct
843 3359 1043 3436 inauditum,
1067 3360 1095 3424 is
1119 3357 1197 3424 ntilti
1224 3369 1350 3446 reputet
1370 3380 1491 3448 quaeso

296 3484 358 3530 ur.
378 3464 492 3530 lidctor
510 3473 543 3530 et
558 3464 785 3549 promulpotor‚
799 3474 926 3551 practer
938 3464 998 3532 hoc
1012 3466 1089 3542 loco,
1103 3484 1262 3552 nusquam
1275 3465 1361 3554 apud
1373 3487 1490 3554 quern·

297 3591 394 3659 quam
421 3571 481 3658 legi
507 3571 710 3656 scriptorem.
1352 3572 1355 3576 ’

344 3679 387 3744 lle
418 3686 531 3763 nepotc
564 3677 701 3754 unanimo,
732 3696 762 3763 p.
795 3680 872 3744 255.
925 3678 1011 3756 Quoad
1043 3678 1154 3766 cuique
1180 3679 1285 3765 potui,
1313 3700 1373 3766 pro
1401 3682 1489 3768 cepio

297 3783 500 3851 commodavi.
525 3782 716 3850 Merentidus
724 3784 893 3871 promtius,
912 3785 1147 3852 irnmerentidur
1157 3785 1307 3852 cudamus
1318 3807 1406 3872 opem
1419 3787 1488 3854 tuli.

344 3889 433 3957 Haud
453 3888 636 3956 diffidenter
655 3887 818 3956 affirmare
835 3891 937 3956 ausim
955 3891 1264 3977 armoniuspurium
1278 3912 1366 3971 esse,
1387 3893 1488 3959 Fron·

299 4006 473 4082 toncmquc
504 4015 539 4062 rc
570 4015 645 4098 nera
669 3996 858 4083 scripsisse.
885 3996 916 4062 id
941 3998 1025 4084 quod
1051 4000 1209 4065 sententia
1235 3997 1488 4084 dugitn1,cunc·

299 4103 425 4169 tentius.

999 4209 1028 4276 Ι.
1053 4209 1081 4276 J.
1106 4208 1396 4279 cottnettssutt.

344 4312 416 4383 Ser.
444 4314 518 4381 dcv.
543 4312 575 4379 d.
601 4313 702 4381 XXlV
725 4314 801 4383 ttov.
