3388 5010
645 341 798 387 lucrium
823 343 859 389 rr
884 343 1037 391 ιιιοιιιιιι.
1371 322 1434 383 119

242 500 329 568 clicle
360 505 439 571 siul.
487 504 670 574 Gluliuelor
700 516 748 576 esl
784 507 966 577 membrum
1006 508 1110 577 rlrile.
1158 506 1192 583 hl
1229 506 1269 573 eh
1305 504 1433 591 iugenio

242 606 409 675 Luciliano
441 628 501 675 nou
535 610 677 678 alienum
707 631 776 679 esse
800 611 923 680 debunt
947 616 1003 700 qui
1030 612 1238 680 meminerint
1263 609 1432 678 »lacrima-

242 730 315 778 rum
340 714 506 779 mulcuis”
531 715 615 782 Vlll.
642 724 682 794 li,
707 737 802 804 porro
825 718 867 784 11.
891 721 952 783 21:
982 718 1028 783 »si
1056 716 1185 784 nulibus
1208 716 1359 781 corucem
1383 715 1431 783 iu·

241 819 362 903 pressit
385 837 528 887 crassam
551 828 585 887 el
607 821 818 908 cepilateur''.
866 821 956 902 Quod
981 821 1120 889 conferri
1147 828 1251 907 polest
1275 840 1350 886 cum
1374 822 1431 886 Ar·

242 919 381 988 chilochi
403 920 442 989 ir.
472 927 530 990 101
567 924 654 1013 (Alh.
681 925 750 993 Vll.
782 930 861 996 119.
897 929 935 1015 A)
970 928 1075 997 rcrhis
1106 926 1146 994 ull
1177 922 1362 1002 Neobulcn‚
1396 933 1431 989 ιιι

242 1024 390 1107 ridclur,
416 1026 530 1094 diclis:

491 1134 613 1208 πολλὰς
637 1134 669 1202 δὲ
692 1137 827 1217 τυφλὰς,
842 1137 1056 1217 ἐγχέλυας
1078 1138 1147 1216 ili?
1173 1188 1179 1202 .

243 1236 332 1302 idem
356 1245 449 1323 poete
473 1236 549 1304 alibi
574 1259 701 1326 quoque
723 1239 847 1308 Lucilio
866 1238 1053 1309 obversatus
1072 1252 1138 1319 esi,
1158 1240 1328 1329 siquidem
1343 1246 1430 1305 recle

243 1341 447 1410 emendatum
472 1344 616 1411 ebouse
640 1354 689 1412 est
707 1345 747 1413 ir.
770 1351 812 1415 39
833 1344 853 1413 l.
873 1346 992 1415 xxvii
1010 1346 1197 1413 Archilocho
1210 1344 1429 1433 proorciloco:

267 1455 396 1513 »metuo
421 1456 456 1514 ul
481 1448 548 1516 lieri
569 1453 685 1536 possil,
708 1471 767 1537 ego
786 1470 880 1537 quom
902 1452 992 1525 viro,
1016 1450 1056 1517 eh
1076 1450 1269 1518 Archilocho
1288 1447 1432 1524 excido’,

243 1553 276 1618 in
300 1552 516 1639 quibuscum
542 1554 630 1622 Harl.
660 1576 765 1633 corr..
799 1556 908 1632 held..
941 1557 1013 1633 Par.
1041 1557 1086 1643 (in
1113 1556 1171 1644 m.)
1197 1553 1337 1621 habeant
1358 1573 1430 1640 erpo

242 1677 302 1745 quo
325 1676 384 1744 pro
403 1679 460 1745 eqo
479 1660 565 1737 ciro,
587 1659 671 1746 quod
693 1671 741 1726 csr
763 1660 795 1726 iu
815 1660 904 1729 Harl.
927 1661 998 1727 Per.
1019 1660 1138 1740 loru,
1164 1657 1308 1727 Muelleri
1321 1677 1432 1725 cruce·

242 1760 331 1827 (lelio
353 1783 426 1849 erpo
449 1785 541 1850 quom
565 1765 634 1855 uico
656 1763 831 1833 admodum
855 1763 952 1833 dubie
976 1776 1046 1843 csl,
1072 1773 1108 1833 ul
1133 1765 1239 1855 polius
1258 1782 1334 1831 cum
1354 1761 1432 1841 Qui-

242 1864 374 1933 cherelo
398 1867 568 1954 legendum
595 1871 653 1935 sil:

310 1974 420 2037 metuo
446 1980 481 2040 ut
505 1973 573 2041 lieri
603 1976 727 2059 possin
762 1994 858 2063 ergo,
891 1977 1042 2061 quhoiem
1068 1975 1108 2041 eb
1132 1973 1323 2045 Archilocho
1346 1975 1433 2041 exci-

1257 2078 1310 2167 (uo
1317 2126 1433 2153 ......

244 2179 346 2247 Nonio
368 2182 394 2246 si
420 2182 601 2260 credimus,
634 2185 802 2253 »excidere
833 2186 874 2251 uh
901 2185 1031 2273 ahquo”
1056 2184 1087 2250 h.
1113 2184 1132 2249 Ι.
1158 2182 1321 2269 significat
1346 2181 1432 2248 »dis-

243 2287 398 2353 sentire’'.
420 2287 565 2355 Breriler
587 2291 687 2374 igilur
707 2289 840 2358 »excido
858 2290 898 2356 eh
919 2289 1134 2358 Archilocho”
1156 2288 1279 2356 ilicium
1302 2295 1351 2354 csl
1375 2305 1433 2372 pro

244 2410 319 2476 »spe
355 2399 440 2456 mola
472 2391 511 2457 eb
543 2394 641 2459 Arch.
673 2393 821 2463 excido'’.
870 2394 933 2463 Sed
958 2395 1017 2462 hoc
1040 2393 1197 2482 quicquid
1220 2401 1284 2469 esi,
1320 2391 1431 2457 edmo-

243 2503 277 2560 lc
301 2494 484 2562 Archilochi
508 2496 590 2564 loco:
622 2499 794 2581 χρημάτων
818 2499 982 2568 δ’ἄιλπτνν
1005 2500 1088 2571 οὐδέν
1112 2501 1194 2565 ἔστιν
1217 2499 1276 2563 οὐδ’
1301 2497 1430 2574 reupo-

242 2622 314 2678 τιν,
339 2599 378 2667 de
402 2601 585 2669 Archilochi
610 2606 739 2670 nomine
759 2605 960 2671 resliluendo
979 2605 1121 2671 dubitari
1139 2605 1192 2668 vix
1213 2610 1328 2688 polesl.
1361 2601 1430 2667 leur

243 2702 389 2770 conferre
422 2704 531 2772 licebit
567 2707 687 2773 Archil.
723 2714 765 2774 72
800 2710 878 2774 rerinl
913 2710 1026 2791 queml
1063 2708 1205 2789 γαστέρα
1240 2707 1430 2785 προσβαλεῖν

241 2808 353 2891 μηρούς
377 2835 412 2875 τε
435 2819 540 2892 μηροῖς
570 2832 645 2879 oum
679 2812 755 2879 huc.
789 2812 845 2879 ΙΙΙ.
871 2820 890 2879 5
916 2832 1011 2880 »cum
1043 2812 1122 2879 lelu’
1149 2812 1310 2897 componit
1335 2809 1429 2876 lalcri

242 2926 274 2980 cl
298 2933 371 2979 cum
396 2924 525 3001 pectore
548 2916 696 3002 peclus''.
734 2916 839 2987 Unum
865 2938 905 2983 cx
928 2916 1128 2984 difficillimis
1153 2916 1345 3002 lregmculis
1368 2914 1428 2981 Lu·

123 3028 126 3032 '
242 3018 309 3084 cilii
333 3017 393 3084 hoo
417 3028 480 3086 csl:

335 3122 409 3188 idue
433 3126 520 3210 aegri
544 3136 593 3192 esl
619 3128 739 3213 magis,
764 3148 805 3194 eu
826 3127 911 3213 quod
930 3145 1010 3214 pene
1031 3136 1064 3193 cl
1083 3127 1206 3192 viscere
1226 3126 1338 3213 privo?

334 3226 419 3314 quod
443 3229 551 3295 riscus
574 3229 708 3299 dederas
733 3240 768 3298 lu
793 3232 924 3318 quidem
949 3230 1009 3299 hoc
1032 3242 1082 3299 est
1108 3233 1231 3299 viscere
1261 3231 1355 3318 largi.

243 3331 378 3423 (Nonius
404 3337 478 3400 184.
506 3340 546 3403 13
573 3338 700 3403 »riscus
732 3339 874 3424 positum
900 3357 957 3424 pro
981 3337 1142 3416 visccrc’',
1168 3338 1281 3403 immo:
1308 3337 1431 3405 »visce-

240 3438 366 3506 ribus’'.
420 3438 468 3506 ld.
502 3445 575 3506 470.
610 3447 652 3509 25
687 3441 790 3528 »largi
822 3462 880 3529 pro
912 3441 1081 3531 largire'’).
1136 3442 1173 3509 lu
1205 3461 1242 3509 eo
1277 3439 1431 3527 lurpicuh

241 3543 320 3632 quid
343 3544 444 3612 latore
463 3547 620 3632 suspicor.
641 3547 709 3615 Ael.
724 3549 761 3614 V.
782 3548 820 3615 ll.
839 3548 893 3614 lv.
917 3553 971 3615 ll:
996 3546 1149 3621 πολλάκις
1166 3548 1210 3613 rh
1230 3549 1301 3613 κατ’
1320 3545 1430 3624 morlo

240 3650 326 3727 μετὰ
349 3657 472 3717 πολλῶν
499 3651 595 3718 πόνων
624 3652 821 3734 συναχθέντα
843 3654 1020 3735 χρήματα,
1052 3657 1125 3718 κατ’
1150 3651 1360 3733 Ἀρχίλοχον,
1385 3651 1429 3724 εἷς

142 3754 147 3763 ’
240 3752 349 3834 πόρνης
373 3756 516 3833 γυναικὸς
540 3755 654 3838 ἔντερον
677 3757 901 3839 seraphiam.
936 3756 983 3823 Eo
1002 3757 1118 3842 respici
1140 3776 1201 3822 uon
1221 3753 1430 3841 improbabile

240 3867 300 3925 est.
349 3858 566 3948 Quaecunque
597 3862 703 3931 adhuc
735 3865 897 3950 proposita
928 3870 1005 3929 sunl
1037 3870 1094 3928 cul
1127 3858 1284 3948 probabili
1318 3869 1430 3926 curcul

240 3967 399 4032 seuleulie
423 3974 481 4034 ιιιιῑ
504 3975 638 4053 peccent
662 3969 694 4033 iu
720 3977 860 4035 rnclrum
886 3975 943 4033 aul
967 3968 1000 4031 iu
1022 3965 1140 4033 lemme
1161 3966 1271 4032 Nouii.
1322 3964 1429 4031 Possis

240 4070 414 4137 coniicerc:
448 4071 554 4158 »quod
587 4074 694 4140 viscus
723 4071 892 4150 dederam,
924 4069 1049 4158 pridem
1071 4069 1131 4136 hoc
1156 4070 1190 4135 in
1214 4074 1339 4137 viscera
1363 4068 1428 4135 lur-

239 4175 314 4261 θίν’
339 4177 522 4263 Aequod
547 4177 604 4244 libi
630 4177 702 4244 decli
727 4179 759 4243 iu
783 4185 949 4263 suruplum
975 4175 1007 4241 iu
1030 4174 1154 4243 dudum
1180 4176 1213 4241 iu
1236 4183 1427 4260 scorlepro-

240 4279 361 4348 ludisli.
409 4282 458 4349 lle
488 4282 567 4351 heco
598 4284 816 4369 exprimerent
847 4283 1040 4349 sententium
1063 4279 1258 4350 Archilochi.
1298 4281 1339 4348 El
1357 4301 1428 4367 spes

239 4396 288 4452 cst
322 4387 431 4473 plures
467 4386 660 4455 Graecorum
700 4389 895 4455 imilelioucs
934 4389 1100 4455 irruentum
1138 4389 1179 4454 iri
1212 4390 1245 4455 iu
1278 4407 1335 4463 co,
1372 4389 1428 4475 qui
