3242 5014
659 328 847 377 enaronren.
1278 310 1344 378 263

204 494 284 583 Peg.
310 495 362 561 34.
397 499 422 562 εί
454 501 498 573 μὴ
531 499 573 577 τῶ
600 497 723 579 τοιούτῳ
749 497 868 575 δαίμονι
891 500 1061 580 χρήσαιτο.
1085 500 1261 564 rectissime
1284 495 1344 565 Oo-

160 600 236 664 dex:
261 601 382 676 δαίμονι
406 599 534 678 ἧγεμθνι
557 603 718 680 χρήσαιτο.

203 704 283 790 Peg.
309 704 361 769 50.
393 706 445 771 διά
475 710 580 770 ταῦτα
611 707 646 781 δὴ
668 743 711 755 -
732 706 824 770 αὐτὸν
848 709 908 785 χρῶ
933 704 984 770 καί
1009 706 1068 777 τάς
1092 705 1196 785 άρχάς
1220 705 1272 770 καί
1298 707 1341 771 τά
1454 736 1460 745 ·

158 810 292 887 κριτήρια
323 809 427 884 πάσης
458 812 597 888 γνῶσεοις
627 812 850 889 μεταΜΑθεῖν.
892 807 999 876 Codex
1029 811 1194 887 μεταθεῖν,
1221 813 1343 896 optime

158 918 191 978 et
213 915 395 990 verissime,
419 915 453 978 id
475 921 523 980 est
545 916 761 994 μεταδιώκειν,
785 919 823 981 ut
844 935 918 1002 pag.
941 913 995 979 46.
1019 916 1074 988 τὴν
1097 914 1131 991 aa
1146 953 1188 964 -
1201 920 1342 980 τοσαῦτα

158 1018 267 1093 άγαθά
291 1018 490 1099 παρέχουσαν
511 1020 559 1092 τίς
580 1019 695 1098 οὐκῶν
712 1020 799 1096 μετά
818 1018 965 1097 μεγάλνς
984 1019 1118 1093 σπουδῆς
1135 1029 1342 1098 μεταθΕΟΙς

157 1119 280 1187 Indoeti
302 1123 423 1189 scribae
444 1126 593 1210 ignotum
616 1126 678 1190 sibi
700 1125 846 1201 μεταθεῖν
869 1127 903 1188 in
925 1126 1105 1201 μεταθεῖναι
1124 1123 1177 1190 vel
1195 1146 1343 1202 μεταμα-

159 1225 218 1291 θεῖν
240 1226 411 1311 depravare
433 1227 544 1294 solent.
579 1225 628 1294 Of.
653 1227 818 1315 Wyttenb.
841 1229 939 1312 ίίροίιί.
966 1228 1039 1292 Ore.
1063 1248 1137 1316 pag.
1163 1229 1216 1294 51.
1248 1227 1344 1315 Apud

157 1328 330 1395 libanium
357 1329 412 1397 lv.
441 1352 516 1418 pag.
550 1328 626 1398 722.
657 1331 779 1420 legitur
807 1333 1004 1411 καταμαθεῖν
1033 1354 1090 1419 pro
1120 1334 1267 1398 καταθεῖν
1292 1333 1343 1397 τίς·

152 1435 305 1518 populari.

202 1539 282 1626 Peg.
306 1538 359 1605 52.
391 1541 465 1618 θμοῦ
497 1543 554 1618 μὲν
583 1541 833 1620 θμολογουμένοις
863 1537 940 1607 οὖσα
962 1540 1189 1607 άποδθδεικται.
1226 1539 1264 1606 ln
1285 1539 1345 1608 00-

158 1642 228 1709 dice
250 1647 406 1729 seriptum
429 1651 494 1710 est:
519 1647 673 1724 ίμολογία
695 1643 780 1711 οὖσα.

202 1746 285 1834 Peg.
311 1748 365 1814 54.
389 1758 546 1824 ποιητικῶς
565 1749 645 1824 τινθς
666 1752 710 1819 ἔτι
730 1751 782 1816 καί
802 1760 972 1831 πρακτικῆς
985 1747 1082 1831 ἔργον.
1109 1748 1232 1816 Codex:
1246 1772 1343 1831 πρακ-

157 1858 243 1925 τικῆς
268 1856 378 1932 οὶρετιῖς
402 1852 499 1935 ἔργον.

202 1957 282 2044 Peg.
308 1956 361 2022 60.
385 1957 500 2024 laeum
522 1980 561 2024 ex
582 1956 697 2024 (lodice
717 1957 862 2042 expletur
884 1960 918 2022 in
940 1958 1025 2024 hune
1046 1958 1198 2024 modum:
1223 1960 1344 2039 προσρί-

158 2084 222 2125 ποιν
252 2061 302 2125 ἐπὶ
334 2062 389 2135 τίιν
420 2062 564 2137 τοιαθτνυ
596 2063 749 2140 ἕτοςάμοιν
780 2064 974 2144 (σοφώτατον
1005 2063 1058 2127 καὶ
1089 2062 1346 2139 παναλνθίςαπθν

157 2172 251 2247 φησιν
276 2163 351 2231 είναι
375 2167 427 2232 τὸν
448 2169 505 2243 τὴν
528 2167 672 2242 τοιαθτνν
696 2165 876 2247 διαιρετικίμ
899 2165 1016 2248 ἔχοντα
1039 2168 1192 2245 ἐπιςήμκο
1214 2167 1266 2234 διά
1287 2173 1345 2234 τῶν

159 2272 280 2351 πρῶτων
304 2271 388 2336 είδῶν
410 2272 462 2337 καὶ
488 2279 583 2350 γενῶν
605 2270 783 2350 συνάγοντα
805 2294 841 2336 τε
864 2274 961 2348 αὐτῶν
983 2273 1026 2343 είς
1049 2269 1080 2337 ἓν
1104 2270 1155 2337 διὰ
1178 2282 1234 2349 τῆς
1257 2274 1344 2355 θριςι·

159 2384 214 2451 κῶς
246 2375 411 2461 eatstan)
444 2381 498 2442 τοῦ
527 2400 563 2442 τε
587 2378 648 2449 ἑνὸς
671 2376 745 2442 θντα
769 2374 953 2457 θεωρητικθυ.
988 2376 1117 2443 refellit
1139 2375 1276 2442 scribam
1298 2397 1345 2443 re·

158 2482 296 2565 petitum
320 2481 473 2558 ἔπιςθμκν
486 2518 529 2530 -
541 2481 705 2558 ἐπιςθμιις.

203 2584 283 2671 Peg.
308 2584 362 2650 62.
394 2586 438 2650 τά
467 2586 498 2649 ἓν
521 2595 559 2666 τῇ
583 2583 792 2664 ουςοιχειάοει
817 2589 870 2650 τοῦ
894 2586 970 2649 θεοῦ.
1005 2580 1112 2650 (lodex
1133 2567 1218 2652 ουςθί
1239 2583 1275 2649 id
1296 2589 1344 2649 est

158 2692 315 2772 ουτοιχίρι.
341 2687 390 2756 cl.
414 2711 487 2776 pag.
513 2688 567 2753 68.

202 2794 283 2880 Peg.
308 2792 361 2858 64.
396 2796 413 2870 ἦ
437 2794 588 2874 προτροπὴ
611 2790 662 2857 διά
685 2789 809 2856 πάντων
832 2791 1007 2869 ἐξελθοῦσα.
1042 2789 1140 2856 Recte
1163 2792 1261 2856 sodex
1284 2799 1343 2855 ΔΙ·

158 2900 298 2963 σλίοῦοα.
329 2897 488 2983 Frequens
510 2896 683 2962 admodum
702 2896 779 2960 haee
797 2895 939 2961 eoulusio
958 2900 1015 2962 est.
1039 2893 1130 2960 Sitne
1141 2894 1343 2961 scribendum

158 3002 242 3068 δι-
255 3024 296 3068 an
319 3001 352 3078 ἐξ
364 3040 407 3051 -
420 3024 460 3067 an
482 3001 547 3078 διοξ
559 3003 695 3066 -ratio
716 3001 836 3085 ubique
858 2999 965 3079 deest,
989 3020 1053 3066 non
1074 2999 1151 3065 libri
1173 2999 1253 3066 Mas.

203 3106 283 3193 Peg.
311 3105 364 3171 64.
396 3105 512 3179 πάντες
543 3103 688 3185 άνθροιποι
719 3103 898 3182 βουλόμεθα
929 3101 962 3170 εὖ
993 3102 1151 3185 πράττειν.
1194 3103 1283 3171 Hsee
1313 3111 1344 3171 et

158 3232 239 3298 quae
260 3217 436 3296 sequuntur
458 3216 566 3277 sumta
587 3215 663 3276 eunt
684 3229 723 3274 ex
745 3209 889 3274 Platonis
911 3209 1091 3295 θίοίίριίσοιιο
1113 3218 1187 3296 pag.
1211 3205 1289 3275 278.
1313 3225 1343 3274 a.

203 3316 283 3402 Pag.
309 3314 362 3380 66.
388 3315 436 3380 δεῖ
455 3314 517 3394 ἄρα
540 3318 584 3393 μδρ
608 3314 696 3391 μθνον
721 3315 887 3389 κεκτῆσθαι
900 3314 1045 3379 -άλλά
1065 3313 1118 3377 καί
1137 3314 1270 3395 χρῆσθαι
1290 3314 1344 3377 αὖ·

159 3427 223 3491 τοῖς
249 3418 293 3483 Ἣ
321 3420 402 3485 οὐδὲν
425 3418 536 3502 ὄφελος
559 3428 614 3494 πῶς
637 3420 771 3496 κτθσεοις
795 3419 963 3497 γίγνεται.
1000 3417 1089 3484 Haeo
1111 3421 1160 3482 eet
1181 3419 1250 3502 ipsa
1271 3415 1346 3482 Pla·

160 3525 244 3588 tonis
264 3544 378 3589 manus
398 3527 433 3589 in
456 3525 522 3590 solo
545 3524 726 3589 Florentino
750 3521 865 3589 Codice
888 3527 1022 3589 servata.
1058 3520 1220 3607 Vulgatur
1243 3520 1277 3596 siv
1294 3522 1343 3585 οὐ·

161 3626 209 3691 lla
222 3663 263 3674 -
276 3627 446 3706 γίγνηται,
471 3633 504 3694 et
526 3628 611 3713 apud
632 3628 802 3694 Platonem
823 3647 897 3713 pag.
923 3624 1000 3691 280.
1025 3643 1056 3690 o.
1076 3626 1114 3696 ῶς
1132 3624 1214 3690 οὐδὲν
1232 3621 1344 3707 θφελος

161 3766 205 3781 -
222 3732 379 3808 γίγνεται.

204 3835 285 3922 Peg.
311 3833 364 3900 68.
398 3834 452 3901 ἐάν
482 3859 529 3907 τις
559 3843 674 3916 χρῆται
705 3835 750 3912 μίρ
774 3834 859 3914 ὀρθῶς
884 3836 993 3916 θτῳοῖιυ
1014 3832 1193 3915 πράγματι.
1228 3833 1345 3902 Melior

158 3942 212 4007 hie
242 3940 413 4021 verborum
445 3940 520 4005 ordo
542 3944 590 4004 eat
611 3959 708 4023 quam
736 3942 770 4004 in
792 3938 927 4025 vulgata
948 3937 1092 4005 Platonis
1112 3957 1187 4025 pag.
1211 3937 1289 4005 280.
1314 3959 1343 4006 u.

158 4048 267 4128 ὁτῳοῦν
290 4047 334 4122 μὴ
359 4046 444 4125 ὀρθῶς
469 4043 647 4123 πράγματι.

205 4152 285 4237 Peg.
311 4150 364 4215 68.
396 4152 448 4215 καί
481 4148 549 4229 περὶ
583 4149 637 4221 τίρν
669 4147 778 4228 χρείαν
808 4144 846 4212 ὧν
875 4145 1024 4225 ἐλέγομεν
1051 4147 1085 4212 τδ
1109 4153 1223 4228 πρῶτον
1245 4156 1346 4214 ΤΩΝ

160 4257 297 4335 άγαθῶν.
332 4255 451 4321 Iisdem
479 4256 586 4322 verbis
617 4254 694 4318 haee
723 4256 840 4338 scripta
870 4261 944 4319 sunt
971 4253 1054 4339 apud
1082 4252 1250 4319 Platonem
1271 4274 1346 4341 pag.

161 4360 238 4426 281.
263 4379 294 4427 λ.
327 4361 382 4428 sed
403 4361 572 4444 utrobique
595 4363 653 4423 τῶν
675 4358 939 4446 expungendum,
971 4364 1009 4423 ut
1030 4358 1199 4425 verborum
1223 4379 1348 4445 compo
