3296 5022
30 240 32 297 t

30 332 32 389 t

30 472 31 503 b

607 388 805 435 courncruusu
830 390 946 435 currus.
1032 410 1035 417 ι
1306 376 1367 438 bil

175 558 314 644 insuper
348 556 451 622 obstat
486 576 563 623 usus
589 559 851 645 rechimerum,
878 557 962 624 unde
986 543 1150 625 admittere
1174 578 1235 624 non
1263 561 1371 626 minus

173 662 294 747 pendet
327 682 423 748 quam
454 673 583 746 pectere.
625 663 689 729 Nee
723 674 848 730 tantum
881 664 996 750 forcipi
1026 665 1059 729 in
1090 663 1241 729 toudeudo
1264 663 1370 730 bocum

169 787 243 832 esse
278 767 338 834 sed
370 768 467 833 etiam
501 768 600 833 cudtro
629 769 741 854 probat
768 790 796 834 v.
822 790 851 834 c.
878 768 967 833 locus
993 767 1157 834 Ciceronis
1181 768 1220 834 de
1245 767 1295 833 off.
1324 769 1369 845 ΙΙ,

162 886 200 936 e.
228 878 261 936 7:
292 873 429 937 cultrum
454 876 622 937 tonsorium
644 893 742 959 super
765 873 912 958 iugulum
938 890 1044 939 ntenm
1067 876 1169 960 posui.
1214 872 1371 939 Videatur

168 979 272 1041 etiam
311 977 434 1042 Plinius
465 977 523 1042 th
552 998 620 1062 cap.
648 984 709 1045 59:
738 980 861 1063 priuuus
889 980 1032 1043 omnium
1058 979 1130 1043 rodi
1153 977 1298 1064 quotidie
1322 979 1369 1043 in·

170 1083 286 1147 stituit
313 1080 483 1147 Africanus
507 1100 661 1167 sequens:
697 1083 791 1148 uivus
816 1086 982 1168 Augoustns
1005 1084 1115 1149 cultris
1138 1102 1265 1168 semper
1289 1102 1368 1148 usus

169 1196 243 1265 est,
272 1189 298 1252 i.
326 1207 352 1252 e.
374 1206 502 1272 semper
522 1186 652 1253 tenebam
674 1189 827 1254 tondebat.
854 1189 1043 1255 Rectissime
1056 1189 1158 1275 igitur
1171 1187 1366 1254 Scholiasta:

168 1290 342 1357 admittere
365 1293 474 1377 cutus]
501 1291 533 1357 id
558 1302 624 1370 est,
651 1292 776 1358 tondere
795 1292 940 1359 barbam.

603 1396 667 1461 Sat.
694 1397 786 1472 xlv,
813 1402 877 1462 252
899 1418 951 1483 sq.

188 1530 195 1535 ·
315 1520 408 1566 nemo
432 1502 511 1566 satis
535 1500 639 1566 credit
662 1509 790 1566 tantum
814 1501 1021 1587 deiinquere‚
1047 1510 1206 1588 quantum

229 1598 231 1603 ’
316 1608 500 1692 perunctus:
523 1628 600 1673 oneo
623 1606 793 1692 indulgent
816 1607 878 1672 sibi
901 1606 998 1672 latius
1022 1608 1096 1693 ipsi.

220 1710 289 1777 Vox
313 1713 406 1787 odeo,
431 1722 587 1796 cluantum
614 1714 702 1796 potui
726 1711 915 1789 observare,
942 1731 1118 1797 numquam
1141 1710 1278 1797 augendi
1299 1712 1364 1777 vim

170 1835 310 1899 'seorsus
335 1816 502 1902 deposuit,
529 1818 571 1881 ita
599 1826 633 1881 ut
657 1817 697 1881 ab
721 1816 780 1881 boo
806 1815 892 1893 loco,
916 1818 1009 1882 cuius
1035 1816 1111 1883 baec
1124 1824 1174 1882 est
1187 1816 1365 1894 sententia,

171 1922 272 2005 »quia
305 1942 396 1986 uemo
419 1921 495 1985 sotis
517 1941 582 1986 esse
605 1921 703 1987 eredit
726 1931 844 1988 tautum
869 1922 1049 2008 delinquere
1072 1932 1222 2008 quantum
1247 1923 1365 2008 ciper-

169 2026 301 2103 mittos‚
319 2026 395 2112 plus
417 2026 582 2112 iudutyeut
605 2027 666 2091 ribi
686 2028 783 2111 ipsi’',
809 2026 911 2093 aliena
936 2046 1006 2094 esse
1031 2027 1190 2094 rideatur.
1216 2026 1364 2094 Scribere

171 2129 279 2213 igitur
304 2131 433 2197 malim:

450 2255 518 2301 enno
542 2235 710 2322 induigeut
734 2237 803 2316 sibi
819 2237 917 2303 botius
940 2239 1014 2324 ipsi.

596 2342 660 2407 Sat.
688 2342 779 2418 XIV,
808 2347 872 2408 265
897 2362 945 2427 sq.

313 2466 353 2510 an
380 2448 483 2531 magis
504 2446 665 2512 obiectant
689 2449 833 2513 animum
859 2448 976 2512 iactatu
1000 2456 1135 2532 petauro

312 2570 444 2637 corpora
469 2553 588 2638 quique
613 2552 692 2618 solet
716 2572 831 2617 necrus
852 2550 1044 2617 descendere
1070 2550 1193 2617 funem.

223 2654 427 2721 adtecctrum
458 2668 560 2722 rectus
588 2656 683 2722 bnbet
715 2657 777 2721 sibi
810 2658 952 2742 opposita
978 2655 1106 2720 nomina
1126 2675 1261 2741 morus,
1284 2655 1363 2720 obti-

172 2781 275 2846 quus,
298 2782 428 2837 curuum,
454 2763 496 2826 ita
524 2771 558 2826 ut
581 2780 645 2848 qua
667 2762 697 2824 ui
719 2759 1071 2836 tuuutsambutuortus,
1098 2778 1170 2825 uam
1185 2759 1361 2825 deiunam·

173 2864 262 2931 bulis
285 2885 391 2931 sermo
415 2873 483 2942 est,
509 2875 610 2931 recture
633 2864 777 2942 dicatur,
804 2885 865 2929 non
890 2866 970 2930 satis
992 2883 1155 2949 assequar.
1188 2863 1302 2930 Nescio
1320 2882 1360 2929 an

172 2979 287 3054 poetae
311 2991 426 3036 uranus
444 2971 486 3035 sit
510 2969 623 3035 haece:

267 3077 387 3163 otiique
412 3074 490 3141 solet
516 3076 623 3163 (quive
645 3075 759 3161 soleti)
783 3094 901 3139 rourum
925 3072 1117 3141 descendere
1141 3073 1261 3141 sunem.

432 3194 435 3199 ’
547 3180 612 3246 Sat.
637 3181 709 3247 xlv
735 3201 809 3267 pars
833 3189 985 3247 extrema.

312 3285 346 3352 st
373 3285 514 3350 nondum
539 3286 669 3372 implevi
692 3289 872 3371 geranium,
899 3286 926 3350 si
951 3272 1222 3371 mandiburnium

311 3411 370 3456 uec
392 3390 498 3457 Croesi
525 3391 652 3458 fortuna
678 3411 830 3477 uniquam
857 3412 914 3457 nee
938 3390 1067 3457 Persica
1091 3409 1190 3476 regna

309 3492 471 3560 sufficient
495 3499 602 3561 animo
626 3516 684 3563 nec
708 3495 839 3562 diuitiae
863 3497 1016 3562 Narcissi.

309 3600 460 3686 [indulsit
484 3602 600 3668 Caesar
623 3605 676 3667 cui
701 3602 856 3668 Claudius
881 3604 1003 3677 omnia,
1027 3601 1122 3667 ouius

309 3708 416 3791 paruit
441 3708 586 3793 imperiis
611 3726 742 3773 uxorem
769 3708 915 3775 occidere
939 3709 1073 3792 iussus}

218 3809 287 3875 Duo
312 3811 417 3877 ultimi
441 3832 571 3890 versus,
597 3812 657 3876 nisi
684 3832 733 3877 nte
753 3814 860 3878 ornniu
881 3811 1012 3891 saliunt,
1033 3810 1276 3878 suntscholium
1292 3832 1356 3878 me·

170 3916 313 4006 triento,
347 3936 408 3982 non
434 3916 535 4004 ipsius
559 3926 669 4003 poetae
694 3917 801 3983 verbu.
838 3918 899 3997 Qui
923 3918 1093 3983 Narcissus
1116 3915 1356 4001 significaretur

170 4020 290 4087 latebat
321 4024 433 4108 opinor
458 4024 619 4087 neminem
646 4023 795 4088 lectorem
822 4023 1022 4099 Romanum,
1046 4042 1120 4097 nec,
1146 4021 1230 4107 quod
1254 4023 1356 4087 maio·

170 4127 218 4190 ris
241 4127 338 4191 ctiam
363 4137 412 4192 est
434 4128 616 4203 metuenti„
635 4128 806 4214 quicquam
830 4127 886 4192 icoo
908 4127 976 4192 toco
994 4125 1033 4191 ad
1055 4147 1122 4191 rem
1145 4126 1250 4192 iacere
1263 4135 1353 4213 puto,

170 4239 282 4297 utrum
314 4253 351 4298 eo
379 4240 510 4297 auctore
542 4231 694 4297 Clatudius
727 4234 902 4318 imperator
929 4230 1129 4298 Messalinam
1155 4231 1355 4300 interfecerit

170 4354 290 4414 neone,
316 4336 593 4424 meandoquidem,
621 4348 656 4403 ut
679 4347 812 4425 apparet
832 4357 849 4403 e
868 4339 1079 4423 praegressis
1105 4338 1157 4405 bic
1170 4340 1278 4426 agitur
1290 4358 1354 4406 non

168 4441 209 4506 de
229 4444 365 4527 potentio
389 4442 548 4522 bominis,
574 4443 628 4510 sed
654 4444 692 4511 de
717 4443 792 4510 sniis
815 4444 886 4510 eius
909 4443 1035 4509 rtiuitit's.
