<?xml version="1.0" encoding="UTF-8"?>
<!DOCTYPE html PUBLIC "-//W3C//DTD XHTML 1.0 Transitional//EN"
    "http://www.w3.org/TR/xhtml1/DTD/xhtml1-transitional.dtd">
<html xmlns="http://www.w3.org/1999/xhtml" xml:lang="en" lang="en">
 <head>
  <title>
</title>
<meta http-equiv="Content-Type" content="text/html;charset=utf-8" />
  <meta name='ocr-system' content='tesseract 3.04.00' />
  <meta name='ocr-capabilities' content='ocr_page ocr_carea ocr_par ocr_line ocrx_word'/>
</head>
<body>
  <div class='ocr_page' id='page_1' title='image "./mnemosynebiblio00servgoog_0505.png"; bbox 0 0 3296 5022; ppageno 0'>
   <div class='ocr_carea' id='block_1_1' title="bbox 275 324 1035 393">
    <p class='ocr_par' dir='ltr' id='par_1_1' title="bbox 275 324 1035 393">
     <span class='ocr_line' id='line_1_1' title="bbox 275 324 1035 393; baseline -0.003 -3"><span class='ocrx_word' id='word_1_1' title='bbox 275 324 317 390; x_wconf 78' lang='lat'><strong>58</strong></span> <span class='ocrx_word' id='word_1_2' title='bbox 703 344 745 392; x_wconf 84' lang='lat' dir='ltr'><strong>so</strong></span> <span class='ocrx_word' id='word_1_3' title='bbox 769 342 1035 393; x_wconf 75' lang='lat' dir='ltr'><strong>rnnormusrou.</strong></span> 
     </span>
    </p>
   </div>
   <div class='ocr_carea' id='block_1_2' title="bbox 273 509 1465 704">
    <p class='ocr_par' dir='ltr' id='par_1_2' title="bbox 273 509 1465 704">
     <span class='ocr_line' id='line_1_2' title="bbox 273 509 1463 602; baseline -0.007 -23"><span class='ocrx_word' id='word_1_4' title='bbox 273 515 335 592; x_wconf 82' lang='lat' dir='ltr'><strong>let,</strong></span> <span class='ocrx_word' id='word_1_5' title='bbox 367 515 585 591; x_wconf 81' lang='grc' dir='ltr'><strong><em>ποὶναλωμαπα</em></strong></span> <span class='ocrx_word' id='word_1_6' title='bbox 617 512 692 602; x_wconf 88' lang='lat' dir='ltr'><strong>(non</strong></span> <span class='ocrx_word' id='word_1_7' title='bbox 713 514 757 579; x_wconf 79' lang='lat' dir='ltr'><strong>rai</strong></span> <span class='ocrx_word' id='word_1_8' title='bbox 778 516 886 598; x_wconf 85' lang='grc' dir='ltr'><strong><em>οίναλ.)</em></strong></span> <span class='ocrx_word' id='word_1_9' title='bbox 910 509 1145 578; x_wconf 81' lang='grc' dir='ltr'><strong><em>ΜΕΤΑδιδίνπι</em></strong></span> <span class='ocrx_word' id='word_1_10' title='bbox 1171 516 1233 581; x_wconf 76' lang='grc' dir='ltr'><strong><em>τοῖς</em></strong></span> <span class='ocrx_word' id='word_1_11' title='bbox 1258 509 1381 590; x_wconf 70' lang='grc' dir='ltr'><strong><em>ἀπόροις</em></strong></span> <span class='ocrx_word' id='word_1_12' title='bbox 1405 512 1463 573; x_wconf 61' lang='grc' dir='ltr'><strong>πᾶν</strong></span> 
     </span>
     <span class='ocr_line' id='line_1_3' title="bbox 275 615 1465 704; baseline -0.005 -21"><span class='ocrx_word' id='word_1_13' title='bbox 275 625 423 696; x_wconf 80' lang='grc' dir='ltr'><strong><em>πολιτῶν,</em></strong></span> <span class='ocrx_word' id='word_1_14' title='bbox 453 619 487 684; x_wconf 92' lang='lat' dir='ltr'><strong>id</strong></span> <span class='ocrx_word' id='word_1_15' title='bbox 515 627 563 683; x_wconf 87' lang='lat' dir='ltr'><strong>est</strong></span> <span class='ocrx_word' id='word_1_16' title='bbox 593 620 629 684; x_wconf 79' lang='lat' dir='ltr'><strong>de</strong></span> <span class='ocrx_word' id='word_1_17' title='bbox 657 643 713 685; x_wconf 83' lang='grc' dir='ltr'><strong><em>ιιιο</em></strong></span> <span class='ocrx_word' id='word_1_18' title='bbox 743 620 828 704; x_wconf 76' lang='lat' dir='ltr'><strong>copia</strong></span> <span class='ocrx_word' id='word_1_19' title='bbox 858 619 971 684; x_wconf 77' lang='grc' dir='ltr'><strong><em>σίοίίνι</em></strong></span> <span class='ocrx_word' id='word_1_20' title='bbox 1000 619 1103 702; x_wconf 79' lang='lat' dir='ltr'><strong>inopia</strong></span> <span class='ocrx_word' id='word_1_21' title='bbox 1128 615 1331 681; x_wconf 72' lang='grc' dir='ltr'><strong><em>ίωίονσιοίίοωι</em></strong></span> <span class='ocrx_word' id='word_1_22' title='bbox 1353 629 1465 678; x_wconf 74' lang='lat' dir='ltr'><strong>mua-</strong></span> 
     </span>
    </p>
   </div>
   <div class='ocr_carea' id='block_1_3' title="bbox 162 733 409 790">
    <p class='ocr_par' dir='ltr' id='par_1_3' title="bbox 162 733 409 790">
     <span class='ocr_line' id='line_1_4' title="bbox 162 733 409 790; baseline -0.008 0"><span class='ocrx_word' id='word_1_23' title='bbox 162 733 164 737; x_wconf 30' lang='lat'>*</span> <span class='ocrx_word' id='word_1_24' title='bbox 276 740 409 790; x_wconf 72' lang='lat' dir='ltr'><strong>mussa.</strong></span> 
     </span>
    </p>
   </div>
   <div class='ocr_carea' id='block_1_4' title="bbox 274 932 1465 1544">
    <p class='ocr_par' dir='ltr' id='par_1_4' title="bbox 274 932 1465 1544">
     <span class='ocr_line' id='line_1_5' title="bbox 318 932 1463 1016; baseline -0.005 -17"><span class='ocrx_word' id='word_1_25' title='bbox 318 934 399 999; x_wconf 91' lang='lat' dir='ltr'><strong>Ibid.</strong></span> <span class='ocrx_word' id='word_1_26' title='bbox 424 933 475 998; x_wconf 81' lang='grc' dir='ltr'><strong>καί</strong></span> <span class='ocrx_word' id='word_1_27' title='bbox 501 934 669 1013; x_wconf 77' lang='grc' dir='ltr'><strong><em>προσελθὼν</em></strong></span> <span class='ocrx_word' id='word_1_28' title='bbox 692 934 720 998; x_wconf 86' lang='grc' dir='ltr'><strong>δ’</strong></span> <span class='ocrx_word' id='word_1_29' title='bbox 743 935 786 1005; x_wconf 83' lang='grc' dir='ltr'><strong>είς</strong></span> <span class='ocrx_word' id='word_1_30' title='bbox 808 935 878 1006; x_wconf 84' lang='grc' dir='ltr'><strong><em>τοὺς</em></strong></span> <span class='ocrx_word' id='word_1_31' title='bbox 902 932 1012 1004; x_wconf 77' lang='grc' dir='ltr'><strong><em>ἵππους</em></strong></span> <span class='ocrx_word' id='word_1_32' title='bbox 1036 934 1107 1004; x_wconf 84' lang='grc' dir='ltr'><strong><em>ποὺς</em></strong></span> <span class='ocrx_word' id='word_1_33' title='bbox 1131 933 1268 1009; x_wconf 69' lang='grc' dir='ltr'><strong><em>ἀγαθοὺς</em></strong></span> <span class='ocrx_word' id='word_1_34' title='bbox 1296 932 1374 1016; x_wconf 78' lang='grc' dir='ltr'><strong><em>[τοῖς</em></strong></span> <span class='ocrx_word' id='word_1_35' title='bbox 1397 953 1463 994; x_wconf 88' lang='grc' dir='ltr'><strong>πω-</strong></span> 
     </span>
     <span class='ocr_line' id='line_1_6' title="bbox 274 1034 1464 1124; baseline -0.005 -20"><span class='ocrx_word' id='word_1_36' title='bbox 274 1040 375 1124; x_wconf 82' lang='grc' dir='ltr'><strong><em>λοῦσι]</em></strong></span> <span class='ocrx_word' id='word_1_37' title='bbox 401 1041 662 1121; x_wconf 69' lang='grc' dir='ltr'><strong><em>προσποιήσασθαι</em></strong></span> <span class='ocrx_word' id='word_1_38' title='bbox 692 1038 847 1124; x_wconf 65' lang='lat' dir='ltr'><strong>avaricia]</strong></span> <span class='ocrx_word' id='word_1_39' title='bbox 899 1039 1070 1118; x_wconf 79' lang='grc' dir='ltr'><strong><em>Προσελίιδν</em></strong></span> <span class='ocrx_word' id='word_1_40' title='bbox 1098 1040 1140 1109; x_wconf 83' lang='grc' dir='ltr'><strong>είς</strong></span> <span class='ocrx_word' id='word_1_41' title='bbox 1164 1039 1233 1110; x_wconf 84' lang='grc' dir='ltr'><strong><em>ποὺς</em></strong></span> <span class='ocrx_word' id='word_1_42' title='bbox 1257 1034 1368 1108; x_wconf 77' lang='grc' dir='ltr'><em>ἵππους</em></span> <span class='ocrx_word' id='word_1_43' title='bbox 1392 1036 1464 1107; x_wconf 86' lang='grc' dir='ltr'><strong><em>τοὺς</em></strong></span> 
     </span>
     <span class='ocr_line' id='line_1_7' title="bbox 274 1141 1464 1228; baseline -0.005 -18"><span class='ocrx_word' id='word_1_44' title='bbox 274 1143 413 1223; x_wconf 71' lang='grc' dir='ltr'><strong><em>ἀναδούς</em></strong></span> <span class='ocrx_word' id='word_1_45' title='bbox 443 1147 518 1209; x_wconf 84' lang='lat' dir='ltr'><strong>noto</strong></span> <span class='ocrx_word' id='word_1_46' title='bbox 547 1149 580 1207; x_wconf 87' lang='lat' dir='ltr'><strong>et</strong></span> <span class='ocrx_word' id='word_1_47' title='bbox 609 1143 766 1228; x_wconf 78' lang='lat' dir='ltr'>frequenti</span> <span class='ocrx_word' id='word_1_48' title='bbox 794 1165 856 1209; x_wconf 90' lang='lat' dir='ltr'><strong>usu</strong></span> <span class='ocrx_word' id='word_1_49' title='bbox 886 1146 1066 1209; x_wconf 86' lang='lat' dir='ltr'><strong>Atticorum</strong></span> <span class='ocrx_word' id='word_1_50' title='bbox 1099 1143 1223 1208; x_wconf 89' lang='lat' dir='ltr'><strong>dictum</strong></span> <span class='ocrx_word' id='word_1_51' title='bbox 1252 1147 1304 1221; x_wconf 84' lang='lat' dir='ltr'><strong>(ut</strong></span> <span class='ocrx_word' id='word_1_52' title='bbox 1327 1142 1370 1213; x_wconf 78' lang='grc' dir='ltr'><strong>εἷς</strong></span> <span class='ocrx_word' id='word_1_53' title='bbox 1393 1141 1464 1210; x_wconf 80' lang='grc' dir='ltr'><strong><em>τοὺς</em></strong></span> 
     </span>
     <span class='ocr_line' id='line_1_8' title="bbox 275 1244 1464 1328; baseline -0.004 -13"><span class='ocrx_word' id='word_1_54' title='bbox 275 1251 381 1328; x_wconf 81' lang='grc' dir='ltr'><strong><em>ίχίῦς,</em></strong></span> <span class='ocrx_word' id='word_1_55' title='bbox 414 1248 449 1313; x_wconf 75' lang='grc' dir='ltr'><strong>πὸ</strong></span> <span class='ocrx_word' id='word_1_56' title='bbox 472 1248 581 1328; x_wconf 85' lang='grc' dir='ltr'><strong><em>μύρον,</em></strong></span> <span class='ocrx_word' id='word_1_57' title='bbox 612 1245 744 1327; x_wconf 77' lang='grc' dir='ltr'><strong><em>τοῦψον,</em></strong></span> <span class='ocrx_word' id='word_1_58' title='bbox 775 1249 826 1313; x_wconf 74' lang='grc' dir='ltr'><strong>πον</strong></span> <span class='ocrx_word' id='word_1_59' title='bbox 849 1244 940 1320; x_wconf 80' lang='grc' dir='ltr'><strong><em>οἶνον,</em></strong></span> <span class='ocrx_word' id='word_1_60' title='bbox 972 1248 1016 1313; x_wconf 76' lang='lat' dir='ltr'><strong>roi</strong></span> <span class='ocrx_word' id='word_1_61' title='bbox 1038 1249 1177 1327; x_wconf 84' lang='grc' dir='ltr'><strong><em>βιβλία,</em></strong></span> <span class='ocrx_word' id='word_1_62' title='bbox 1210 1248 1245 1312; x_wconf 80' lang='grc' dir='ltr'><strong>πὸ</strong></span> <span class='ocrx_word' id='word_1_63' title='bbox 1268 1246 1464 1325; x_wconf 72' lang='grc' dir='ltr'><strong><em>λιβανωτόν,</em></strong></span> 
     </span>
     <span class='ocr_line' id='line_1_9' title="bbox 275 1353 1465 1442; baseline -0.003 -23"><span class='ocrx_word' id='word_1_64' title='bbox 275 1353 434 1442; x_wconf 74' lang='lat' dir='ltr'><strong>significat</strong></span> <span class='ocrx_word' id='word_1_65' title='bbox 453 1355 618 1418; x_wconf 75' lang='lat' dir='ltr'><strong>accessisse</strong></span> <span class='ocrx_word' id='word_1_66' title='bbox 635 1354 798 1419; x_wconf 91' lang='lat' dir='ltr'><strong>hominem</strong></span> <span class='ocrx_word' id='word_1_67' title='bbox 818 1354 857 1418; x_wconf 90' lang='lat' dir='ltr'><strong>ad</strong></span> <span class='ocrx_word' id='word_1_68' title='bbox 875 1360 1087 1439; x_wconf 82' lang='lat' dir='ltr'><strong>campartem</strong></span> <span class='ocrx_word' id='word_1_69' title='bbox 1105 1354 1185 1430; x_wconf 85' lang='lat' dir='ltr'><strong>fori,</strong></span> <span class='ocrx_word' id='word_1_70' title='bbox 1206 1355 1262 1418; x_wconf 91' lang='lat' dir='ltr'><strong>ubi</strong></span> <span class='ocrx_word' id='word_1_71' title='bbox 1281 1355 1355 1438; x_wconf 88' lang='lat' dir='ltr'><strong>equi</strong></span> <span class='ocrx_word' id='word_1_72' title='bbox 1371 1371 1465 1439; x_wconf 81' lang='lat' dir='ltr'><strong>gene-</strong></span> 
     </span>
     <span class='ocr_line' id='line_1_10' title="bbox 274 1457 1465 1544; baseline 0.002 -20"><span class='ocrx_word' id='word_1_73' title='bbox 274 1461 339 1524; x_wconf 89' lang='lat' dir='ltr'><strong>rosi</strong></span> <span class='ocrx_word' id='word_1_74' title='bbox 367 1457 495 1524; x_wconf 78' lang='lat' dir='ltr'><strong>venales</strong></span> <span class='ocrx_word' id='word_1_75' title='bbox 521 1458 705 1544; x_wconf 80' lang='lat' dir='ltr'><strong>prostabant</strong></span> <span class='ocrx_word' id='word_1_76' title='bbox 733 1466 765 1524; x_wconf 87' lang='lat' dir='ltr'><strong>et</strong></span> <span class='ocrx_word' id='word_1_77' title='bbox 795 1462 947 1524; x_wconf 89' lang='lat' dir='ltr'><strong>emturire</strong></span> <span class='ocrx_word' id='word_1_78' title='bbox 976 1481 1009 1525; x_wconf 91' lang='lat' dir='ltr'><strong>se</strong></span> <span class='ocrx_word' id='word_1_79' title='bbox 1038 1459 1200 1525; x_wconf 87' lang='lat' dir='ltr'><strong>simulare.</strong></span> <span class='ocrx_word' id='word_1_80' title='bbox 1253 1458 1371 1523; x_wconf 86' lang='lat' dir='ltr'><strong>Dativo</strong></span> <span class='ocrx_word' id='word_1_81' title='bbox 1401 1464 1465 1526; x_wconf 77' lang='grc' dir='ltr'><strong><em>σοῖο</em></strong></span> 
     </span>
    </p>
   </div>
   <div class='ocr_carea' id='block_1_5' title="bbox 275 1563 1467 1734">
    <p class='ocr_par' dir='ltr' id='par_1_5' title="bbox 275 1563 1467 1734">
     <span class='ocr_line' id='line_1_11' title="bbox 275 1563 1467 1652; baseline -0.003 -23"><span class='ocrx_word' id='word_1_82' title='bbox 275 1567 410 1629; x_wconf 75' lang='grc' dir='ltr'><strong><em>πωλοῦσι</em></strong></span> <span class='ocrx_word' id='word_1_83' title='bbox 440 1563 533 1648; x_wconf 89' lang='lat' dir='ltr'><strong>plane</strong></span> <span class='ocrx_word' id='word_1_84' title='bbox 564 1564 673 1628; x_wconf 89' lang='lat' dir='ltr'><strong>inutili</strong></span> <span class='ocrx_word' id='word_1_85' title='bbox 703 1570 735 1629; x_wconf 92' lang='lat' dir='ltr'><strong>et</strong></span> <span class='ocrx_word' id='word_1_86' title='bbox 762 1585 991 1648; x_wconf 86' lang='lat' dir='ltr'><strong>supervacaneo</strong></span> <span class='ocrx_word' id='word_1_87' title='bbox 1017 1564 1130 1652; x_wconf 84' lang='lat' dir='ltr'><strong>pullus</strong></span> <span class='ocrx_word' id='word_1_88' title='bbox 1154 1566 1283 1630; x_wconf 88' lang='lat' dir='ltr'><strong>omnino</strong></span> <span class='ocrx_word' id='word_1_89' title='bbox 1306 1563 1395 1627; x_wconf 86' lang='lat' dir='ltr'><strong>iocus</strong></span> <span class='ocrx_word' id='word_1_90' title='bbox 1419 1582 1467 1625; x_wconf 92' lang='lat' dir='ltr'><strong>re·</strong></span> 
     </span>
     <span class='ocr_line' id='line_1_12' title="bbox 275 1668 453 1734; baseline -0.017 0"><span class='ocrx_word' id='word_1_91' title='bbox 275 1668 373 1734; x_wconf 87' lang='lat' dir='ltr'><strong>lictus</strong></span> <span class='ocrx_word' id='word_1_92' title='bbox 395 1674 453 1733; x_wconf 89' lang='lat' dir='ltr'><strong>est.</strong></span> 
     </span>
    </p>
   </div>
   <div class='ocr_carea' id='block_1_6' title="bbox 276 1876 1467 2170">
    <p class='ocr_par' dir='ltr' id='par_1_6' title="bbox 276 1876 1467 2170">
     <span class='ocr_line' id='line_1_13' title="bbox 321 1876 1466 1960; baseline -0.003 -15"><span class='ocrx_word' id='word_1_93' title='bbox 321 1880 402 1945; x_wconf 88' lang='lat' dir='ltr'><strong>Ibid.</strong></span> <span class='ocrx_word' id='word_1_94' title='bbox 424 1879 477 1943; x_wconf 80' lang='grc' dir='ltr'><strong>καί</strong></span> <span class='ocrx_word' id='word_1_95' title='bbox 502 1879 552 1942; x_wconf 75' lang='grc' dir='ltr'><strong>ἐπὶ</strong></span> <span class='ocrx_word' id='word_1_96' title='bbox 574 1880 775 1950; x_wconf 73' lang='grc' dir='ltr'><strong><em>παΟΚΛΙνας</em></strong></span> <span class='ocrx_word' id='word_1_97' title='bbox 803 1879 894 1943; x_wconf 67' lang='lat' dir='ltr'><strong>lassu</strong></span> <span class='ocrx_word' id='word_1_98' title='bbox 918 1881 1088 1957; x_wconf 76' lang='grc' dir='ltr'><strong><em>ἱματισμὸν</em></strong></span> <span class='ocrx_word' id='word_1_99' title='bbox 1110 1879 1240 1960; x_wconf 76' lang='grc' dir='ltr'><strong><em>ζνπῆσαι</em></strong></span> <span class='ocrx_word' id='word_1_100' title='bbox 1265 1881 1307 1952; x_wconf 82' lang='grc' dir='ltr'><strong>είς</strong></span> <span class='ocrx_word' id='word_1_101' title='bbox 1332 1878 1383 1944; x_wconf 84' lang='grc' dir='ltr'><strong>δύο</strong></span> <span class='ocrx_word' id='word_1_102' title='bbox 1406 1876 1466 1941; x_wconf 82' lang='grc' dir='ltr'><strong><em>ποί·</em></strong></span> 
     </span>
     <span class='ocr_line' id='line_1_14' title="bbox 276 1982 1467 2071; baseline -0.003 -21"><span class='ocrx_word' id='word_1_103' title='bbox 276 1985 408 2069; x_wconf 79' lang='grc' dir='ltr'><strong><em>λανσα.]</em></strong></span> <span class='ocrx_word' id='word_1_104' title='bbox 455 1983 535 2048; x_wconf 87' lang='lat' dir='ltr'><strong>olim</strong></span> <span class='ocrx_word' id='word_1_105' title='bbox 564 2003 640 2048; x_wconf 80' lang='lat' dir='ltr'><strong>vera</strong></span> <span class='ocrx_word' id='word_1_106' title='bbox 668 1983 763 2048; x_wconf 88' lang='lat' dir='ltr'><strong>lectio</strong></span> <span class='ocrx_word' id='word_1_107' title='bbox 792 1989 916 2068; x_wconf 88' lang='lat' dir='ltr'><strong>reperta</strong></span> <span class='ocrx_word' id='word_1_108' title='bbox 936 1991 984 2048; x_wconf 88' lang='lat' dir='ltr'><strong>est</strong></span> <span class='ocrx_word' id='word_1_109' title='bbox 1006 1984 1061 2049; x_wconf 87' lang='lat' dir='ltr'><strong>sed</strong></span> <span class='ocrx_word' id='word_1_110' title='bbox 1083 2005 1178 2050; x_wconf 87' lang='lat' dir='ltr'><strong>nemo</strong></span> <span class='ocrx_word' id='word_1_111' title='bbox 1200 1986 1342 2071; x_wconf 80' lang='lat' dir='ltr'><strong>agnovit.</strong></span> <span class='ocrx_word' id='word_1_112' title='bbox 1389 1982 1467 2047; x_wconf 88' lang='lat' dir='ltr'><strong>Rec-</strong></span> 
     </span>
     <span class='ocr_line' id='line_1_15' title="bbox 277 2085 1288 2170; baseline -0.001 -16"><span class='ocrx_word' id='word_1_113' title='bbox 277 2091 401 2154; x_wconf 87' lang='lat' dir='ltr'><strong>tissime</strong></span> <span class='ocrx_word' id='word_1_114' title='bbox 424 2091 510 2153; x_wconf 88' lang='lat' dir='ltr'><strong>enim</strong></span> <span class='ocrx_word' id='word_1_115' title='bbox 533 2085 753 2153; x_wconf 81' lang='lat' dir='ltr'><strong>Casaubonus:</strong></span> <span class='ocrx_word' id='word_1_116' title='bbox 781 2087 885 2170; x_wconf 70' lang='lat' dir='ltr'><strong>„hepo</strong></span> <span class='ocrx_word' id='word_1_117' title='bbox 908 2088 958 2152; x_wconf 78' lang='grc' dir='ltr'><strong>ἐπὶ</strong></span> <span class='ocrx_word' id='word_1_118' title='bbox 982 2096 1067 2154; x_wconf 74' lang='lat' dir='ltr'><strong>Tac</strong></span> <span class='ocrx_word' id='word_1_119' title='bbox 1092 2088 1288 2154; x_wconf 83' lang='lat' dir='ltr'><strong>CKHNAC”.</strong></span> 
     </span>
    </p>
   </div>
   <div class='ocr_carea' id='block_1_7' title="bbox 278 2292 1466 2486">
    <p class='ocr_par' dir='ltr' id='par_1_7' title="bbox 278 2292 1466 2486">
     <span class='ocr_line' id='line_1_16' title="bbox 323 2292 1466 2379; baseline -0.003 -15"><span class='ocrx_word' id='word_1_120' title='bbox 323 2298 404 2364; x_wconf 83' lang='lat' dir='ltr'><strong>ibid.</strong></span> <span class='ocrx_word' id='word_1_121' title='bbox 436 2295 488 2360; x_wconf 80' lang='grc' dir='ltr'><strong>καί</strong></span> <span class='ocrx_word' id='word_1_122' title='bbox 520 2297 562 2374; x_wconf 79' lang='grc' dir='ltr'><strong>τῷ</strong></span> <span class='ocrx_word' id='word_1_123' title='bbox 590 2295 676 2361; x_wconf 79' lang='grc' dir='ltr'><strong><em>παιδί</em></strong></span> <span class='ocrx_word' id='word_1_124' title='bbox 708 2293 869 2374; x_wconf 73' lang='grc' dir='ltr'><strong><em>μάχεσθαι</em></strong></span> <span class='ocrx_word' id='word_1_125' title='bbox 892 2292 939 2360; x_wconf 74' lang='grc' dir='ltr'><strong>ὅτι</strong></span> <span class='ocrx_word' id='word_1_126' title='bbox 963 2305 1023 2362; x_wconf 85' lang='grc' dir='ltr'><strong>ΤΟ</strong></span> <span class='ocrx_word' id='word_1_127' title='bbox 1051 2296 1176 2379; x_wconf 81' lang='grc' dir='ltr'><strong><em>χρυσίον</em></strong></span> <span class='ocrx_word' id='word_1_128' title='bbox 1199 2300 1252 2362; x_wconf 81' lang='grc' dir='ltr'><strong>οὐκ</strong></span> <span class='ocrx_word' id='word_1_129' title='bbox 1275 2295 1354 2377; x_wconf 79' lang='grc' dir='ltr'><strong><em>ἔχων</em></strong></span> <span class='ocrx_word' id='word_1_130' title='bbox 1382 2298 1466 2377; x_wconf 79' lang='grc' dir='ltr'><strong><em>αὐτῷ</em></strong></span> 
     </span>
     <span class='ocr_line' id='line_1_17' title="bbox 278 2398 1196 2486; baseline -0.004 -17"><span class='ocrx_word' id='word_1_131' title='bbox 278 2402 444 2469; x_wconf 72' lang='grc' dir='ltr'><strong><em>ακολουθεῖ.</em></strong></span> <span class='ocrx_word' id='word_1_132' title='bbox 490 2400 609 2466; x_wconf 87' lang='lat' dir='ltr'><strong>Reseoa</strong></span> <span class='ocrx_word' id='word_1_133' title='bbox 629 2398 803 2466; x_wconf 90' lang='lat' dir='ltr'><strong>molestum</strong></span> <span class='ocrx_word' id='word_1_134' title='bbox 825 2407 858 2466; x_wconf 85' lang='lat' dir='ltr'><strong>et</strong></span> <span class='ocrx_word' id='word_1_135' title='bbox 879 2403 1101 2486; x_wconf 90' lang='lat' dir='ltr'><strong>importunum</strong></span> <span class='ocrx_word' id='word_1_136' title='bbox 1123 2412 1196 2468; x_wconf 85' lang='lat' dir='ltr'><strong>TO.</strong></span> 
     </span>
    </p>
   </div>
   <div class='ocr_carea' id='block_1_8' title="bbox 276 2607 1471 3955">
    <p class='ocr_par' dir='ltr' id='par_1_8' title="bbox 277 2607 1471 3323">
     <span class='ocr_line' id='line_1_18' title="bbox 323 2607 1468 2689; baseline 0 -13"><span class='ocrx_word' id='word_1_137' title='bbox 323 2611 404 2677; x_wconf 93' lang='lat' dir='ltr'><strong>Ibid.</strong></span> <span class='ocrx_word' id='word_1_138' title='bbox 437 2611 490 2676; x_wconf 79' lang='grc' dir='ltr'><strong>καί</strong></span> <span class='ocrx_word' id='word_1_139' title='bbox 524 2610 615 2676; x_wconf 86' lang='grc' dir='ltr'><strong><em>ΔΙίπι</em></strong></span> <span class='ocrx_word' id='word_1_140' title='bbox 645 2610 757 2689; x_wconf 79' lang='grc' dir='ltr'><strong><em>μέλλει</em></strong></span> <span class='ocrx_word' id='word_1_141' title='bbox 790 2618 902 2677; x_wconf 76' lang='grc' dir='ltr'><strong><em>πωλεῖν</em></strong></span> <span class='ocrx_word' id='word_1_142' title='bbox 943 2612 1039 2685; x_wconf 66' lang='grc' dir='ltr'><strong><em>αὐτὴν</em></strong></span> <span class='ocrx_word' id='word_1_143' title='bbox 1071 2611 1121 2676; x_wconf 73' lang='grc' dir='ltr'><strong>διὰ</strong></span> <span class='ocrx_word' id='word_1_144' title='bbox 1162 2610 1198 2676; x_wconf 74' lang='lat' dir='ltr'><strong>rb</strong></span> <span class='ocrx_word' id='word_1_145' title='bbox 1234 2610 1356 2678; x_wconf 70' lang='lat' dir='ltr'><strong>davisse</strong></span> <span class='ocrx_word' id='word_1_146' title='bbox 1391 2607 1468 2676; x_wconf 80' lang='grc' dir='ltr'><strong><em>εἶναι</em></strong></span> 
     </span>
     <span class='ocr_line' id='line_1_19' title="bbox 278 2712 1468 2802; baseline -0.003 -21"><span class='ocrx_word' id='word_1_147' title='bbox 278 2716 351 2797; x_wconf 77' lang='grc' dir='ltr'><strong><em>πρὸς</em></strong></span> <span class='ocrx_word' id='word_1_148' title='bbox 383 2720 443 2788; x_wconf 76' lang='grc' dir='ltr'><strong><em>τοὶς</em></strong></span> <span class='ocrx_word' id='word_1_149' title='bbox 473 2715 680 2802; x_wconf 78' lang='grc' dir='ltr'><strong><em>ξενοδοχίας.]</em></strong></span> <span class='ocrx_word' id='word_1_150' title='bbox 733 2715 861 2802; x_wconf 78' lang='lat' dir='ltr'>Optime</span> <span class='ocrx_word' id='word_1_151' title='bbox 896 2712 1116 2780; x_wconf 70' lang='lat' dir='ltr'><strong>casaubonus:</strong></span> <span class='ocrx_word' id='word_1_152' title='bbox 1152 2717 1274 2793; x_wconf 82' lang='lat' dir='ltr'><strong>„scriba</strong></span> <span class='ocrx_word' id='word_1_153' title='bbox 1304 2716 1355 2780; x_wconf 78' lang='grc' dir='ltr'><strong>καὶ</strong></span> <span class='ocrx_word' id='word_1_154' title='bbox 1378 2713 1468 2780; x_wconf 79' lang='grc' dir='ltr'><strong>ὍΤΙ</strong></span> 
     </span>
     <span class='ocr_line' id='line_1_20' title="bbox 277 2820 1471 2905; baseline -0.003 -19"><span class='ocrx_word' id='word_1_155' title='bbox 277 2820 408 2901; x_wconf 78' lang='grc' dir='ltr'><strong><em>μέλλει,</em></strong></span> <span class='ocrx_word' id='word_1_156' title='bbox 443 2845 503 2887; x_wconf 79' lang='lat' dir='ltr'><strong>aaa</strong></span> <span class='ocrx_word' id='word_1_157' title='bbox 536 2820 653 2888; x_wconf 77' lang='lat' dir='ltr'><strong>Aldr&#39;r&#39;&#39;.</strong></span> <span class='ocrx_word' id='word_1_158' title='bbox 688 2821 831 2887; x_wconf 78' lang='lat' dir='ltr'><strong>adhaesit</strong></span> <span class='ocrx_word' id='word_1_159' title='bbox 865 2829 910 2885; x_wconf 92' lang='grc' dir='ltr'><strong>ΔΙ</strong></span> <span class='ocrx_word' id='word_1_160' title='bbox 933 2841 972 2885; x_wconf 83' lang='lat' dir='ltr'><strong>ex</strong></span> <span class='ocrx_word' id='word_1_161' title='bbox 1000 2822 1204 2905; x_wconf 83' lang='lat' dir='ltr'><strong>praecedente</strong></span> <span class='ocrx_word' id='word_1_162' title='bbox 1235 2830 1309 2886; x_wconf 83' lang='grc' dir='ltr'><strong>κΑΙ.</strong></span> <span class='ocrx_word' id='word_1_163' title='bbox 1357 2820 1471 2889; x_wconf 82' lang='lat' dir='ltr'><strong>Editor</strong></span> 
     </span>
     <span class='ocr_line' id='line_1_21' title="bbox 278 2921 1470 3009; baseline -0.003 -16"><span class='ocrx_word' id='word_1_164' title='bbox 278 2932 400 2993; x_wconf 85' lang='lat' dir='ltr'><strong>contra:</strong></span> <span class='ocrx_word' id='word_1_165' title='bbox 439 2925 539 3004; x_wconf 81' lang='grc' dir='ltr'><strong><em>,διίσι</em></strong></span> <span class='ocrx_word' id='word_1_166' title='bbox 574 2929 597 2992; x_wconf 79' lang='grc' dir='ltr'><strong>ι’.</strong></span> <span class='ocrx_word' id='word_1_167' title='bbox 629 2949 654 2990; x_wconf 90' lang='lat' dir='ltr'><strong>c.</strong></span> <span class='ocrx_word' id='word_1_168' title='bbox 687 2921 733 2989; x_wconf 73' lang='lat' dir='ltr'><strong>ire</strong></span> <span class='ocrx_word' id='word_1_169' title='bbox 759 2934 794 2990; x_wconf 83' lang='lat' dir='ltr'><strong>at</strong></span> <span class='ocrx_word' id='word_1_170' title='bbox 822 2948 908 3009; x_wconf 78' lang='lat' dir='ltr'><strong>saepe</strong></span> <span class='ocrx_word' id='word_1_171' title='bbox 936 2928 1018 3009; x_wconf 77' lang='grc' dir='ltr'><strong><em>οριιιί</em></strong></span> <span class='ocrx_word' id='word_1_172' title='bbox 1045 2927 1265 3004; x_wconf 67' lang='lat' dir='ltr'><strong>Philodamum,</strong></span> <span class='ocrx_word' id='word_1_173' title='bbox 1300 2928 1354 2990; x_wconf 81' lang='lat' dir='ltr'><strong>sed</strong></span> <span class='ocrx_word' id='word_1_174' title='bbox 1381 2926 1470 2990; x_wconf 77' lang='grc' dir='ltr'><strong><em>σοιἀοο</em></strong></span> 
     </span>
     <span class='ocr_line' id='line_1_22' title="bbox 277 3029 1470 3116; baseline -0.003 -20"><span class='ocrx_word' id='word_1_175' title='bbox 277 3033 360 3116; x_wconf 73' lang='lat' dir='ltr'><strong>opud</strong></span> <span class='ocrx_word' id='word_1_176' title='bbox 391 3032 588 3108; x_wconf 76' lang='lat' dir='ltr'><strong>Herodotum,</strong></span> <span class='ocrx_word' id='word_1_177' title='bbox 623 3031 778 3095; x_wconf 81' lang='grc' dir='ltr'><strong><em>Ρίοίοινσιιι</em></strong></span> <span class='ocrx_word' id='word_1_178' title='bbox 805 3030 963 3115; x_wconf 70' lang='grc' dir='ltr'><strong><em>αίίοιριισ”,</em></strong></span> <span class='ocrx_word' id='word_1_179' title='bbox 1010 3029 1094 3095; x_wconf 80' lang='lat' dir='ltr'><strong>Solis</strong></span> <span class='ocrx_word' id='word_1_180' title='bbox 1126 3033 1242 3096; x_wconf 81' lang='lat' dir='ltr'><strong>Atticis</strong></span> <span class='ocrx_word' id='word_1_181' title='bbox 1272 3031 1407 3095; x_wconf 80' lang='lat' dir='ltr'><strong>testibus</strong></span> <span class='ocrx_word' id='word_1_182' title='bbox 1435 3032 1470 3094; x_wconf 87' lang='lat' dir='ltr'><strong>in</strong></span> 
     </span>
     <span class='ocr_line' id='line_1_23' title="bbox 277 3133 1470 3219; baseline -0.003 -19"><span class='ocrx_word' id='word_1_183' title='bbox 277 3136 338 3200; x_wconf 86' lang='lat' dir='ltr'><strong>tali</strong></span> <span class='ocrx_word' id='word_1_184' title='bbox 366 3156 400 3200; x_wconf 89' lang='lat' dir='ltr'><strong>re</strong></span> <span class='ocrx_word' id='word_1_185' title='bbox 430 3135 595 3201; x_wconf 82' lang='lat' dir='ltr'><strong>utendum.</strong></span> <span class='ocrx_word' id='word_1_186' title='bbox 642 3133 791 3219; x_wconf 88' lang='lat' dir='ltr'><strong>Optimus</strong></span> <span class='ocrx_word' id='word_1_187' title='bbox 812 3137 902 3199; x_wconf 87' lang='lat' dir='ltr'><strong>tostis</strong></span> <span class='ocrx_word' id='word_1_188' title='bbox 936 3141 1018 3200; x_wconf 88' lang='lat' dir='ltr'><strong>esset</strong></span> <span class='ocrx_word' id='word_1_189' title='bbox 1039 3134 1151 3213; x_wconf 89' lang='lat' dir='ltr'><strong>Plato,</strong></span> <span class='ocrx_word' id='word_1_190' title='bbox 1183 3136 1238 3201; x_wconf 90' lang='lat' dir='ltr'><strong>sed</strong></span> <span class='ocrx_word' id='word_1_191' title='bbox 1268 3138 1384 3200; x_wconf 87' lang='lat' dir='ltr'><strong>citatus</strong></span> <span class='ocrx_word' id='word_1_192' title='bbox 1407 3156 1470 3199; x_wconf 90' lang='lat' dir='ltr'><strong>non</strong></span> 
     </span>
     <span class='ocr_line' id='line_1_24' title="bbox 277 3239 488 3323; baseline -0.009 -19"><span class='ocrx_word' id='word_1_193' title='bbox 277 3239 488 3323; x_wconf 85' lang='lat' dir='ltr'><strong>respondebit.</strong></span> 
     </span>
    </p>

    <p class='ocr_par' dir='ltr' id='par_1_9' title="bbox 276 3339 1469 3955">
     <span class='ocr_line' id='line_1_25' title="bbox 323 3339 1468 3430; baseline 0.003 -24"><span class='ocrx_word' id='word_1_194' title='bbox 323 3342 490 3408; x_wconf 86' lang='lat' dir='ltr'><strong>Praeterea</strong></span> <span class='ocrx_word' id='word_1_195' title='bbox 518 3346 640 3430; x_wconf 80' lang='lat' dir='ltr'><strong>corrige</strong></span> <span class='ocrx_word' id='word_1_196' title='bbox 662 3340 839 3419; x_wconf 78' lang='grc' dir='ltr'><strong><em>ΕενοδοΚίας</em></strong></span> <span class='ocrx_word' id='word_1_197' title='bbox 862 3362 918 3427; x_wconf 93' lang='lat' dir='ltr'><strong>pro</strong></span> <span class='ocrx_word' id='word_1_198' title='bbox 940 3339 1129 3424; x_wconf 75' lang='grc' dir='ltr'><strong><em>ξενοδοχίαις.</em></strong></span> <span class='ocrx_word' id='word_1_199' title='bbox 1174 3344 1245 3409; x_wconf 88' lang='lat' dir='ltr'><strong>Non</strong></span> <span class='ocrx_word' id='word_1_200' title='bbox 1268 3347 1375 3410; x_wconf 91' lang='lat' dir='ltr'><strong>minus</strong></span> <span class='ocrx_word' id='word_1_201' title='bbox 1398 3365 1468 3411; x_wconf 90' lang='lat' dir='ltr'><strong>con·</strong></span> 
     </span>
     <span class='ocr_line' id='line_1_26' title="bbox 278 3444 1467 3533; baseline 0 -19"><span class='ocrx_word' id='word_1_202' title='bbox 278 3452 399 3514; x_wconf 79' lang='lat' dir='ltr'><strong>stanter</strong></span> <span class='ocrx_word' id='word_1_203' title='bbox 420 3450 522 3513; x_wconf 85' lang='lat' dir='ltr'><strong>Attici</strong></span> <span class='ocrx_word' id='word_1_204' title='bbox 545 3448 691 3513; x_wconf 87' lang='lat' dir='ltr'><strong>dicebant</strong></span> <span class='ocrx_word' id='word_1_205' title='bbox 712 3444 884 3522; x_wconf 81' lang='grc' dir='ltr'><strong><em>ξενοδίιιος,</em></strong></span> <span class='ocrx_word' id='word_1_206' title='bbox 915 3446 1086 3524; x_wconf 81' lang='grc' dir='ltr'><strong><em>ξενοδοκία,</em></strong></span> <span class='ocrx_word' id='word_1_207' title='bbox 1110 3450 1272 3528; x_wconf 79' lang='grc' dir='ltr'><strong><em>ξενοδοκεῖν</em></strong></span> <span class='ocrx_word' id='word_1_208' title='bbox 1295 3470 1391 3533; x_wconf 90' lang='lat' dir='ltr'><strong>quam</strong></span> <span class='ocrx_word' id='word_1_209' title='bbox 1414 3450 1467 3514; x_wconf 89' lang='grc' dir='ltr'><strong>δω-</strong></span> 
     </span>
     <span class='ocr_line' id='line_1_27' title="bbox 276 3550 1468 3640; baseline 0 -21"><span class='ocrx_word' id='word_1_210' title='bbox 276 3553 412 3635; x_wconf 78' lang='grc' dir='ltr'><strong><em>ροδόκος,</em></strong></span> <span class='ocrx_word' id='word_1_211' title='bbox 432 3553 606 3634; x_wconf 82' lang='grc' dir='ltr'><strong><em>δωροδοκία,</em></strong></span> <span class='ocrx_word' id='word_1_212' title='bbox 625 3551 802 3631; x_wconf 76' lang='grc' dir='ltr'><strong><em>δωροδοκεῖν.</em></strong></span> <span class='ocrx_word' id='word_1_213' title='bbox 826 3550 889 3618; x_wconf 85' lang='lat' dir='ltr'><strong>Sed</strong></span> <span class='ocrx_word' id='word_1_214' title='bbox 906 3554 1009 3619; x_wconf 84' lang='lat' dir='ltr'><strong>forma</strong></span> <span class='ocrx_word' id='word_1_215' title='bbox 1025 3554 1194 3635; x_wconf 80' lang='grc' dir='ltr'><strong><em>δωροδοκεῖν</em></strong></span> <span class='ocrx_word' id='word_1_216' title='bbox 1212 3554 1297 3640; x_wconf 91' lang='lat' dir='ltr'><strong>apud</strong></span> <span class='ocrx_word' id='word_1_217' title='bbox 1308 3557 1468 3639; x_wconf 79' lang='lat' dir='ltr'><strong>aequiores</strong></span> 
     </span>
     <span class='ocr_line' id='line_1_28' title="bbox 277 3656 1467 3744; baseline -0.002 -20"><span class='ocrx_word' id='word_1_218' title='bbox 277 3656 450 3725; x_wconf 83' lang='lat' dir='ltr'><strong>Graeculos</strong></span> <span class='ocrx_word' id='word_1_219' title='bbox 480 3662 642 3744; x_wconf 83' lang='lat' dir='ltr'><strong>supererat</strong></span> <span class='ocrx_word' id='word_1_220' title='bbox 661 3660 802 3742; x_wconf 88' lang='lat' dir='ltr'><strong>positum</strong></span> <span class='ocrx_word' id='word_1_221' title='bbox 831 3677 888 3742; x_wconf 90' lang='lat' dir='ltr'><strong>pro</strong></span> <span class='ocrx_word' id='word_1_222' title='bbox 911 3656 1067 3737; x_wconf 80' lang='grc' dir='ltr'><strong><em>δεκιίζοιν,</em></strong></span> <span class='ocrx_word' id='word_1_223' title='bbox 1092 3665 1200 3725; x_wconf 90' lang='lat' dir='ltr'><strong>contra</strong></span> <span class='ocrx_word' id='word_1_224' title='bbox 1222 3657 1376 3735; x_wconf 78' lang='grc' dir='ltr'><strong><em>ξενοδοιιία</em></strong></span> <span class='ocrx_word' id='word_1_225' title='bbox 1406 3665 1467 3724; x_wconf 86' lang='lat' dir='ltr'><strong>oet.</strong></span> 
     </span>
     <span class='ocr_line' id='line_1_29' title="bbox 276 3760 1469 3851; baseline 0 -21"><span class='ocrx_word' id='word_1_226' title='bbox 276 3763 362 3851; x_wconf 88' lang='lat' dir='ltr'><strong>apud</strong></span> <span class='ocrx_word' id='word_1_227' title='bbox 390 3764 518 3830; x_wconf 89' lang='lat' dir='ltr'><strong>eosdem</strong></span> <span class='ocrx_word' id='word_1_228' title='bbox 545 3766 579 3826; x_wconf 88' lang='lat' dir='ltr'><strong>in</strong></span> <span class='ocrx_word' id='word_1_229' title='bbox 601 3760 763 3841; x_wconf 78' lang='grc' dir='ltr'><strong><em>ξενοδοχία</em></strong></span> <span class='ocrx_word' id='word_1_230' title='bbox 785 3767 852 3829; x_wconf 90' lang='lat' dir='ltr'><strong>erat</strong></span> <span class='ocrx_word' id='word_1_231' title='bbox 873 3770 1055 3842; x_wconf 82' lang='lat' dir='ltr'><strong>mutatum,</strong></span> <span class='ocrx_word' id='word_1_232' title='bbox 1087 3766 1171 3831; x_wconf 86' lang='lat' dir='ltr'><strong>unde</strong></span> <span class='ocrx_word' id='word_1_233' title='bbox 1193 3764 1306 3830; x_wconf 86' lang='lat' dir='ltr'><strong>formis</strong></span> <span class='ocrx_word' id='word_1_234' title='bbox 1329 3767 1469 3850; x_wconf 82' lang='lat' dir='ltr'><strong>antiquis</strong></span> 
     </span>
     <span class='ocr_line' id='line_1_30' title="bbox 277 3866 824 3955; baseline -0.009 -20"><span class='ocrx_word' id='word_1_235' title='bbox 277 3889 402 3955; x_wconf 86' lang='lat' dir='ltr'><strong>semper</strong></span> <span class='ocrx_word' id='word_1_236' title='bbox 422 3867 613 3933; x_wconf 88' lang='lat' dir='ltr'><strong>imminebat</strong></span> <span class='ocrx_word' id='word_1_237' title='bbox 635 3866 824 3951; x_wconf 88' lang='lat' dir='ltr'><strong>periculum.</strong></span> 
     </span>
    </p>
   </div>
   <div class='ocr_carea' id='block_1_9' title="bbox 275 4076 1470 4478">
    <p class='ocr_par' dir='ltr' id='par_1_10' title="bbox 323 4076 809 4165">
     <span class='ocr_line' id='line_1_31' title="bbox 323 4076 809 4165; baseline -0.01 -19"><span class='ocrx_word' id='word_1_238' title='bbox 323 4076 399 4165; x_wconf 80' lang='lat' dir='ltr'><strong>Cap.</strong></span> <span class='ocrx_word' id='word_1_239' title='bbox 423 4076 541 4143; x_wconf 80' lang='lat' dir='ltr'>XXIV.</span> <span class='ocrx_word' id='word_1_240' title='bbox 565 4076 809 4158; x_wconf 67' lang='grc' dir='ltr'><strong><em>’Τπερνφανίαο</em></strong></span> 
     </span>
    </p>

    <p class='ocr_par' dir='ltr' id='par_1_11' title="bbox 275 4181 1470 4478">
     <span class='ocr_line' id='line_1_32' title="bbox 320 4181 1466 4260; baseline -0.001 -11"><span class='ocrx_word' id='word_1_241' title='bbox 320 4184 373 4249; x_wconf 79' lang='grc' dir='ltr'><strong>καί</strong></span> <span class='ocrx_word' id='word_1_242' title='bbox 408 4182 478 4257; x_wconf 81' lang='grc' dir='ltr'><strong><em>ποὺς</em></strong></span> <span class='ocrx_word' id='word_1_243' title='bbox 514 4182 693 4255; x_wconf 72' lang='grc' dir='ltr'><strong><em>πωλοῦντας</em></strong></span> <span class='ocrx_word' id='word_1_244' title='bbox 722 4204 753 4246; x_wconf 76' lang='lat' dir='ltr'><strong>rr</strong></span> <span class='ocrx_word' id='word_1_245' title='bbox 784 4181 836 4246; x_wconf 82' lang='grc' dir='ltr'><strong>καί</strong></span> <span class='ocrx_word' id='word_1_246' title='bbox 872 4181 1156 4260; x_wconf 80' lang='grc' dir='ltr'><strong><em>ΜΕμισίΩμένοως</em></strong></span> <span class='ocrx_word' id='word_1_247' title='bbox 1192 4181 1283 4254; x_wconf 84' lang='grc' dir='ltr'><strong><em>δεινὸς</em></strong></span> <span class='ocrx_word' id='word_1_248' title='bbox 1319 4188 1466 4248; x_wconf 82' lang='grc' dir='ltr'><strong><em>κελεῦσαι</em></strong></span> 
     </span>
     <span class='ocr_line' id='line_1_33' title="bbox 276 4285 1467 4373; baseline -0.002 -19"><span class='ocrx_word' id='word_1_249' title='bbox 276 4288 357 4364; x_wconf 73' lang='grc' dir='ltr'><strong><em>ἥκειν</em></strong></span> <span class='ocrx_word' id='word_1_250' title='bbox 379 4288 453 4368; x_wconf 74' lang='grc' dir='ltr'><strong><em>πρὸς</em></strong></span> <span class='ocrx_word' id='word_1_251' title='bbox 476 4289 570 4353; x_wconf 82' lang='grc' dir='ltr'><strong><em>αὐπδν</em></strong></span> <span class='ocrx_word' id='word_1_252' title='bbox 592 4285 650 4366; x_wconf 74' lang='grc' dir='ltr'><strong>ἅμ’</strong></span> <span class='ocrx_word' id='word_1_253' title='bbox 675 4285 799 4373; x_wconf 63' lang='grc' dir='ltr'><strong><em>ἡμέρα]</em></strong></span> <span class='ocrx_word' id='word_1_254' title='bbox 845 4285 971 4352; x_wconf 86' lang='lat' dir='ltr'><strong>Mirum</strong></span> <span class='ocrx_word' id='word_1_255' title='bbox 992 4288 1027 4350; x_wconf 88' lang='lat' dir='ltr'><strong>ni</strong></span> <span class='ocrx_word' id='word_1_256' title='bbox 1048 4288 1210 4371; x_wconf 85' lang='lat' dir='ltr'><strong>scripserit</strong></span> <span class='ocrx_word' id='word_1_257' title='bbox 1232 4287 1284 4351; x_wconf 78' lang='grc' dir='ltr'><strong>καὶ</strong></span> <span class='ocrx_word' id='word_1_258' title='bbox 1307 4290 1467 4353; x_wconf 63' lang='lat' dir='ltr'><strong>Mardoi·</strong></span> 
     </span>
     <span class='ocr_line' id='line_1_34' title="bbox 275 4391 1470 4478; baseline -0.003 -17"><span class='ocrx_word' id='word_1_259' title='bbox 275 4393 382 4474; x_wconf 78' lang='grc' dir='ltr'><strong><em>μένους</em></strong></span> <span class='ocrx_word' id='word_1_260' title='bbox 402 4393 436 4458; x_wconf 91' lang='lat' dir='ltr'><strong>id</strong></span> <span class='ocrx_word' id='word_1_261' title='bbox 455 4400 503 4461; x_wconf 88' lang='lat' dir='ltr'><strong>est</strong></span> <span class='ocrx_word' id='word_1_262' title='bbox 523 4415 591 4471; x_wconf 85' lang='lat' dir='ltr'><strong>„cos</strong></span> <span class='ocrx_word' id='word_1_263' title='bbox 608 4394 661 4478; x_wconf 82' lang='lat' dir='ltr'><strong>qai</strong></span> <span class='ocrx_word' id='word_1_264' title='bbox 677 4393 781 4458; x_wconf 82' lang='grc' dir='ltr'><strong><em>ωσωσίσ</em></strong></span> <span class='ocrx_word' id='word_1_265' title='bbox 799 4393 939 4456; x_wconf 63' lang='lat' dir='ltr'><strong>dadam</strong></span> <span class='ocrx_word' id='word_1_266' title='bbox 956 4391 1076 4476; x_wconf 79' lang='lat' dir='ltr'><strong>abiqaid</strong></span> <span class='ocrx_word' id='word_1_267' title='bbox 1093 4399 1146 4456; x_wconf 77' lang='grc' dir='ltr'><strong>ααί</strong></span> <span class='ocrx_word' id='word_1_268' title='bbox 1164 4393 1324 4457; x_wconf 69' lang='lat' dir='ltr'><strong>amaraco</strong></span> <span class='ocrx_word' id='word_1_269' title='bbox 1341 4392 1470 4458; x_wconf 49' lang='lat' dir='ltr'><strong>cesam</strong></span> 
     </span>
    </p>
   </div>
   <div class='ocr_carea' id='block_1_10' title="bbox 0 0 1653 5022">
    <p class='ocr_par' dir='ltr' id='par_1_12' title="bbox 0 0 1653 5022">
     <span class='ocr_line' id='line_1_35' title="bbox 0 0 1653 5022; baseline 0 0"><span class='ocrx_word' id='word_1_270' title='bbox 0 0 1653 5022; x_wconf 95' lang='lat' dir='ltr'><strong> </strong></span> 
     </span>
    </p>
   </div>
  </div>
 </body>
</html>
