3340 5014
253 378 316 441 tos
752 396 951 444 ntscccnrrter

256 584 352 650 quam
376 562 613 632 emendandum
639 568 766 634 esseio
790 567 877 634 hunc
901 565 1052 633 modum:
1078 567 1136 644 ιίς,
1169 560 1221 633 ἰσε
1243 566 1314 641 τοὺς
1338 565 1450 650 φίρους

256 679 452 751 ΕΤΑΤΤΕ,
478 673 565 756 σαρσί
581 679 640 738 τῶν
661 673 763 741 Ἰώνων
785 674 941 755 χρήματα
958 670 1123 752 λαβόντος.
1171 671 1261 751 Quod
1280 670 1450 738 Cornelius

253 775 357 862 Nepos
377 778 492 845 scribit
515 787 692 864 »quantum
714 781 868 866 pecuniae
885 799 1032 866 quaeque
1051 777 1269 844 ciritasdarct
1290 775 1450 843 Aristides

254 881 398 949 delectus
421 893 469 950 est
502 886 558 971 qui
589 886 824 952 constitueret”
854 885 885 950 id
911 885 995 973 apud
1020 885 1159 952 Graecos
1182 884 1301 971 passim
1328 881 1450 949 dicitur

253 990 267 1054 ί
290 990 460 1071 Ἀριςείδηο
480 989 603 1067 ἔταξε
627 994 697 1066 τοὺς
718 992 849 1075 φόρους,
878 993 927 1081 (ul
947 990 1031 1078 apud
1053 988 1243 1057 Aeschinem
1265 989 1298 1053 ιἰι
1312 986 1449 1075 ctesiph.

253 1114 284 1181 p.
308 1099 384 1162 255.
415 1097 583 1178 Ἀριςειδην
605 1098 657 1164 τίν
685 1099 755 1171 τοὺς
779 1099 890 1183 φόρους
913 1095 1059 1174 τάξαντα
1083 1104 1146 1170 τοῖς
1168 1096 1335 1176 Ἕλλησιν)
1359 1101 1391 1160 et
1413 1093 1448 1158 in

253 1221 290 1267 ea
314 1222 348 1268 re
372 1221 499 1268 summa
523 1213 571 1269 est
588 1203 762 1287 δωροδοκίας
781 1214 838 1271 aut
855 1205 982 1271 occasio
1001 1213 1058 1269 aut
1076 1201 1213 1269 lacultas
1226 1212 1281 1267 aut
1294 1199 1449 1287 suspicio.

253 1305 322 1372 Non
346 1316 394 1373 est
418 1306 458 1374 dc
482 1307 583 1374 nihilo
606 1310 689 1396 qnod
720 1309 877 1378 Gratems
907 1307 1060 1375 Aristidis
1084 1315 1306 1374 accusatorem
1328 1305 1449 1372 diserte

256 1414 399 1478 nominat
435 1414 613 1499 Διόφαντον
646 1416 697 1482 τὸν
727 1418 989 1502 Ἀμφιτροπῆθεν.
1040 1413 1128 1482 Unde
1165 1413 1294 1481 landem
1331 1429 1448 1478 nemen

255 1517 395 1585 hooriois
421 1523 525 1608 potuit
550 1524 724 1590 resciscere
758 1523 820 1589 nisi
850 1523 885 1588 ἐκ
908 1528 968 1589 τῶν
992 1521 1142 1600 δημοσίιιν
1165 1516 1384 1603 γραμμάτιον,
1409 1536 1449 1584 ex

257 1624 375 1691 tahulis
399 1625 535 1712 publicis
565 1629 596 1694 h
624 1631 667 1712 τῷ
696 1626 835 1713 Μητρςίιρ
866 1628 1019 1704 servatis,
1046 1628 1077 1693 in
1103 1624 1221 1713 qrrihus
1247 1624 1366 1692 iudicia
1391 1642 1449 1710 pu·

254 1731 356 1809 blica,
380 1741 605 1800 accusatorum
629 1744 660 1801 et
682 1755 811 1802 reorurn
837 1735 966 1801 nomina
986 1742 1017 1799 et
1039 1733 1203 1818 cuiusque.
1219 1730 1331 1797 iudicii
1343 1730 1450 1798 exitus

255 1837 427 1924 diligenter
457 1838 619 1927 descripta
652 1849 755 1907 erant.
804 1839 1047 1908 confirmantur
1078 1838 1156 1905 haec
1188 1838 1290 1904 altero
1326 1836 1449 1902 Crateri

255 1943 454 2029 fragmento,
491 1945 575 2031 quod
611 1947 687 2032 quia
723 1948 847 2014 Crateri
883 1965 997 2012 nomen
1032 1945 1064 2010 in
1096 1942 1281 2030 corruptela
1313 1942 1450 2018 latebat,

258 2049 406 2115 lleinelii
430 2047 629 2135 diligentiam
652 2051 776 2138 elingit.
810 2052 846 2118 ln
867 2052 981 2119 Lesieo
1001 2050 1174 2117 Rhetorica
1192 2047 1449 2134 Cantabrigieusi

257 2175 287 2221 ν.
313 2156 538 2237 Εἰσαγγελία,
565 2158 618 2224 uhi
643 2157 850 2233 scribendum
875 2157 1059 2224 eurendale:
1082 2160 1100 2233 ή
1120 2156 1206 2222 κατά
1226 2153 1450 2235 Θεμιτοαλίονο

256 2262 468 2341 εἰσαγγελία,
493 2260 528 2339 ήν
546 2264 729 2343 εἰσήγγειλε
750 2266 858 2331 κατά
878 2264 1077 2346 Κρατερὸν
1092 2263 1267 2342 Λεωβώτης
1289 2259 1451 2340 ’naepte-

257 2391 303 2441 νος
326 2370 527 2449 Ἀγρυλῆθεν,
542 2369 746 2456 proiectione
760 2372 847 2437 unici
861 2370 1002 2436 Codicis:
1025 2368 1088 2435 εἰτε
1108 2366 1293 2449 ίεμισοκλὲα
1314 2350 1451 2445 εἰσαγγὲ

258 2475 275 2551 ή
312 2475 493 2553 εἰσήγγειλε
524 2479 667 2559 κρατερὸς
698 2478 860 2556 λεσβάτης
888 2475 1085 2555 άλκμαίυνος
1116 2474 1323 2557 σίγραυλήίεν.
1381 2470 1450 2537 lam

257 2600 412 2667 compone
437 2579 517 2646 mihi
541 2601 615 2647 cunr
638 2581 687 2647 his
706 2581 812 2650 locum
835 2581 999 2649 Plutarchi
1021 2582 1054 2647 in
1069 2580 1284 2647 Themistocle
1308 2581 1362 2645 λδ.
1384 2580 1399 2643 ί
1418 2575 1451 2643 δὲ

257 2685 461 2767 γραψάμενος
487 2685 551 2775 (τίν
576 2689 787 2776 Θεμιςσκλέα)
812 2688 972 2771 προδοσίας
996 2685 1163 2769 Λεωβάτης
1188 2685 1223 2763 ήν
1236 2682 1452 2763 Ἀλκμαίωνος

257 2793 486 2873 Ἀγραύληίεν,
512 2793 609 2859 scrib.
634 2794 808 2873 Λεωβώτης
829 2794 1025 2874 Ἀλκμέωνος
1044 2795 1244 2874 Ἀγρυλήίεν.
1283 2789 1370 2856 Unde
1391 2789 1452 2855 hoc

258 2900 374 2964 sumsit
401 2898 612 2965 Plutarchus?
650 2900 770 2988 Nempe
794 2920 812 2966 a
838 2900 982 2967 Cratero.
1032 2898 1121 2965 Unde
1145 2895 1316 2965 Craterus?
1340 2898 1375 2963 ίκ
1393 2901 1453 2961 τῶν

259 3002 406 3081 δημοσίων
435 3003 644 3086 γραμμάτων.
692 3007 803 3094 ltaque
835 3004 992 3093 quidquid
1024 3003 1217 3071 Plutarchus
1247 3002 1451 3090 obloquitur,

199 3175 203 3181 .
260 3107 418 3175 Aristides
441 3110 501 3175 suh
531 3112 617 3178 ritae
646 3114 770 3179 exitum
801 3113 913 3200 iniquo
945 3109 1064 3177 iudicio
1087 3110 1331 3176 circumventus
1353 3107 1453 3174 cessit

261 3214 397 3281 Athenis
420 3224 452 3281 ct
477 3217 508 3283 in
538 3218 611 3283 Asia
636 3217 720 3285 diem
754 3217 846 3285 obiit.
896 3214 1102 3304 Aliquamdiu
1127 3225 1198 3304 post
1223 3224 1359 3281 mortem
1381 3211 1453 3280 lau·

260 3319 355 3387 dibus
388 3321 420 3385 in
456 3322 579 3389 coelum
618 3322 725 3390 ellerri
763 3333 896 3411 coeptus
929 3330 992 3399 est,
1026 3322 1188 3410 imprimis
1213 3340 1232 3387 a
1258 3317 1454 3407 philosophis

262 3425 420 3493 Aeschine
443 3436 475 3493 et
500 3429 647 3507 Platone,
674 3439 706 3496 ct
731 3429 857 3517 puhlice
880 3428 1074 3495 subventum
1095 3436 1144 3494 est
1169 3426 1294 3514 inopiae
1316 3434 1348 3493 et
1373 3423 1452 3490 lilia·

260 3552 333 3598 rum
369 3542 401 3598 et
438 3530 493 3597 lilii
531 3534 727 3622 Lysimachi.
780 3534 863 3602 Audi
902 3532 1112 3601 Plutarchum
1150 3531 1194 3598 in‘
1220 3530 1362 3599 Aristide
1398 3534 1452 3596 st.

260 3636 439 3721 Λυσιμάχῳ
463 3638 493 3704 δὲ
517 3642 559 3722 τῷ
581 3642 633 3724 uhi
653 3646 735 3721 μνάς
759 3643 816 3722 μὲν
839 3641 949 3708 ἑκατὸν
971 3640 1116 3723 σίργυρίου
1144 3639 1197 3705 καί
1228 3645 1289 3718 γῆς
1312 3642 1453 3704 τοσαῦτα

261 3745 377 3828 στλέίρα
397 3746 633 3829 πεφυτευμένης
654 3747 762 3814 ἔδακεν
786 3749 800 3814 ἰ
821 3748 934 3827 δῆμος,
956 3745 1060 3820 άλλας
1081 3745 1113 3812 δί
1133 3744 1280 3828 δραχμάς
1300 3742 1453 3827 τέσσαρας

260 3852 303 3925 εἰς
328 3851 443 3933 ήμέραν
478 3851 591 3928 ἐνάτην
620 3853 890 3933 Ἀλκιβιάδου
918 3859 960 3920 τί
991 3854 1186 3936 ψήφισμα
1209 3850 1452 3934 γράψαντος.

261 3957 439 4044 Diligenter
469 3956 702 4027 consideranda
735 3968 811 4025 sunt
839 3959 954 4025 ultima
984 3958 1080 4027 verba
1106 3957 1311 4035 Ἀλκιβιάδου
1333 3957 1368 4023 τί
1390 3955 1454 4038 φή·

261 4069 370 4147 φισμα
399 4063 592 4145 γράψαντος.
641 4065 817 4133 Aristidem
851 4066 932 4132 satis
965 4073 1091 4131 constat
1116 4062 1201 4130 diem
1225 4062 1343 4130 obiisse
1367 4063 1454 4129 circa

262 4189 383 4237 annum
410 4172 474 4235 469
498 4191 537 4237 an
565 4176 640 4238 468.
672 4171 853 4239 Alcibiades
874 4180 970 4239 uatus
994 4173 1080 4238 circa
1099 4190 1219 4236 annum
1243 4173 1309 4236 tta
1326 4167 1455 4236 etiarnsi

262 4274 448 4342 adolescens
467 4275 638 4345 admodum
658 4298 759 4366 remp.
779 4298 947 4365 capessere
965 4278 1069 4366 coepit
1087 4287 1119 4343 ct
1141 4278 1286 4344 sicelech
1307 4275 1456 4358 τῷδήμῳ,

263 4382 374 4450 multis
411 4392 517 4449 tarnen
553 4385 648 4451 aunis
680 4394 751 4472 post
783 4384 958 4452 Aristidem
993 4393 1157 4450 mortuum
1192 4382 1296 4469 potuit
1324 4380 1455 4449 demum

264 4491 388 4573 γράψαι
412 4487 447 4552 τί
470 4489 627 4572 ψήφισμα
656 4501 692 4558 ιιι
715 4491 819 4560 »filiae
843 4491 997 4559 Aristidis
1024 4491 1151 4579 publice
1174 4489 1339 4558 alerentur
1361 4496 1392 4556 et
1417 4486 1458 4554 dc
