3296 5022
652 354 851 402 coursermss
880 351 999 399 terrm.
1354 330 1421 392 tao

236 521 255 597 ἢ
277 520 389 593 κείνους
413 516 598 602 Φιλεδντας,
622 521 674 587 ὑπ’
697 519 884 602 dmtrdpotol
906 522 935 585 τ’
960 519 1086 597 sylem
1110 514 1191 596 type
1213 510 1421 596 rrsprrtlydnv

235 622 324 705 ἅψεα
346 623 544 703 δησαμένους.

187 748 196 753 ·
251 734 254 741 “
279 725 367 793 Libri
392 726 424 792 11
446 727 527 811 eleg.
555 727 611 795 Vl.
636 748 685 794 vs.
711 716 752 794 27
777 748 860 814 sqq.:

371 829 461 911 Quae
483 850 600 898 manus
621 832 794 898 obscaenas
818 832 962 917 depinxit
988 832 1093 917 prima
1116 827 1249 895 tabellas

372 942 405 1001 et
428 937 535 1020 posuit
559 945 647 1002 casta
672 937 779 1023 turpia
804 937 872 1002 visa
896 935 1000 1002 domo.

373 1038 426 1105 illa
450 1039 630 1126 puellarum
655 1042 810 1125 ingenuos
834 1041 979 1126 eorrupit
1002 1038 1119 1106 ocellos

373 1145 601 1231 nequitiaeque
622 1164 699 1212 suae
724 1145 827 1213 uoluit
850 1165 920 1211 esse
945 1144 1050 1211 rudes.

374 1247 422 1314 dh
447 1256 572 1333 gemat,
598 1249 629 1314 iu
656 1250 754 1315 terris
778 1250 839 1315 iste
862 1251 918 1335 qui
943 1247 1077 1335 protulit
1100 1255 1171 1313 arte

375 1372 475 1418 rmore
499 1353 559 1417 suh
580 1374 686 1420 rueme
708 1353 836 1419 condita
859 1353 992 1420 laetitia.

285 1454 370 1538 Quid
400 1456 462 1522 sibi
491 1456 591 1524 uelint
624 1459 729 1545 iarpio
761 1478 823 1523 nou
848 1459 951 1543 magis
970 1464 1088 1543 exputo
1110 1472 1207 1541 quatu
1232 1452 1309 1539 quid
1333 1457 1427 1522 tooito

239 1561 374 1628 laetitia.
418 1560 509 1642 Quod
532 1561 572 1628 ad
597 1560 676 1628 illud
700 1562 891 1628 vocabulum
915 1562 1048 1638 attinet,
1073 1559 1189 1626 leniter
1213 1576 1290 1625 saue
1311 1558 1425 1624 llulm·

240 1665 358 1732 lreoius
377 1665 515 1731 coniecit
535 1667 644 1752 orpio,
670 1666 754 1752 quorl
777 1674 885 1733 tameo
909 1666 1014 1754 placet
1037 1663 1256 1739 mediocriter.
1279 1663 1355 1750 quia
1378 1683 1427 1729 or·

241 1769 295 1857 pio
319 1787 381 1836 nou
405 1776 482 1836 suut
506 1770 686 1835 necessario
709 1769 875 1837 obseoena.
911 1771 1058 1837 Alterum
1082 1776 1190 1835 autem
1211 1785 1253 1833 au
1274 1769 1427 1854 cuiquam

243 1870 412 1947 oll'eusioui
437 1870 535 1938 luerit
555 1874 678 1958 ignoro.
692 1911 731 1923 -
747 1874 824 1940 Mihi
848 1872 1021 1941 admodum
1047 1873 1199 1961 placeret:

424 1975 472 2042 tu
495 1985 621 2063 gemat,
646 1979 679 2043 in
705 1980 803 2045 terris
828 1981 890 2046 ista
914 1981 970 2067 qui
997 1978 1132 2066 protulit
1154 1986 1225 2046 arte

423 2100 530 2147 suoru
555 2081 615 2148 sul
638 2102 760 2149 euectos
785 2084 915 2150 condita
938 2083 1071 2150 laetitia.

196 2243 207 2253 ,
290 2184 377 2251 libr.
402 2183 446 2251 lll
472 2185 512 2250 el.
537 2184 590 2250 Vl.
619 2188 633 2250 1
660 2207 749 2273 sqq.:

379 2288 448 2356 Nou
473 2289 519 2354 ita
544 2289 703 2355 Dardanio
727 2292 857 2378 gavisus
881 2291 993 2359 Atrida
1017 2290 1230 2379 triumphost‚

380 2413 455 2460 oum
479 2393 632 2460 caderent
655 2414 790 2481 maguae
814 2395 1038 2462 Laomedontis
1060 2416 1155 2483 opes,

382 2517 441 2564 ueo
464 2498 512 2565 sio
527 2517 642 2576 ‚errore
665 2509 777 2566 exacto
799 2499 937 2567 laetatus
958 2501 1082 2576 Ulixes,

382 2622 457 2668 oum
483 2604 590 2689 tetigit
614 2622 708 2669 oarae
731 2604 840 2669 littora
866 2604 1049 2681 lluliohiae‚

381 2726 440 2772 neo
464 2707 510 2773 sio
532 2706 678 2783 Electra,
702 2706 822 2773 salvam
848 2726 923 2772 oum
948 2708 1073 2793 aspexit
1097 2705 1242 2774 Orestem

383 2811 478 2876 ouius
501 2809 581 2876 falsa
608 2817 720 2876 teneus
745 2810 877 2877 lleverat
900 2829 972 2878 ossa
996 2829 1105 2888 soror,

385 2934 444 2980 neo
467 2914 512 2980 sie
534 2914 722 2979 ineolumem
744 2915 859 2980 Minois
883 2915 1006 2982 Thesea
1029 2934 1130 2994 riou,

385 3018 572 3085 Ilaedalium
598 3018 664 3085 lino
686 3039 760 3086 oum
786 3019 868 3086 duee
891 3019 975 3086 rexit
1000 3021 1081 3099 iter,

385 3131 506 3209 quauta
529 3142 589 3209 ego
613 3125 787 3210 praeterita
811 3124 926 3211 collegi
949 3123 1067 3209 gaudia
1090 3129 1200 3190 uoote:
1225 3129 1303 3190 oett.

244 3266 246 3270 ·
296 3228 413 3295 llirum
446 3236 497 3294 est
528 3229 733 3314 praeteriisse
764 3228 903 3296 editores
929 3247 1059 3294 versum
1083 3229 1258 3316 septimum
1284 3235 1319 3295 ut
1342 3225 1436 3295 hodie

252 3331 407 3400 scribitur
439 3350 537 3398 seusu
565 3353 692 3399 cassum
718 3353 800 3400 esse:
825 3354 880 3400 ooo
903 3331 1018 3398 Minois
1040 3332 1085 3398 sio
1108 3333 1187 3399 vidit
1213 3332 1329 3399 Thesea
1351 3333 1438 3398 ioso-

253 3436 358 3502 lumon
379 3472 424 3487 —
442 3446 557 3522 qrmoto
587 3438 703 3523 paedia
734 3458 791 3524 opo
821 3437 933 3523 oollepi
961 3446 1047 3502 ooete
1069 3438 1249 3523 praeterito.
1297 3435 1437 3502 Dubium

253 3549 363 3607 autem
385 3561 456 3608 esse
479 3542 591 3626 nequit
614 3542 757 3607 vocalem
781 3543 827 3607 sio
849 3540 960 3607 eodem
985 3538 1079 3605 modo
1102 3540 1240 3626 positam
1264 3558 1351 3616 esse,
1375 3557 1440 3623 quo

252 3642 373 3728 legitur
402 3665 448 3711 vs.
480 3645 609 3731 quinto;
638 3649 747 3732 itaque
777 3645 816 3710 ad
848 3666 904 3711 neo
930 3644 975 3709 sio
999 3653 1106 3710 mente
1130 3641 1343 3729 supplendum
1367 3661 1438 3713 essa

253 3748 362 3835 poaiso
384 3758 439 3814 est.
475 3748 598 3815 Durum
624 3749 720 3825 loret,
744 3748 829 3835 quod
854 3758 994 3815 metrum
1020 3748 1115 3824 sinit,
1139 3747 1318 3832 corrigere:

414 3872 473 3919 neo
497 3855 543 3919 sio
564 3875 634 3920 oum
659 3852 851 3920 incolumem
875 3853 988 3945 lliuois
1013 3852 1134 3918 Thesea
1157 3850 1239 3917 vidit

256 3976 331 4022 cunr
351 3956 390 4021 ob
411 3958 646 4043 impeditiorem
667 3958 782 4023 horum
803 3957 975 4024 verborum
995 3963 1195 4021 structuram
1210 3963 1279 4021 tum
1292 3952 1331 4020 oh
1345 3972 1440 4023 usum

256 4059 399 4127 eiusdem
425 4064 660 4128 coniunctionis
685 4064 716 4128 iu
741 4081 835 4128 versu
859 4061 1016 4146 sequenti.
1047 4060 1152 4126 lluum
1173 4067 1291 4136 restat,
1316 4067 1352 4124 ut
1371 4078 1442 4125 cor·

257 4167 419 4252 rigamus:

326 4270 391 4337 Neo
414 4273 461 4336 sio
487 4272 544 4359 (so.
569 4272 677 4358 gavisa
701 4271 762 4357 est)
788 4268 982 4337 incolumem
1004 4269 1121 4337 lliuois
1141 4267 1262 4338 Thesea
1284 4289 1407 4345 vissus,

329 4376 514 4445 Daedalium
537 4375 601 4443 lino
626 4395 699 4443 eous
726 4376 806 4443 duee
830 4377 913 4442 rexit
938 4376 1009 4442 iter.
