<?xml version="1.0" encoding="UTF-8"?>
<!DOCTYPE html PUBLIC "-//W3C//DTD XHTML 1.0 Transitional//EN"
    "http://www.w3.org/TR/xhtml1/DTD/xhtml1-transitional.dtd">
<html xmlns="http://www.w3.org/1999/xhtml" xml:lang="en" lang="en">
 <head>
  <title>
</title>
<meta http-equiv="Content-Type" content="text/html;charset=utf-8" />
  <meta name='ocr-system' content='tesseract 3.04.00' />
  <meta name='ocr-capabilities' content='ocr_page ocr_carea ocr_par ocr_line ocrx_word'/>
</head>
<body>
  <div class='ocr_page' id='page_1' title='image "./mnemosynebiblio00servgoog_0675.png"; bbox 0 0 3242 5014; ppageno 0'>
   <div class='ocr_carea' id='block_1_1' title="bbox 308 329 1008 397">
    <p class='ocr_par' dir='ltr' id='par_1_1' title="bbox 308 329 1008 397">
     <span class='ocr_line' id='line_1_1' title="bbox 308 329 1008 397; baseline 0.001 -2"><span class='ocrx_word' id='word_1_1' title='bbox 308 329 375 397; x_wconf 78' lang='lat'><strong>228</strong></span> <span class='ocrx_word' id='word_1_2' title='bbox 798 346 1008 396; x_wconf 75' lang='lat' dir='ltr'><strong>resarsurum.</strong></span> 
     </span>
    </p>
   </div>
   <div class='ocr_carea' id='block_1_2' title="bbox 310 488 1494 713">
    <p class='ocr_par' dir='ltr' id='par_1_2' title="bbox 310 488 1494 713">
     <span class='ocr_line' id='line_1_2' title="bbox 310 488 1493 607; baseline 0.003 -23"><span class='ocrx_word' id='word_1_3' title='bbox 310 515 459 584; x_wconf 87' lang='lat' dir='ltr'><strong>Kiehlius</strong></span> <span class='ocrx_word' id='word_1_4' title='bbox 489 515 610 583; x_wconf 81' lang='lat' dir='ltr'>idoneis</span> <span class='ocrx_word' id='word_1_5' title='bbox 643 523 841 607; x_wconf 80' lang='lat' dir='ltr'><strong>argumentis</strong></span> <span class='ocrx_word' id='word_1_6' title='bbox 863 519 1017 598; x_wconf 77' lang='lat' dir='ltr'><strong>ostendit,</strong></span> <span class='ocrx_word' id='word_1_7' title='bbox 1051 526 1088 585; x_wconf 89' lang='lat' dir='ltr'><strong>ut</strong></span> <span class='ocrx_word' id='word_1_8' title='bbox 1111 488 1188 585; x_wconf 86' lang='lat' dir='ltr'><strong>tunc</strong></span> <span class='ocrx_word' id='word_1_9' title='bbox 1210 518 1370 607; x_wconf 84' lang='lat' dir='ltr'><strong>plerisque</strong></span> <span class='ocrx_word' id='word_1_10' title='bbox 1391 521 1493 587; x_wconf 85' lang='lat' dir='ltr'><strong>visum</strong></span> 
     </span>
     <span class='ocr_line' id='line_1_3' title="bbox 310 621 1494 713; baseline 0.003 -26"><span class='ocrx_word' id='word_1_11' title='bbox 310 630 372 699; x_wconf 88' lang='lat' dir='ltr'><strong>cst,</strong></span> <span class='ocrx_word' id='word_1_12' title='bbox 406 621 504 698; x_wconf 85' lang='lat' dir='ltr'><strong>debili</strong></span> <span class='ocrx_word' id='word_1_13' title='bbox 533 626 688 708; x_wconf 78' lang='lat' dir='ltr'><strong>positione</strong></span> <span class='ocrx_word' id='word_1_14' title='bbox 720 626 831 691; x_wconf 79' lang='lat' dir='ltr'><strong>breves</strong></span> <span class='ocrx_word' id='word_1_15' title='bbox 862 624 988 692; x_wconf 86' lang='lat' dir='ltr'><strong>vocales</strong></span> <span class='ocrx_word' id='word_1_16' title='bbox 1011 625 1096 711; x_wconf 88' lang='lat' dir='ltr'><strong>apud</strong></span> <span class='ocrx_word' id='word_1_17' title='bbox 1119 624 1270 713; x_wconf 72' lang='lat' dir='ltr'><strong>Tragicos</strong></span> <span class='ocrx_word' id='word_1_18' title='bbox 1292 629 1356 691; x_wconf 88' lang='lat' dir='ltr'><strong>nisi</strong></span> <span class='ocrx_word' id='word_1_19' title='bbox 1378 627 1415 690; x_wconf 91' lang='lat' dir='ltr'><strong>in</strong></span> <span class='ocrx_word' id='word_1_20' title='bbox 1436 628 1494 691; x_wconf 88' lang='lat' dir='ltr'><strong>arsi</strong></span> 
     </span>
    </p>
   </div>
   <div class='ocr_carea' id='block_1_3' title="bbox 309 714 1582 817">
    <p class='ocr_par' dir='ltr' id='par_1_3' title="bbox 309 714 1582 817">
     <span class='ocr_line' id='line_1_4' title="bbox 309 714 1582 817; baseline 0.002 -24"><span class='ocrx_word' id='word_1_21' title='bbox 309 748 372 793; x_wconf 93' lang='lat' dir='ltr'><strong>non</strong></span> <span class='ocrx_word' id='word_1_22' title='bbox 394 729 543 815; x_wconf 88' lang='lat' dir='ltr'><strong>produci;</strong></span> <span class='ocrx_word' id='word_1_23' title='bbox 569 730 652 816; x_wconf 91' lang='lat' dir='ltr'><strong>quod</strong></span> <span class='ocrx_word' id='word_1_24' title='bbox 677 732 705 797; x_wconf 93' lang='lat' dir='ltr'><strong>si</strong></span> <span class='ocrx_word' id='word_1_25' title='bbox 727 732 929 817; x_wconf 80' lang='lat' dir='ltr'><strong>probabitur,</strong></span> <span class='ocrx_word' id='word_1_26' title='bbox 953 735 1104 816; x_wconf 85' lang='lat' dir='ltr'><strong>sequetur</strong></span> <span class='ocrx_word' id='word_1_27' title='bbox 1123 736 1268 797; x_wconf 88' lang='lat' dir='ltr'><strong>nostrum</strong></span> <span class='ocrx_word' id='word_1_28' title='bbox 1285 752 1416 799; x_wconf 83' lang='lat' dir='ltr'><strong>versum</strong></span> <span class='ocrx_word' id='word_1_29' title='bbox 1436 750 1494 797; x_wconf 77' lang='lat' dir='ltr'><strong>cor</strong></span> <span class='ocrx_word' id='word_1_30' title='bbox 1581 714 1582 733; x_wconf 50' lang='lat'>¹</span> 
     </span>
    </p>
   </div>
   <div class='ocr_carea' id='block_1_4' title="bbox 306 835 1493 1560">
    <p class='ocr_par' dir='ltr' id='par_1_4' title="bbox 306 835 1493 1560">
     <span class='ocr_line' id='line_1_5' title="bbox 308 835 1493 919; baseline 0.003 -22"><span class='ocrx_word' id='word_1_31' title='bbox 308 838 441 919; x_wconf 88' lang='lat' dir='ltr'><strong>ruptum</strong></span> <span class='ocrx_word' id='word_1_32' title='bbox 465 855 549 913; x_wconf 88' lang='lat' dir='ltr'><strong>esse,</strong></span> <span class='ocrx_word' id='word_1_33' title='bbox 579 835 633 903; x_wconf 88' lang='lat' dir='ltr'><strong>sed</strong></span> <span class='ocrx_word' id='word_1_34' title='bbox 657 835 760 902; x_wconf 81' lang='lat' dir='ltr'><strong>facilis</strong></span> <span class='ocrx_word' id='word_1_35' title='bbox 782 835 941 902; x_wconf 84' lang='lat' dir='ltr'><strong>medicina</strong></span> <span class='ocrx_word' id='word_1_36' title='bbox 963 840 1027 901; x_wconf 89' lang='lat' dir='ltr'><strong>ast:</strong></span> <span class='ocrx_word' id='word_1_37' title='bbox 1052 835 1255 903; x_wconf 88' lang='lat' dir='ltr'><strong>scribendum</strong></span> <span class='ocrx_word' id='word_1_38' title='bbox 1276 838 1363 904; x_wconf 88' lang='lat' dir='ltr'><strong>enim</strong></span> <span class='ocrx_word' id='word_1_39' title='bbox 1385 850 1493 903; x_wconf 81' lang='grc' dir='ltr'><strong><em>πονλω</em></strong></span> 
     </span>
     <span class='ocr_line' id='line_1_6' title="bbox 307 937 1196 1030; baseline 0.004 -29"><span class='ocrx_word' id='word_1_40' title='bbox 307 937 422 1004; x_wconf 84' lang='grc' dir='ltr'><strong><em>τέκνον.</em></strong></span> <span class='ocrx_word' id='word_1_41' title='bbox 469 938 586 1006; x_wconf 82' lang='lat' dir='ltr'><strong>Itidem</strong></span> <span class='ocrx_word' id='word_1_42' title='bbox 607 939 729 1030; x_wconf 79' lang='lat' dir='ltr'><strong>legitur</strong></span> <span class='ocrx_word' id='word_1_43' title='bbox 750 943 784 1006; x_wconf 94' lang='lat' dir='ltr'><strong>in</strong></span> <span class='ocrx_word' id='word_1_44' title='bbox 806 940 1013 1028; x_wconf 70' lang='lat' dir='ltr'><strong>supplicibus</strong></span> <span class='ocrx_word' id='word_1_45' title='bbox 1034 962 1081 1009; x_wconf 80' lang='lat' dir='ltr'><strong>vs.</strong></span> <span class='ocrx_word' id='word_1_46' title='bbox 1110 939 1196 1007; x_wconf 79' lang='lat'>423:</span> 
     </span>
     <span class='ocr_line' id='line_1_7' title="bbox 629 1044 1168 1130; baseline 0 -17"><span class='ocrx_word' id='word_1_47' title='bbox 629 1047 674 1126; x_wconf 74' lang='grc' dir='ltr'><strong>μή</strong></span> <span class='ocrx_word' id='word_1_48' title='bbox 696 1049 732 1125; x_wconf 81' lang='grc' dir='ltr'><strong>μ’</strong></span> <span class='ocrx_word' id='word_1_49' title='bbox 753 1045 818 1128; x_wconf 62' lang='lat' dir='ltr'><strong>lips</strong></span> <span class='ocrx_word' id='word_1_50' title='bbox 842 1045 876 1124; x_wconf 79' lang='grc' dir='ltr'><strong>ἐξ</strong></span> <span class='ocrx_word' id='word_1_51' title='bbox 899 1046 986 1130; x_wconf 73' lang='grc' dir='ltr'><strong><em>ἑδρᾶν</em></strong></span> <span class='ocrx_word' id='word_1_52' title='bbox 1009 1044 1168 1113; x_wconf 69' lang='grc' dir='ltr'><strong><em>πολυθέων</em></strong></span> 
     </span>
     <span class='ocr_line' id='line_1_8' title="bbox 357 1151 1464 1241; baseline 0.003 -25"><span class='ocrx_word' id='word_1_53' title='bbox 357 1151 578 1238; x_wconf 88' lang='lat' dir='ltr'><strong>Antistrcphes</strong></span> <span class='ocrx_word' id='word_1_54' title='bbox 600 1151 659 1220; x_wconf 87' lang='lat' dir='ltr'><strong>illa</strong></span> <span class='ocrx_word' id='word_1_55' title='bbox 679 1153 777 1220; x_wconf 79' lang='lat' dir='ltr'><strong>verba</strong></span> <span class='ocrx_word' id='word_1_56' title='bbox 798 1157 889 1233; x_wconf 87' lang='lat' dir='ltr'><strong>sunt,</strong></span> <span class='ocrx_word' id='word_1_57' title='bbox 914 1152 1031 1238; x_wconf 89' lang='lat' dir='ltr'><strong>quibus</strong></span> <span class='ocrx_word' id='word_1_58' title='bbox 1052 1154 1087 1218; x_wconf 91' lang='lat' dir='ltr'><strong>in</strong></span> <span class='ocrx_word' id='word_1_59' title='bbox 1109 1153 1238 1240; x_wconf 85' lang='lat' dir='ltr'><strong>strophe</strong></span> <span class='ocrx_word' id='word_1_60' title='bbox 1259 1155 1464 1241; x_wconf 87' lang='lat' dir='ltr'><strong>respondent:</strong></span> 
     </span>
     <span class='ocr_line' id='line_1_9' title="bbox 624 1257 1150 1341; baseline 0.006 -18"><span class='ocrx_word' id='word_1_61' title='bbox 624 1257 782 1341; x_wconf 69' lang='grc' dir='ltr'><strong><em>φρόντισον</em></strong></span> <span class='ocrx_word' id='word_1_62' title='bbox 805 1258 858 1323; x_wconf 78' lang='grc' dir='ltr'><strong><em>καὶ</em></strong></span> <span class='ocrx_word' id='word_1_63' title='bbox 882 1264 972 1338; x_wconf 82' lang='grc' dir='ltr'><strong><em>γενοῦ</em></strong></span> <span class='ocrx_word' id='word_1_64' title='bbox 996 1260 1150 1334; x_wconf 70' lang='grc' dir='ltr'><strong><em>πανδίκως</em></strong></span> 
     </span>
     <span class='ocr_line' id='line_1_10' title="bbox 354 1359 1493 1454; baseline 0.007 -29"><span class='ocrx_word' id='word_1_65' title='bbox 354 1359 399 1425; x_wconf 88' lang='lat' dir='ltr'><strong>Ut</strong></span> <span class='ocrx_word' id='word_1_66' title='bbox 423 1382 460 1428; x_wconf 90' lang='lat' dir='ltr'><strong>ea</strong></span> <span class='ocrx_word' id='word_1_67' title='bbox 483 1366 642 1449; x_wconf 86' lang='lat' dir='ltr'><strong>responsio</strong></span> <span class='ocrx_word' id='word_1_68' title='bbox 665 1367 841 1431; x_wconf 84' lang='lat' dir='ltr'><strong>accuratior</strong></span> <span class='ocrx_word' id='word_1_69' title='bbox 861 1362 935 1443; x_wconf 86' lang='lat' dir='ltr'><strong>fiat,</strong></span> <span class='ocrx_word' id='word_1_70' title='bbox 959 1369 1007 1432; x_wconf 87' lang='lat' dir='ltr'><strong>est</strong></span> <span class='ocrx_word' id='word_1_71' title='bbox 1029 1369 1138 1431; x_wconf 88' lang='lat' dir='ltr'><strong>autem</strong></span> <span class='ocrx_word' id='word_1_72' title='bbox 1159 1368 1194 1431; x_wconf 95' lang='lat' dir='ltr'><strong>in</strong></span> <span class='ocrx_word' id='word_1_73' title='bbox 1216 1364 1337 1433; x_wconf 88' lang='lat' dir='ltr'><strong>talibus</strong></span> <span class='ocrx_word' id='word_1_74' title='bbox 1359 1367 1493 1454; x_wconf 79' lang='lat' dir='ltr'><strong>Aeschy-</strong></span> 
     </span>
     <span class='ocr_line' id='line_1_11' title="bbox 306 1466 1493 1560; baseline 0.005 -28"><span class='ocrx_word' id='word_1_75' title='bbox 306 1466 358 1532; x_wconf 91' lang='lat' dir='ltr'><strong>lus</strong></span> <span class='ocrx_word' id='word_1_76' title='bbox 382 1472 655 1549; x_wconf 85' lang='lat' dir='ltr'><strong>acouratissimus‚</strong></span> <span class='ocrx_word' id='word_1_77' title='bbox 680 1475 820 1557; x_wconf 83' lang='lat' dir='ltr'><strong>praestat</strong></span> <span class='ocrx_word' id='word_1_78' title='bbox 837 1470 1055 1551; x_wconf 63' lang='grc' dir='ltr'><strong><em>τρισυλλάβως</em></strong></span> <span class='ocrx_word' id='word_1_79' title='bbox 1074 1469 1181 1560; x_wconf 78' lang='lat' dir='ltr'><strong>legere</strong></span> <span class='ocrx_word' id='word_1_80' title='bbox 1199 1469 1390 1538; x_wconf 70' lang='grc' dir='ltr'><strong><em>πονλνθέων.</em></strong></span> <span class='ocrx_word' id='word_1_81' title='bbox 1425 1472 1493 1538; x_wconf 81' lang='lat' dir='ltr'><strong>Pro</strong></span> 
     </span>
    </p>
   </div>
   <div class='ocr_carea' id='block_1_5' title="bbox 309 1566 1582 1662">
    <p class='ocr_par' dir='ltr' id='par_1_5' title="bbox 309 1566 1582 1662">
     <span class='ocr_line' id='line_1_12' title="bbox 309 1566 1582 1662; baseline 0.009 -27"><span class='ocrx_word' id='word_1_82' title='bbox 309 1572 383 1639; x_wconf 89' lang='lat' dir='ltr'><strong>bare</strong></span> <span class='ocrx_word' id='word_1_83' title='bbox 405 1575 464 1640; x_wconf 89' lang='lat' dir='ltr'><strong>hoc</strong></span> <span class='ocrx_word' id='word_1_84' title='bbox 486 1596 560 1641; x_wconf 92' lang='lat' dir='ltr'><strong>sane</strong></span> <span class='ocrx_word' id='word_1_85' title='bbox 580 1577 760 1654; x_wconf 84' lang='lat' dir='ltr'><strong>debebunt,</strong></span> <span class='ocrx_word' id='word_1_86' title='bbox 786 1579 893 1662; x_wconf 90' lang='lat' dir='ltr'><strong>quiin</strong></span> <span class='ocrx_word' id='word_1_87' title='bbox 912 1577 1149 1645; x_wconf 82' lang='lat' dir='ltr'><strong>eademiabuls</strong></span> <span class='ocrx_word' id='word_1_88' title='bbox 1164 1599 1212 1645; x_wconf 83' lang='lat' dir='ltr'><strong>rs.</strong></span> <span class='ocrx_word' id='word_1_89' title='bbox 1227 1576 1293 1644; x_wconf 88' lang='grc'><strong>684</strong></span> <span class='ocrx_word' id='word_1_90' title='bbox 1309 1579 1349 1645; x_wconf 95' lang='lat' dir='ltr'><strong>ob</strong></span> <span class='ocrx_word' id='word_1_91' title='bbox 1370 1599 1493 1646; x_wconf 84' lang='lat' dir='ltr'><strong>causam</strong></span> <span class='ocrx_word' id='word_1_92' title='bbox 1581 1566 1582 1569; x_wconf 23' lang='lat'>¹</span> 
     </span>
    </p>
   </div>
   <div class='ocr_carea' id='block_1_6' title="bbox 303 1678 1493 2614">
    <p class='ocr_par' dir='ltr' id='par_1_6' title="bbox 303 1678 1493 2614">
     <span class='ocr_line' id='line_1_13' title="bbox 309 1678 1491 1767; baseline 0.007 -24"><span class='ocrx_word' id='word_1_93' title='bbox 309 1678 441 1745; x_wconf 86' lang='lat' dir='ltr'><strong>eandem</strong></span> <span class='ocrx_word' id='word_1_94' title='bbox 475 1681 582 1745; x_wconf 84' lang='grc' dir='ltr'><strong><em>νούσων</em></strong></span> <span class='ocrx_word' id='word_1_95' title='bbox 617 1681 795 1767; x_wconf 85' lang='lat' dir='ltr'><strong>praeferant</strong></span> <span class='ocrx_word' id='word_1_96' title='bbox 824 1681 962 1748; x_wconf 89' lang='lat' dir='ltr'><strong>Medicei</strong></span> <span class='ocrx_word' id='word_1_97' title='bbox 994 1680 1121 1750; x_wconf 78' lang='lat' dir='ltr'><strong>Codicis</strong></span> <span class='ocrx_word' id='word_1_98' title='bbox 1150 1683 1280 1750; x_wconf 87' lang='lat' dir='ltr'><strong>lectioni</strong></span> <span class='ocrx_word' id='word_1_99' title='bbox 1313 1684 1423 1751; x_wconf 75' lang='grc' dir='ltr'><strong><em>νέοωνε</em></strong></span> <span class='ocrx_word' id='word_1_100' title='bbox 1457 1684 1491 1751; x_wconf 79' lang='lat' dir='ltr'><strong>oi</strong></span> 
     </span>
     <span class='ocr_line' id='line_1_14' title="bbox 307 1782 1492 1873; baseline 0.006 -24"><span class='ocrx_word' id='word_1_101' title='bbox 307 1782 489 1861; x_wconf 83' lang='lat' dir='ltr'><strong>Diodorfius</strong></span> <span class='ocrx_word' id='word_1_102' title='bbox 515 1788 554 1853; x_wconf 88' lang='lat' dir='ltr'><strong>ad</strong></span> <span class='ocrx_word' id='word_1_103' title='bbox 579 1786 665 1873; x_wconf 78' lang='lat' dir='ltr'><strong>Sept.</strong></span> <span class='ocrx_word' id='word_1_104' title='bbox 690 1807 738 1852; x_wconf 81' lang='lat' dir='ltr'><strong>vs.</strong></span> <span class='ocrx_word' id='word_1_105' title='bbox 765 1784 830 1851; x_wconf 82' lang='lat'><strong>315</strong></span> <span class='ocrx_word' id='word_1_106' title='bbox 850 1789 885 1852; x_wconf 93' lang='lat' dir='ltr'><strong>in</strong></span> <span class='ocrx_word' id='word_1_107' title='bbox 907 1787 1056 1855; x_wconf 79' lang='lat' dir='ltr'><strong>Editione</strong></span> <span class='ocrx_word' id='word_1_108' title='bbox 1078 1786 1258 1855; x_wconf 79' lang='lat' dir='ltr'><strong>Oxoniens‘u</strong></span> <span class='ocrx_word' id='word_1_109' title='bbox 1291 1789 1411 1856; x_wconf 86' lang='lat' dir='ltr'><strong>Itidem</strong></span> <span class='ocrx_word' id='word_1_110' title='bbox 1434 1811 1492 1856; x_wconf 87' lang='lat' dir='ltr'><strong>me-</strong></span> 
     </span>
     <span class='ocr_line' id='line_1_15' title="bbox 306 1890 1493 1980; baseline 0.004 -25"><span class='ocrx_word' id='word_1_111' title='bbox 306 1894 395 1955; x_wconf 86' lang='lat' dir='ltr'><strong>trum</strong></span> <span class='ocrx_word' id='word_1_112' title='bbox 425 1894 538 1959; x_wconf 89' lang='lat' dir='ltr'><strong>suadet</strong></span> <span class='ocrx_word' id='word_1_113' title='bbox 569 1890 656 1978; x_wconf 80' lang='lat' dir='ltr'><strong>Sept.</strong></span> <span class='ocrx_word' id='word_1_114' title='bbox 689 1912 736 1958; x_wconf 79' lang='lat' dir='ltr'><strong>vs.</strong></span> <span class='ocrx_word' id='word_1_115' title='bbox 763 1890 827 1957; x_wconf 86' lang='grc'><strong>421</strong></span> <span class='ocrx_word' id='word_1_116' title='bbox 852 1897 884 1958; x_wconf 90' lang='lat' dir='ltr'><strong>et</strong></span> <span class='ocrx_word' id='word_1_117' title='bbox 909 1890 974 1959; x_wconf 84' lang='lat'><strong>456</strong></span> <span class='ocrx_word' id='word_1_118' title='bbox 1002 1897 1041 1959; x_wconf 90' lang='lat' dir='ltr'><strong>ut</strong></span> <span class='ocrx_word' id='word_1_119' title='bbox 1062 1899 1254 1980; x_wconf 86' lang='lat' dir='ltr'><strong>reponantur</strong></span> <span class='ocrx_word' id='word_1_120' title='bbox 1276 1894 1445 1973; x_wconf 75' lang='grc' dir='ltr'><strong><em>οὐλομένων</em></strong></span> <span class='ocrx_word' id='word_1_121' title='bbox 1465 1901 1493 1962; x_wconf 91' lang='lat' dir='ltr'><strong>et</strong></span> 
     </span>
     <span class='ocr_line' id='line_1_16' title="bbox 307 1995 1492 2084; baseline 0.008 -26"><span class='ocrx_word' id='word_1_122' title='bbox 307 1995 384 2075; x_wconf 72' lang='grc' dir='ltr'><strong><em>δουρί</em></strong></span> <span class='ocrx_word' id='word_1_123' title='bbox 413 2016 470 2081; x_wconf 91' lang='lat' dir='ltr'><strong>pro</strong></span> <span class='ocrx_word' id='word_1_124' title='bbox 498 1999 646 2075; x_wconf 71' lang='grc' dir='ltr'><strong><em>ὀλομένων</em></strong></span> <span class='ocrx_word' id='word_1_125' title='bbox 670 2004 703 2063; x_wconf 85' lang='lat' dir='ltr'><strong>et</strong></span> <span class='ocrx_word' id='word_1_126' title='bbox 725 1997 794 2076; x_wconf 77' lang='grc' dir='ltr'><strong><em>δορί,</em></strong></span> <span class='ocrx_word' id='word_1_127' title='bbox 831 1996 912 2063; x_wconf 83' lang='lat' dir='ltr'><strong>Vide</strong></span> <span class='ocrx_word' id='word_1_128' title='bbox 934 1997 1017 2063; x_wconf 86' lang='lat' dir='ltr'><strong>illud</strong></span> <span class='ocrx_word' id='word_1_129' title='bbox 1039 2001 1147 2084; x_wconf 83' lang='lat' dir='ltr'><strong>ipsum</strong></span> <span class='ocrx_word' id='word_1_130' title='bbox 1174 1999 1342 2079; x_wconf 74' lang='grc' dir='ltr'><strong><em>οὐλομένας</em></strong></span> <span class='ocrx_word' id='word_1_131' title='bbox 1364 2004 1398 2066; x_wconf 89' lang='lat' dir='ltr'><strong>in</strong></span> <span class='ocrx_word' id='word_1_132' title='bbox 1423 2001 1492 2067; x_wconf 82' lang='lat' dir='ltr'><strong>Pro</strong></span> 
     </span>
     <span class='ocr_line' id='line_1_17' title="bbox 303 2100 1492 2187; baseline 0.005 -22"><span class='ocrx_word' id='word_1_133' title='bbox 303 2101 430 2168; x_wconf 85' lang='lat' dir='ltr'><strong>metheo</strong></span> <span class='ocrx_word' id='word_1_134' title='bbox 452 2124 499 2169; x_wconf 79' lang='lat' dir='ltr'><strong>ve.</strong></span> <span class='ocrx_word' id='word_1_135' title='bbox 526 2100 606 2170; x_wconf 82' lang='lat'>397:</span> <span class='ocrx_word' id='word_1_136' title='bbox 631 2104 706 2171; x_wconf 78' lang='grc' dir='ltr'><strong><em>ςένω</em></strong></span> <span class='ocrx_word' id='word_1_137' title='bbox 730 2128 765 2168; x_wconf 78' lang='grc' dir='ltr'><strong>τε</strong></span> <span class='ocrx_word' id='word_1_138' title='bbox 789 2107 848 2174; x_wconf 73' lang='grc' dir='ltr'><strong><em>τοῖς</em></strong></span> <span class='ocrx_word' id='word_1_139' title='bbox 872 2102 1039 2183; x_wconf 76' lang='grc' dir='ltr'><strong><em>οὐλομένας</em></strong></span> <span class='ocrx_word' id='word_1_140' title='bbox 1062 2103 1168 2185; x_wconf 76' lang='grc' dir='ltr'><strong><em>τύχας</em></strong></span> <span class='ocrx_word' id='word_1_141' title='bbox 1187 2103 1365 2187; x_wconf 70' lang='grc' dir='ltr'><strong><em>Προμηθεῦ.</em></strong></span> <span class='ocrx_word' id='word_1_142' title='bbox 1406 2105 1492 2187; x_wconf 79' lang='lat' dir='ltr'><strong>Quod</strong></span> 
     </span>
     <span class='ocr_line' id='line_1_18' title="bbox 305 2207 1491 2294; baseline 0.009 -23"><span class='ocrx_word' id='word_1_143' title='bbox 305 2209 420 2273; x_wconf 89' lang='lat' dir='ltr'><strong>attinet</strong></span> <span class='ocrx_word' id='word_1_144' title='bbox 457 2208 497 2274; x_wconf 88' lang='lat' dir='ltr'><strong>ad</strong></span> <span class='ocrx_word' id='word_1_145' title='bbox 530 2208 717 2294; x_wconf 86' lang='lat' dir='ltr'><strong>productam</strong></span> <span class='ocrx_word' id='word_1_146' title='bbox 754 2209 892 2275; x_wconf 85' lang='lat' dir='ltr'><strong>formam</strong></span> <span class='ocrx_word' id='word_1_147' title='bbox 927 2207 1006 2290; x_wconf 72' lang='grc' dir='ltr'><strong><em>δουρί</em></strong></span> <span class='ocrx_word' id='word_1_148' title='bbox 1018 2257 1026 2288; x_wconf 91' lang='grc'><strong><em>,</em></strong></span> <span class='ocrx_word' id='word_1_149' title='bbox 1062 2212 1271 2278; x_wconf 85' lang='lat' dir='ltr'><strong>inveniuntur</strong></span> <span class='ocrx_word' id='word_1_150' title='bbox 1303 2211 1491 2292; x_wconf 74' lang='grc' dir='ltr'><strong><em>δουρίκλντον</em></strong></span> 
     </span>
     <span class='ocr_line' id='line_1_19' title="bbox 304 2308 1490 2403; baseline 0.005 -27"><span class='ocrx_word' id='word_1_151' title='bbox 304 2308 392 2377; x_wconf 83' lang='lat' dir='ltr'><strong>Pers.</strong></span> <span class='ocrx_word' id='word_1_152' title='bbox 416 2310 479 2391; x_wconf 88' lang='grc'><strong>85,</strong></span> <span class='ocrx_word' id='word_1_153' title='bbox 510 2314 704 2395; x_wconf 77' lang='grc' dir='ltr'><strong><em>δονρέπνκτος</em></strong></span> <span class='ocrx_word' id='word_1_154' title='bbox 734 2314 820 2400; x_wconf 77' lang='lat' dir='ltr'><strong>Sept.</strong></span> <span class='ocrx_word' id='word_1_155' title='bbox 846 2312 930 2393; x_wconf 82' lang='lat'>278,</span> <span class='ocrx_word' id='word_1_156' title='bbox 955 2313 1151 2395; x_wconf 76' lang='grc' dir='ltr'><strong><em>δονρννὶλωτοο</em></strong></span> <span class='ocrx_word' id='word_1_157' title='bbox 1174 2314 1270 2403; x_wconf 81' lang='lat' dir='ltr'><strong>Soph.</strong></span> <span class='ocrx_word' id='word_1_158' title='bbox 1294 2319 1382 2383; x_wconf 86' lang='lat' dir='ltr'><strong>Aiac.</strong></span> <span class='ocrx_word' id='word_1_159' title='bbox 1410 2316 1490 2394; x_wconf 83' lang='lat'>211;</span> 
     </span>
     <span class='ocr_line' id='line_1_20' title="bbox 305 2416 1491 2506; baseline 0.004 -23"><span class='ocrx_word' id='word_1_160' title='bbox 305 2416 501 2497; x_wconf 72' lang='grc' dir='ltr'><strong><em>δονρέλνπτνς</em></strong></span> <span class='ocrx_word' id='word_1_161' title='bbox 535 2421 611 2486; x_wconf 91' lang='lat' dir='ltr'><strong>ibid.</strong></span> <span class='ocrx_word' id='word_1_162' title='bbox 637 2419 723 2499; x_wconf 90' lang='grc'><strong>894,</strong></span> <span class='ocrx_word' id='word_1_163' title='bbox 754 2422 870 2506; x_wconf 88' lang='lat' dir='ltr'><strong>quibus</strong></span> <span class='ocrx_word' id='word_1_164' title='bbox 899 2420 977 2486; x_wconf 89' lang='lat' dir='ltr'><strong>locis</strong></span> <span class='ocrx_word' id='word_1_165' title='bbox 1000 2426 1143 2487; x_wconf 88' lang='lat' dir='ltr'><strong>metrum</strong></span> <span class='ocrx_word' id='word_1_166' title='bbox 1165 2441 1222 2487; x_wconf 90' lang='lat' dir='ltr'><strong>nos</strong></span> <span class='ocrx_word' id='word_1_167' title='bbox 1244 2443 1307 2489; x_wconf 93' lang='lat' dir='ltr'><strong>non</strong></span> <span class='ocrx_word' id='word_1_168' title='bbox 1329 2424 1408 2488; x_wconf 90' lang='lat' dir='ltr'><strong>sinit</strong></span> <span class='ocrx_word' id='word_1_169' title='bbox 1431 2442 1491 2488; x_wconf 88' lang='lat' dir='ltr'><strong>sm·</strong></span> 
     </span>
     <span class='ocr_line' id='line_1_21' title="bbox 306 2522 1459 2614; baseline 0.005 -26"><span class='ocrx_word' id='word_1_170' title='bbox 306 2524 430 2612; x_wconf 79' lang='lat' dir='ltr'><strong>bigere,</strong></span> <span class='ocrx_word' id='word_1_171' title='bbox 455 2532 528 2592; x_wconf 86' lang='lat' dir='ltr'><strong>utra</strong></span> <span class='ocrx_word' id='word_1_172' title='bbox 549 2528 651 2593; x_wconf 88' lang='lat' dir='ltr'><strong>forma</strong></span> <span class='ocrx_word' id='word_1_173' title='bbox 674 2529 779 2593; x_wconf 77' lang='lat' dir='ltr'><strong>verior</strong></span> <span class='ocrx_word' id='word_1_174' title='bbox 800 2528 852 2591; x_wconf 90' lang='lat' dir='ltr'><strong>sit.</strong></span> <span class='ocrx_word' id='word_1_175' title='bbox 888 2525 1006 2592; x_wconf 88' lang='lat' dir='ltr'><strong>Itidem</strong></span> <span class='ocrx_word' id='word_1_176' title='bbox 1027 2528 1062 2592; x_wconf 93' lang='lat' dir='ltr'><strong>in</strong></span> <span class='ocrx_word' id='word_1_177' title='bbox 1085 2522 1171 2612; x_wconf 77' lang='lat' dir='ltr'><strong>Sept.</strong></span> <span class='ocrx_word' id='word_1_178' title='bbox 1196 2525 1260 2593; x_wconf 85' lang='grc'><strong>321</strong></span> <span class='ocrx_word' id='word_1_179' title='bbox 1285 2530 1459 2614; x_wconf 85' lang='lat' dir='ltr'><strong>requiritur</strong></span> 
     </span>
    </p>
   </div>
   <div class='ocr_carea' id='block_1_7' title="bbox 302 2630 1582 2825">
    <p class='ocr_par' dir='ltr' id='par_1_7' title="bbox 302 2622 1582 2825">
     <span class='ocr_line' id='line_1_22' title="bbox 348 2630 1490 2733; baseline 0.002 -37"><span class='ocrx_word' id='word_1_180' title='bbox 348 2633 439 2715; x_wconf 65' lang='lat' dir='ltr'><strong>&#39;nbc</strong></span> <span class='ocrx_word' id='word_1_181' title='bbox 462 2633 613 2714; x_wconf 73' lang='grc' dir='ltr'><strong>προϊάψαι</strong></span> <span class='ocrx_word' id='word_1_182' title='bbox 642 2632 740 2733; x_wconf 65' lang='grc' dir='ltr'><strong><em>δουρὸς</em></strong></span> <span class='ocrx_word' id='word_1_183' title='bbox 772 2630 884 2713; x_wconf 74' lang='grc' dir='ltr'><strong><em>ἄγραν,</em></strong></span> <span class='ocrx_word' id='word_1_184' title='bbox 910 2652 1105 2718; x_wconf 86' lang='lat' dir='ltr'><strong>quamquam</strong></span> <span class='ocrx_word' id='word_1_185' title='bbox 1135 2631 1242 2699; x_wconf 85' lang='lat' dir='ltr'><strong>editur</strong></span> <span class='ocrx_word' id='word_1_186' title='bbox 1271 2632 1422 2699; x_wconf 88' lang='lat' dir='ltr'><strong>adhunc</strong></span> <span class='ocrx_word' id='word_1_187' title='bbox 1444 2654 1490 2699; x_wconf 67' lang='lat' dir='ltr'><strong>us</strong></span> 
     </span>
     <span class='ocr_line' id='line_1_23' title="bbox 302 2734 1582 2825; baseline 0.002 -24"><span class='ocrx_word' id='word_1_188' title='bbox 302 2757 363 2822; x_wconf 91' lang='lat' dir='ltr'><strong>que</strong></span> <span class='ocrx_word' id='word_1_189' title='bbox 386 2738 472 2805; x_wconf 90' lang='lat' dir='ltr'><strong>diem</strong></span> <span class='ocrx_word' id='word_1_190' title='bbox 497 2738 575 2819; x_wconf 74' lang='grc' dir='ltr'><strong><em>δορὸς</em></strong></span> <span class='ocrx_word' id='word_1_191' title='bbox 601 2738 722 2820; x_wconf 76' lang='grc' dir='ltr'><strong><em>ἄγραν,</em></strong></span> <span class='ocrx_word' id='word_1_192' title='bbox 753 2759 833 2823; x_wconf 84' lang='lat' dir='ltr'><strong>quse</strong></span> <span class='ocrx_word' id='word_1_193' title='bbox 864 2737 960 2804; x_wconf 89' lang='lat' dir='ltr'><strong>lectio</strong></span> <span class='ocrx_word' id='word_1_194' title='bbox 983 2759 1040 2802; x_wconf 90' lang='lat' dir='ltr'><strong>cur</strong></span> <span class='ocrx_word' id='word_1_195' title='bbox 1062 2738 1137 2804; x_wconf 83' lang='lat' dir='ltr'><strong>ferri</strong></span> <span class='ocrx_word' id='word_1_196' title='bbox 1158 2758 1221 2804; x_wconf 92' lang='lat' dir='ltr'><strong>non</strong></span> <span class='ocrx_word' id='word_1_197' title='bbox 1245 2738 1374 2817; x_wconf 83' lang='lat' dir='ltr'><strong>debeat,</strong></span> <span class='ocrx_word' id='word_1_198' title='bbox 1398 2759 1490 2825; x_wconf 87' lang='lat' dir='ltr'><strong>snpra</strong></span> <span class='ocrx_word' id='word_1_199' title='bbox 1581 2734 1582 2757; x_wconf 64' lang='lat'>¹</span> 
     </span>
    </p>
   </div>
   <div class='ocr_carea' id='block_1_8' title="bbox 287 2841 1491 4514">
    <p class='ocr_par' dir='ltr' id='par_1_8' title="bbox 302 2841 378 2909">
     <span class='ocr_line' id='line_1_24' title="bbox 302 2841 378 2909; baseline -0.013 0"><span class='ocrx_word' id='word_1_200' title='bbox 302 2841 378 2909; x_wconf 85' lang='lat' dir='ltr'><strong>dixi.</strong></span> 
     </span>
    </p>

    <p class='ocr_par' dir='ltr' id='par_1_9' title="bbox 346 2945 1162 3037">
     <span class='ocr_line' id='line_1_25' title="bbox 346 2945 1162 3037; baseline -0.002 -22"><span class='ocrx_word' id='word_1_201' title='bbox 346 2948 384 3015; x_wconf 88' lang='lat' dir='ltr'><strong>In</strong></span> <span class='ocrx_word' id='word_1_202' title='bbox 406 2948 492 3035; x_wconf 79' lang='lat' dir='ltr'><strong>Sept.</strong></span> <span class='ocrx_word' id='word_1_203' title='bbox 518 2950 588 3016; x_wconf 85' lang='lat' dir='ltr'><strong>adr.</strong></span> <span class='ocrx_word' id='word_1_204' title='bbox 614 2950 713 3016; x_wconf 75' lang='lat' dir='ltr'><strong>Theb.</strong></span> <span class='ocrx_word' id='word_1_205' title='bbox 738 2947 805 3015; x_wconf 87' lang='grc'><strong>804</strong></span> <span class='ocrx_word' id='word_1_206' title='bbox 827 2948 949 3037; x_wconf 76' lang='lat' dir='ltr'><strong>legibur</strong></span> <span class='ocrx_word' id='word_1_207' title='bbox 971 2952 1005 3013; x_wconf 94' lang='lat' dir='ltr'><strong>in</strong></span> <span class='ocrx_word' id='word_1_208' title='bbox 1029 2945 1162 3015; x_wconf 77' lang='lat' dir='ltr'><strong>Codice:</strong></span> 
     </span>
    </p>

    <p class='ocr_par' dir='ltr' id='par_1_10' title="bbox 482 3054 1205 3136">
     <span class='ocr_line' id='line_1_26' title="bbox 482 3054 1205 3136; baseline -0.001 -18"><span class='ocrx_word' id='word_1_209' title='bbox 482 3057 514 3119; x_wconf 83' lang='grc' dir='ltr'><strong>τί</strong></span> <span class='ocrx_word' id='word_1_210' title='bbox 538 3056 562 3118; x_wconf 75' lang='grc' dir='ltr'><strong>δ’</strong></span> <span class='ocrx_word' id='word_1_211' title='bbox 586 3057 631 3124; x_wconf 70' lang='grc' dir='ltr'><strong>ἐς)</strong></span> <span class='ocrx_word' id='word_1_212' title='bbox 656 3060 777 3136; x_wconf 72' lang='grc' dir='ltr'><strong><em>πρᾶγος</em></strong></span> <span class='ocrx_word' id='word_1_213' title='bbox 802 3056 935 3119; x_wconf 80' lang='grc' dir='ltr'><strong><em>νεόκοτον</em></strong></span> <span class='ocrx_word' id='word_1_214' title='bbox 959 3055 1049 3120; x_wconf 77' lang='grc' dir='ltr'><strong><em>πόλει</em></strong></span> <span class='ocrx_word' id='word_1_215' title='bbox 1073 3054 1205 3119; x_wconf 84' lang='grc' dir='ltr'><strong><em>πλέον.</em></strong></span> 
     </span>
    </p>

    <p class='ocr_par' dir='ltr' id='par_1_11' title="bbox 297 3158 1491 3673">
     <span class='ocr_line' id='line_1_27' title="bbox 348 3158 1491 3248; baseline 0.002 -23"><span class='ocrx_word' id='word_1_216' title='bbox 348 3160 409 3242; x_wconf 80' lang='lat' dir='ltr'><strong>Qui</strong></span> <span class='ocrx_word' id='word_1_217' title='bbox 440 3162 500 3226; x_wconf 92' lang='lat' dir='ltr'><strong>hoc</strong></span> <span class='ocrx_word' id='word_1_218' title='bbox 531 3181 593 3225; x_wconf 91' lang='lat' dir='ltr'><strong>non</strong></span> <span class='ocrx_word' id='word_1_219' title='bbox 622 3161 788 3246; x_wconf 89' lang='lat' dir='ltr'><strong>capiebant</strong></span> <span class='ocrx_word' id='word_1_220' title='bbox 817 3162 1039 3248; x_wconf 79' lang='lat' dir='ltr'><strong>grammatici,</strong></span> <span class='ocrx_word' id='word_1_221' title='bbox 1071 3162 1105 3225; x_wconf 93' lang='lat' dir='ltr'><strong>in</strong></span> <span class='ocrx_word' id='word_1_222' title='bbox 1132 3158 1204 3225; x_wconf 89' lang='lat' dir='ltr'><strong>aliis</strong></span> <span class='ocrx_word' id='word_1_223' title='bbox 1228 3159 1320 3225; x_wconf 88' lang='lat' dir='ltr'><strong>libris</strong></span> <span class='ocrx_word' id='word_1_224' title='bbox 1342 3164 1491 3246; x_wconf 86' lang='lat' dir='ltr'><strong>scripsere</strong></span> 
     </span>
     <span class='ocr_line' id='line_1_28' title="bbox 300 3262 1490 3353; baseline 0.003 -23"><span class='ocrx_word' id='word_1_225' title='bbox 300 3266 405 3347; x_wconf 83' lang='grc' dir='ltr'><strong><em>παρόν,</em></strong></span> <span class='ocrx_word' id='word_1_226' title='bbox 437 3266 492 3331; x_wconf 91' lang='lat' dir='ltr'><strong>sed</strong></span> <span class='ocrx_word' id='word_1_227' title='bbox 513 3287 600 3332; x_wconf 89' lang='lat' dir='ltr'><strong>mera</strong></span> <span class='ocrx_word' id='word_1_228' title='bbox 624 3277 671 3332; x_wconf 90' lang='lat' dir='ltr'><strong>est</strong></span> <span class='ocrx_word' id='word_1_229' title='bbox 695 3270 890 3353; x_wconf 86' lang='lat' dir='ltr'><strong>conjectura,</strong></span> <span class='ocrx_word' id='word_1_230' title='bbox 923 3286 998 3332; x_wconf 87' lang='lat' dir='ltr'><strong>nam</strong></span> <span class='ocrx_word' id='word_1_231' title='bbox 1021 3285 1131 3331; x_wconf 89' lang='lat' dir='ltr'><strong>omnes</strong></span> <span class='ocrx_word' id='word_1_232' title='bbox 1153 3262 1299 3345; x_wconf 82' lang='lat' dir='ltr'><strong>Codices,</strong></span> <span class='ocrx_word' id='word_1_233' title='bbox 1332 3268 1416 3352; x_wconf 90' lang='lat' dir='ltr'><strong>quod</strong></span> <span class='ocrx_word' id='word_1_234' title='bbox 1438 3287 1490 3333; x_wconf 81' lang='lat' dir='ltr'><strong>no</strong></span> 
     </span>
     <span class='ocr_line' id='line_1_29' title="bbox 299 3369 1489 3450; baseline -0.001 -12"><span class='ocrx_word' id='word_1_235' title='bbox 299 3377 370 3438; x_wconf 91' lang='lat' dir='ltr'><strong>tum</strong></span> <span class='ocrx_word' id='word_1_236' title='bbox 402 3380 467 3450; x_wconf 85' lang='lat' dir='ltr'><strong>est,</strong></span> <span class='ocrx_word' id='word_1_237' title='bbox 499 3372 617 3437; x_wconf 81' lang='lat' dir='ltr'><strong>fluxere</strong></span> <span class='ocrx_word' id='word_1_238' title='bbox 648 3394 686 3438; x_wconf 84' lang='lat' dir='ltr'><strong>ex</strong></span> <span class='ocrx_word' id='word_1_239' title='bbox 715 3372 774 3438; x_wconf 90' lang='lat' dir='ltr'><strong>illo</strong></span> <span class='ocrx_word' id='word_1_240' title='bbox 806 3376 898 3438; x_wconf 87' lang='lat' dir='ltr'><strong>unico</strong></span> <span class='ocrx_word' id='word_1_241' title='bbox 924 3372 1006 3438; x_wconf 92' lang='lat' dir='ltr'><strong>libro</strong></span> <span class='ocrx_word' id='word_1_242' title='bbox 1029 3372 1184 3439; x_wconf 87' lang='lat' dir='ltr'><strong>Medicco.</strong></span> <span class='ocrx_word' id='word_1_243' title='bbox 1220 3369 1340 3438; x_wconf 86' lang='lat' dir='ltr'><strong>Verum</strong></span> <span class='ocrx_word' id='word_1_244' title='bbox 1364 3372 1489 3439; x_wconf 84' lang='lat' dir='ltr'><strong>facilius</strong></span> 
     </span>
     <span class='ocr_line' id='line_1_30' title="bbox 298 3477 1487 3567; baseline -0.003 -21"><span class='ocrx_word' id='word_1_245' title='bbox 298 3479 381 3546; x_wconf 90' lang='lat' dir='ltr'><strong>illud</strong></span> <span class='ocrx_word' id='word_1_246' title='bbox 404 3478 525 3545; x_wconf 88' lang='grc' dir='ltr'><strong><em>πλέον</em></strong></span> <span class='ocrx_word' id='word_1_247' title='bbox 549 3482 652 3546; x_wconf 89' lang='lat' dir='ltr'><strong>sanari</strong></span> <span class='ocrx_word' id='word_1_248' title='bbox 671 3481 788 3565; x_wconf 81' lang='lat' dir='ltr'><strong>poterii</strong></span> <span class='ocrx_word' id='word_1_249' title='bbox 795 3501 803 3556; x_wconf 91' lang='lat'>;</span> <span class='ocrx_word' id='word_1_250' title='bbox 825 3478 999 3567; x_wconf 79' lang='lat' dir='ltr'><strong>legandum</strong></span> <span class='ocrx_word' id='word_1_251' title='bbox 1018 3481 1105 3545; x_wconf 89' lang='lat' dir='ltr'><strong>anim</strong></span> <span class='ocrx_word' id='word_1_252' title='bbox 1117 3477 1487 3553; x_wconf 72' lang='grc' dir='ltr'><strong><em>πέλον,ν1οωέίπέλονοα</em></strong></span> 
     </span>
     <span class='ocr_line' id='line_1_31' title="bbox 297 3582 1465 3673; baseline -0.003 -21"><span class='ocrx_word' id='word_1_253' title='bbox 297 3594 381 3652; x_wconf 86' lang='lat' dir='ltr'><strong>recte</strong></span> <span class='ocrx_word' id='word_1_254' title='bbox 404 3587 525 3673; x_wconf 77' lang='lat' dir='ltr'><strong>legitur</strong></span> <span class='ocrx_word' id='word_1_255' title='bbox 546 3585 710 3651; x_wconf 90' lang='lat' dir='ltr'><strong>Prometh.</strong></span> <span class='ocrx_word' id='word_1_256' title='bbox 732 3583 808 3650; x_wconf 89' lang='grc'><strong>898.</strong></span> <span class='ocrx_word' id='word_1_257' title='bbox 841 3584 930 3651; x_wconf 86' lang='lat' dir='ltr'><strong>idem</strong></span> <span class='ocrx_word' id='word_1_258' title='bbox 953 3605 1039 3651; x_wconf 88' lang='lat' dir='ltr'><strong>error</strong></span> <span class='ocrx_word' id='word_1_259' title='bbox 1062 3585 1185 3651; x_wconf 90' lang='lat' dir='ltr'><strong>obtinet</strong></span> <span class='ocrx_word' id='word_1_260' title='bbox 1206 3587 1241 3650; x_wconf 93' lang='lat' dir='ltr'><strong>in</strong></span> <span class='ocrx_word' id='word_1_261' title='bbox 1263 3583 1350 3650; x_wconf 89' lang='lat' dir='ltr'><strong>Pers.</strong></span> <span class='ocrx_word' id='word_1_262' title='bbox 1377 3582 1465 3650; x_wconf 80' lang='lat'><strong>632:</strong></span> 
     </span>
    </p>

    <p class='ocr_par' dir='ltr' id='par_1_12' title="bbox 570 3686 1210 3877">
     <span class='ocr_line' id='line_1_32' title="bbox 571 3686 1210 3772; baseline -0.003 -16"><span class='ocrx_word' id='word_1_263' title='bbox 571 3694 596 3756; x_wconf 81' lang='lat' dir='ltr'><strong>si</strong></span> <span class='ocrx_word' id='word_1_264' title='bbox 621 3691 684 3772; x_wconf 81' lang='grc' dir='ltr'><strong><em>γοέρ</em></strong></span> <span class='ocrx_word' id='word_1_265' title='bbox 707 3716 736 3757; x_wconf 85' lang='grc' dir='ltr'><strong><em>τν</em></strong></span> <span class='ocrx_word' id='word_1_266' title='bbox 761 3696 861 3755; x_wconf 77' lang='grc' dir='ltr'><strong><em>κακῶν</em></strong></span> <span class='ocrx_word' id='word_1_267' title='bbox 884 3688 957 3762; x_wconf 74' lang='grc' dir='ltr'><strong><em>ἄκος</em></strong></span> <span class='ocrx_word' id='word_1_268' title='bbox 982 3686 1054 3756; x_wconf 70' lang='grc' dir='ltr'><strong>οἶδε</strong></span> <span class='ocrx_word' id='word_1_269' title='bbox 1076 3688 1210 3768; x_wconf 82' lang='grc' dir='ltr'><strong><em>πλέον,</em></strong></span> 
     </span>
     <span class='ocr_line' id='line_1_33' title="bbox 570 3795 1112 3877; baseline -0.004 -13"><span class='ocrx_word' id='word_1_270' title='bbox 570 3799 658 3877; x_wconf 80' lang='grc' dir='ltr'><strong><em>μένος</em></strong></span> <span class='ocrx_word' id='word_1_271' title='bbox 682 3798 720 3864; x_wconf 76' lang='grc' dir='ltr'><strong><em>ἂν</em></strong></span> <span class='ocrx_word' id='word_1_272' title='bbox 744 3798 852 3872; x_wconf 77' lang='grc' dir='ltr'><strong><em>ένντῶν</em></strong></span> <span class='ocrx_word' id='word_1_273' title='bbox 877 3796 999 3877; x_wconf 80' lang='grc' dir='ltr'><strong><em>πέρας</em></strong></span> <span class='ocrx_word' id='word_1_274' title='bbox 1023 3795 1112 3862; x_wconf 71' lang='grc' dir='ltr'><strong><em>εἶπον.</em></strong></span> 
     </span>
    </p>

    <p class='ocr_par' dir='ltr' id='par_1_13' title="bbox 287 3891 1488 4514">
     <span class='ocr_line' id='line_1_34' title="bbox 343 3891 1487 3991; baseline -0.003 -20"><span class='ocrx_word' id='word_1_275' title='bbox 343 3904 470 3972; x_wconf 88' lang='lat' dir='ltr'><strong>Vitium</strong></span> <span class='ocrx_word' id='word_1_276' title='bbox 505 3906 669 3991; x_wconf 89' lang='lat' dir='ltr'><strong>apparebit</strong></span> <span class='ocrx_word' id='word_1_277' title='bbox 699 3926 737 3969; x_wconf 86' lang='lat' dir='ltr'><strong>ex</strong></span> <span class='ocrx_word' id='word_1_278' title='bbox 769 3891 947 3969; x_wconf 86' lang='lat' dir='ltr'><strong>Hermanni</strong></span> <span class='ocrx_word' id='word_1_279' title='bbox 976 3906 1136 3971; x_wconf 85' lang='lat' dir='ltr'><strong>versione:</strong></span> <span class='ocrx_word' id='word_1_280' title='bbox 1172 3904 1200 3969; x_wconf 83' lang='grc' dir='ltr'><strong><em>ον’</em></strong></span> <span class='ocrx_word' id='word_1_281' title='bbox 1229 3905 1309 3990; x_wconf 82' lang='lat' dir='ltr'><strong>qood</strong></span> <span class='ocrx_word' id='word_1_282' title='bbox 1330 3913 1487 3990; x_wconf 62' lang='lat' dir='ltr'><strong>praetera</strong></span> 
     </span>
     <span class='ocr_line' id='line_1_35' title="bbox 297 4009 1487 4099; baseline -0.002 -22"><span class='ocrx_word' id='word_1_283' title='bbox 297 4021 427 4099; x_wconf 53' lang='lat' dir='ltr'><strong>(porceter</strong></span> <span class='ocrx_word' id='word_1_284' title='bbox 453 4012 618 4076; x_wconf 69' lang='lat' dir='ltr'><strong>institutore</strong></span> <span class='ocrx_word' id='word_1_285' title='bbox 641 4011 898 4094; x_wconf 68' lang='lat' dir='ltr'><strong>mpphcctionem)</strong></span> <span class='ocrx_word' id='word_1_286' title='bbox 920 4009 1080 4074; x_wconf 70' lang='lat' dir='ltr'><strong>remeditari</strong></span> <span class='ocrx_word' id='word_1_287' title='bbox 1103 4010 1191 4074; x_wconf 76' lang='lat' dir='ltr'><strong>habet</strong></span> <span class='ocrx_word' id='word_1_288' title='bbox 1212 4009 1347 4088; x_wconf 76' lang='lat' dir='ltr'><strong>Darius,</strong></span> <span class='ocrx_word' id='word_1_289' title='bbox 1371 4011 1421 4075; x_wconf 73' lang='lat' dir='ltr'><strong>tir</strong></span> <span class='ocrx_word' id='word_1_290' title='bbox 1444 4032 1487 4075; x_wconf 78' lang='lat' dir='ltr'><strong>eo</strong></span> 
     </span>
     <span class='ocr_line' id='line_1_36' title="bbox 296 4114 1488 4203; baseline -0.004 -18"><span class='ocrx_word' id='word_1_291' title='bbox 296 4123 343 4185; x_wconf 77' lang='lat' dir='ltr'><strong>ise</strong></span> <span class='ocrx_word' id='word_1_292' title='bbox 365 4124 461 4203; x_wconf 75' lang='lat' dir='ltr'><strong>ficem</strong></span> <span class='ocrx_word' id='word_1_293' title='bbox 491 4120 635 4181; x_wconf 79' lang='lat' dir='ltr'><strong>maiorum</strong></span> <span class='ocrx_word' id='word_1_294' title='bbox 657 4118 769 4201; x_wconf 77' lang='lat' dir='ltr'><strong>poterii</strong></span> <span class='ocrx_word' id='word_1_295' title='bbox 798 4116 944 4181; x_wconf 72' lang='lat' dir='ltr'><strong>indicare.</strong></span> <span class='ocrx_word' id='word_1_296' title='bbox 992 4115 1125 4181; x_wconf 88' lang='lat' dir='ltr'><strong>Prorsus</strong></span> <span class='ocrx_word' id='word_1_297' title='bbox 1154 4119 1294 4182; x_wconf 81' lang='lat' dir='ltr'><strong>otiosum</strong></span> <span class='ocrx_word' id='word_1_298' title='bbox 1322 4121 1374 4182; x_wconf 82' lang='lat' dir='ltr'><strong>est</strong></span> <span class='ocrx_word' id='word_1_299' title='bbox 1401 4114 1488 4181; x_wconf 86' lang='lat' dir='ltr'><strong>istud</strong></span> 
     </span>
     <span class='ocr_line' id='line_1_37' title="bbox 287 4221 1487 4310; baseline -0.001 -23"><span class='ocrx_word' id='word_1_300' title='bbox 287 4234 446 4310; x_wconf 75' lang='grc' dir='ltr'><strong><em>ρπωοοονοο</em></strong></span> <span class='ocrx_word' id='word_1_301' title='bbox 475 4244 577 4309; x_wconf 90' lang='lat' dir='ltr'><strong>neque</strong></span> <span class='ocrx_word' id='word_1_302' title='bbox 605 4222 808 4288; x_wconf 88' lang='lat' dir='ltr'><strong>Hermannus</strong></span> <span class='ocrx_word' id='word_1_303' title='bbox 831 4221 983 4288; x_wconf 85' lang='lat' dir='ltr'><strong>vertendo</strong></span> <span class='ocrx_word' id='word_1_304' title='bbox 1008 4224 1162 4308; x_wconf 82' lang='lat' dir='ltr'><strong>expressit</strong></span> <span class='ocrx_word' id='word_1_305' title='bbox 1186 4222 1310 4300; x_wconf 75' lang='grc' dir='ltr'><strong><em>θνητῶν,</em></strong></span> <span class='ocrx_word' id='word_1_306' title='bbox 1336 4222 1420 4308; x_wconf 88' lang='lat' dir='ltr'><strong>quod</strong></span> <span class='ocrx_word' id='word_1_307' title='bbox 1441 4224 1487 4286; x_wconf 92' lang='lat' dir='ltr'><strong>in·</strong></span> 
     </span>
     <span class='ocr_line' id='line_1_38' title="bbox 294 4324 1487 4413; baseline -0.003 -18"><span class='ocrx_word' id='word_1_308' title='bbox 294 4329 462 4413; x_wconf 77' lang='lat' dir='ltr'><strong>telligebat</strong></span> <span class='ocrx_word' id='word_1_309' title='bbox 492 4331 572 4390; x_wconf 75' lang='lat' dir='ltr'><strong>sobo</strong></span> <span class='ocrx_word' id='word_1_310' title='bbox 595 4331 763 4391; x_wconf 78' lang='lat' dir='ltr'><strong>mortobicm</strong></span> <span class='ocrx_word' id='word_1_311' title='bbox 786 4349 847 4392; x_wconf 88' lang='lat' dir='ltr'><strong>non</strong></span> <span class='ocrx_word' id='word_1_312' title='bbox 871 4334 920 4392; x_wconf 88' lang='lat' dir='ltr'><strong>eat</strong></span> <span class='ocrx_word' id='word_1_313' title='bbox 943 4328 1021 4393; x_wconf 88' lang='lat' dir='ltr'><strong>bene</strong></span> <span class='ocrx_word' id='word_1_314' title='bbox 1045 4330 1221 4394; x_wconf 90' lang='lat' dir='ltr'><strong>convenire.</strong></span> <span class='ocrx_word' id='word_1_315' title='bbox 1259 4324 1390 4395; x_wconf 78' lang='lat' dir='ltr'><strong>Scilicet</strong></span> <span class='ocrx_word' id='word_1_316' title='bbox 1412 4346 1487 4393; x_wconf 86' lang='lat' dir='ltr'><strong>vers</strong></span> 
     </span>
     <span class='ocr_line' id='line_1_39' title="bbox 294 4436 540 4514; baseline -0.024 -17"><span class='ocrx_word' id='word_1_317' title='bbox 294 4436 450 4514; x_wconf 89' lang='lat' dir='ltr'><strong>scriptura</strong></span> <span class='ocrx_word' id='word_1_318' title='bbox 473 4442 540 4495; x_wconf 90' lang='lat' dir='ltr'><strong>est:</strong></span> 
     </span>
    </p>
   </div>
   <div class='ocr_carea' id='block_1_9' title="bbox 0 0 1626 5014">
    <p class='ocr_par' dir='ltr' id='par_1_14' title="bbox 0 0 1626 5014">
     <span class='ocr_line' id='line_1_40' title="bbox 0 0 1626 5014; baseline 0 5"><span class='ocrx_word' id='word_1_319' title='bbox 0 0 1626 5014; x_wconf 95' lang='lat' dir='ltr'><strong> </strong></span> 
     </span>
    </p>
   </div>
  </div>
 </body>
</html>
