3388 5010
601 369 794 417 ouruooooron
819 369 854 418 or
877 369 1005 419 curares.
1367 356 1432 419 213

241 539 328 627 Ergo
358 536 437 607 εδποι
466 545 516 605 est
547 537 805 616 emendandum,
838 537 921 625 quod
956 558 1056 627 quum
1090 547 1165 607 ante
1195 539 1313 608 multos
1335 559 1436 607 annos

241 644 564 725 animadvertissem,
596 656 707 734 postea
739 642 881 710 intellexi
911 647 1108 733 scripturam
1141 645 1241 731 εθπρσι
1272 667 1334 714 noo
1366 666 1437 714 esse

242 753 410 840 antiquam
441 770 549 837 oeque
580 771 651 819 eam
676 759 803 818 veteres
827 749 969 818 (iriticos
994 744 1137 830 novisse,
1164 752 1220 820 sed
1244 772 1354 821 reram
1379 762 1435 819 el·

241 868 331 927 1101.
379 856 559 924 Producam
587 859 728 945 primunr
755 864 889 934 testem,
913 858 968 945 qui
992 855 1031 923 ad
1053 856 1145 926 ltiad.
1169 867 1212 926 N.
1238 864 1315 928 552.

409 963 570 1046 Ἀργείους
593 963 624 1030 δέ
647 962 820 1030 Ποσειδάων
845 961 959 1043 θρθθννε
982 964 1139 1045 μετελθών

421 1068 518 1153 adeps
543 1069 736 1149 ὑπεξαναδὺς
760 1078 869 1148 πολιῆς
893 1069 988 1144 αλθς·
1013 1069 1127 1152 ἤχθετο
1151 1068 1217 1153 γαρ
1240 1073 1279 1155 ρα

422 1176 542 1258 Τρωσὶν
562 1176 785 1256 δαμναμένους.

241 1281 423 1350 annotavit:
456 1282 491 1348 τδ
521 1283 650 1366 λθθρρ
680 1282 867 1366 ἀμφοτέροις
904 1281 1036 1348 δύναται
1071 1282 1300 1365 τροσδέδοσθαι·
1334 1283 1370 1350 τδ
1406 1283 1437 1351 δέ

240 1386 312 1467 έξῆς
336 1388 418 1459 έςθν·
442 1388 653 1470 ’oppetam
679 1387 839 1470 θρθθυνε
863 1389 994 1472 Τριοσδ
1018 1390 1322 1471 δαμναμένους.
1346 1392 1382 1457 τδ
1406 1391 1437 1458 δέ

241 1495 394 1576 ἤχθετο
425 1493 502 1577 peip
532 1497 579 1578 θα
607 1495 660 1562 δια
690 1493 799 1574 μέσον.
832 1495 859 1560 εδ
890 1495 948 1573 μὲν
976 1495 1040 1577 γὰρ
1064 1494 1262 1576 συνιέπτομεν
1284 1495 1437 1580 ἤχθετο

239 1598 320 1683 γάρ
354 1604 401 1685 ῥα
430 1602 566 1683 ,Τρωσὶ
602 1599 909 1680 δαμναμένους,
933 1604 1154 1685 concremento
1176 1603 1234 1682 μὲν
1263 1601 1385 1682 γίνεται
1418 1603 1436 1678 ιδ

240 1705 372 1791 Φριῦσις,
396 1708 528 1790 οῦρχαῖον
552 1705 585 1775 δέ
609 1730 660 1786 μοι
681 1705 764 1772 δοκεῖ
784 1706 820 1772 τδ
843 1713 958 1787 σχῆμα
980 1702 1070 1773 εἶναι.
1096 1707 1149 1773 καὶ
1172 1709 1323 1791 θαλαχοῦ

330 1811 386 1880 καθ
408 1811 483 1879 ποτέ
507 1836 554 1887 τις
579 1821 714 1879 etnot·
740 1812 857 1895 πατρὸς
880 1812 907 1878 δ’
930 1808 986 1893 dyc
1011 1813 1126 1880 πολλὸν
1151 1812 1301 1895 θμείνυν,

331 1920 366 1985 έιι
389 1917 528 1999 πολέμου
553 1917 690 1986 οὶνιθντα.

239 2025 294 2103 τὴν
316 2022 542 2108 statuendo
564 2028 619 2092 τοῦ
642 2025 735 2106 θριῦν
759 2025 792 2091 οῦ
814 2023 1069 2107 παραδεχόμεθα.

284 2129 456 2199 Nicanoris
487 2128 547 2197 hoc
580 2131 802 2199 testimonium
833 2139 900 2211 cst,
933 2129 988 2198 sed
1022 2152 1085 2200 ooo
1115 2139 1186 2199 erat
1215 2150 1296 2220 opus
1320 2139 1434 2200 testem

240 2235 335 2324 iunge
366 2254 535 2325 quaerere.
585 2236 631 2304 dd
664 2237 771 2325 ipsum
799 2236 923 2315 iocum,
947 2236 1073 2325 quode
1097 2238 1242 2325 agimus,
1265 2246 1315 2305 est
1338 2258 1436 2306 unno-

242 2343 322 2410 tatio
345 2345 499 2430 antiqua:
522 2340 642 2421 eitius
664 2343 738 2410 ιοαθ
760 2343 857 2410 τοτέ
880 2366 941 2416 τις
968 2343 1436 2424 ΕΙΠΟΙέιιπολέμουιῦνιθντα,

240 2448 294 2517 xci
318 2450 352 2517 οῦ
374 2450 477 2517 trinos
499 2452 535 2518 τδ
558 2450 667 2531 tado,
692 2451 768 2518 ἀλλ’
791 2447 838 2522 έςι
861 2450 987 2529 συνήθης
1010 2455 1167 2526 Ἀττικοῖς
1187 2453 1205 2528 ιδ
1223 2447 1351 2535 φριθσις.
1375 2453 1436 2518 Ed·

239 2555 359 2639 ριτέδιις
381 2558 479 2641 ‘Priape
503 2555 609 2647 (390).

465 2662 568 2746 χαθριο
590 2661 624 2730 δέ
646 2664 676 2730 τ’
699 2664 895 2745 εὐτυχοῦντα
919 2662 972 2730 καὶ
996 2663 1184 2746 προσήμενον

467 2768 625 2852 τόρνοισιν
649 2767 774 2852 έχθρῦν.

240 2871 295 2940 xci
318 2873 413 2949 αῦτδς
434 2874 572 2958 Ὀμιρρος
596 2875 747 2957 innexuit

465 2980 579 3063 ἤχθετο
602 2979 665 3063 γάρ
688 2984 726 3064 ῥα
747 2983 753 3069 Ι
772 2979 892 3063 Τρυσδν
915 2978 1141 3061 δαμναμένους.

285 3085 350 3153 Hoc
375 3105 502 3174 quoque
525 3086 695 3154 Nicanoris
718 3105 788 3152 esse
816 3087 1034 3153 testinnonium
1061 3093 1215 3174 apparet,
1245 3102 1340 3173 quem
1367 3084 1436 3152 ido·

242 3211 338 3259 neum
365 3201 478 3259 testem
503 3202 535 3261 et
560 3202 725 3261 auctorem
752 3193 934 3280 scripturae
959 3191 1309 3279 etn01‚pracsertinr
1335 3212 1436 3279 quum

242 3317 336 3365 nemo
360 3308 505 3366 veterum
529 3307 643 3366 contra
667 3297 773 3379 dicat,
799 3318 856 3364 nos
879 3297 996 3366 habere
1017 3298 1206 3386 gaudemus.
1231 3295 1436 3385 Quamquam

241 3423 305 3471 non
328 3413 377 3472 est
396 3426 528 3494 prorsus
551 3405 659 3473 eodem
683 3407 767 3471 ratio
792 3404 823 3470 in
848 3402 928 3472 εέποι
952 3406 987 3471 έιι
1008 3404 1145 3485 πολέμου
1166 3404 1292 3473 θνιθντα
1310 3410 1343 3470 et
1362 3405 1437 3486 χαί·

240 3534 279 3594 pu
303 3535 339 3579 σε
362 3512 575 3596 εὐτυχοῦντα,
609 3509 696 3578 nulia
721 3520 828 3578 tamen
854 3509 1014 3577 dubitatio
1038 3518 1087 3578 est
1109 3510 1188 3597 quin
1215 3529 1290 3575 sera
1315 3508 1358 3574 sit
1381 3507 1438 3574 tti-

242 3619 370 3686 canoris
395 3617 630 3707 interpretatio.
665 3616 761 3683 Pione
785 3616 920 3704 gemetis
945 3624 1054 3684 autem
1084 3623 1159 3682 sunt
1184 3615 1298 3696 ἤχθετο
1320 3613 1438 3693 δαμνα·

241 3726 348 3807 μένους
372 3734 404 3792 et
427 3726 526 3808 χαίροι
550 3748 587 3790 σε
610 3725 817 3808 εὐτυχοῦντα.
854 3723 990 3810 Saepius
1014 3743 1050 3788 ca
1073 3721 1316 3809 compositionis
1335 3717 1438 3785 iornra

243 3831 406 3919 reperitur
430 3832 462 3897 in
488 3830 597 3897 verbis
619 3830 740 3912 χαίριο,
766 3830 918 3911 έπιχαθρυ
941 3837 972 3895 et
997 3826 1118 3909 ἥδομαι.
1164 3824 1337 3914 Sophocles
1361 3824 1439 3891 Piri·

244 3936 314 4005 ioct.
342 3942 428 4005 tnta

471 4042 561 4123 ἥσθην
582 4041 706 4125 πατέρα
729 4064 765 4109 τε
788 4040 840 4108 eto
865 4040 938 4121 έμδν
963 4037 1153 4120 εῦλσνοῦντοθ
1176 4062 1212 4104 σε

471 4149 565 4218 αῦτθν
587 4156 617 4215 τ’
641 4148 708 4229 έμέ.

244 4253 417 4348 Euripides
441 4255 525 4346 apud
554 4254 686 4323 Suidam
711 4275 741 4321 v.
769 4253 869 4337 Χαθριι

449 4362 552 4446 χαθρυ
576 4361 611 4428 σέ
635 4363 675 4439 τ’,
699 4358 720 4427 οῦ
744 4359 892 4441 diuerso
915 4360 1094 4440 Ἀλκμήνης
1115 4358 1213 4433 τέκος.

451 4468 614 4559 (σωθέντα)
638 4468 691 4536 τέν
713 4492 750 4536 τι
773 4467 882 4552 μιαρδν
904 4464 1091 4546 έξολιιοιθτα.
