3388 5010
265 358 330 424 241
436 424 439 429 ⁴
665 376 821 424 eusiciam
845 377 880 422 nn
905 375 1058 423 tumtum.

312 549 361 621 Itu
385 548 443 623 tt.;
463 548 576 633 optimi
601 546 693 614 codd.
717 547 745 613 si
767 547 816 628 hm
841 545 973 636 propter
997 545 1092 614 [leun
1119 552 1151 612 et
1169 545 1249 613 Gen.
1270 544 1460 635 praebentes

266 677 300 722 se
322 654 356 720 in
382 652 467 743 (edd.
492 651 579 719 Harl.
605 673 694 741 apr.
720 672 764 720 m.
790 674 823 718 se
845 652 1046 742 imperimlo,
1069 671 1154 718 conr.
1178 652 1315 742 siimp.)
1336 654 1380 722 Μ.
1399 654 1460 730 sei3

267 760 324 829 sed
349 759 437 827 nulla
461 758 606 826 addenda
631 769 680 826 est
702 759 833 839 littera,
857 759 967 828 scriba

497 868 592 934 cuius
615 863 686 933 sine
709 865 830 953 periclo
855 865 970 932 leceris
995 863 1187 953 peniculum.

316 972 362 1040 lh.
384 977 444 1041 50:
466 971 639 1040 »Chremes
660 976 693 1038 in
714 971 874 1049 medium,
896 974 927 1038 io
947 991 1112 1038 summum
1126 970 1215 1037 eirod
1226 970 1462 1041 llemaenetus”

271 1100 385 1146 novam
411 1079 554 1146 continet
579 1078 715 1145 lonmam
741 1077 830 1145 verbi
853 1078 919 1157 ire,
942 1096 1024 1165 quae
1048 1077 1182 1144 luctasse
1205 1097 1323 1165 magno
1347 1077 1462 1166 plausu

271 1186 451 1272 excipietur
478 1183 519 1250 ab
543 1182 726 1249 istiusmodi
752 1183 1001 1250 »inventorum”
1026 1184 1234 1250 amatoribus.
1282 1183 1345 1251 Sed
1369 1183 1461 1253 codd.

271 1292 320 1358 ire
342 1290 384 1357 od
406 1291 603 1368 domenetus,
629 1291 662 1355 in
688 1310 752 1377 quo
777 1290 983 1377 transpositis
1007 1297 1134 1356 tantum
1161 1290 1279 1357 litteris
1299 1310 1380 1378 opus
1399 1299 1461 1358 est:

273 1399 364 1464 ierot.
415 1395 626 1463 contractum
653 1394 786 1483 plqpecl.
810 1396 890 1461 iram
917 1415 980 1461 non
1006 1405 1084 1483 poto
1108 1397 1282 1463 exstitisse.

319 1501 419 1570 Paulo
443 1511 513 1590 post
535 1506 595 1569 56:
620 1503 706 1588 agite
730 1503 817 1588 agite
840 1499 924 1567 lucei
946 1500 1112 1568 mendacei
1134 1502 1369 1589 argutamini.'’
1410 1504 1465 1571 tti-

275 1607 320 1677 hil
352 1608 480 1676 lucilius
511 1607 659 1674 videatur
687 1627 783 1694 quam
815 1628 854 1673 cx
887 1606 1043 1673 librorum
1078 1607 1214 1674 lectione
1244 1608 1386 1677 mendosi
1409 1618 1466 1678 aut

274 1715 412 1782 mendoti
423 1765 431 1792 ‚
458 1733 532 1780 cum
556 1723 711 1801 sequatur
730 1736 769 1790 o,
791 1711 932 1780 efficere:
954 1711 1142 1780 »mendacia
1163 1715 1396 1799 augutamini”,
1416 1735 1466 1781 ea·

274 1820 347 1888 dem
370 1841 446 1888 eum
470 1820 607 1909 syuisesi
629 1838 693 1905 qua
719 1817 881 1885 »dominia
901 1820 1034 1905 atque’',
1055 1819 1146 1887 Xlll.
1174 1824 1230 1898 tt,
1252 1820 1283 1886 io
1302 1842 1322 1885 o
1342 1829 1378 1887 ut
1397 1820 1466 1889 elli·

276 1929 364 1994 ciant
398 1945 494 1993 unam
528 1924 694 2013 syllabam.
743 1924 805 1991 Sed
838 1935 969 2013 propter
1000 1925 1196 1992 Benmnsem
1220 1944 1281 1991 non
1306 1928 1464 2012 optimum

275 2032 395 2099 librum
420 2032 476 2117 qui
502 2050 558 2116 pro
581 2034 685 2118 suren,
711 2029 794 2116 quod
819 2031 851 2096 in
875 2031 1008 2118 reliquis
1031 2029 1269 2111 emollescat,
1289 2032 1466 2121 surlprae·

276 2139 351 2216 bet,
384 2145 548 2224 receptum
581 2144 630 2201 est
661 2137 746 2223 sorni
773 2136 934 2203 mendosei
964 2135 1049 2223 quod
1081 2136 1239 2224 quomodo
1262 2138 1304 2205 Μ,
1330 2138 1469 2226 explicet

276 2244 427 2312 videatur
457 2241 542 2330 apud
571 2242 690 2328 ipsum.
741 2241 925 2308 »ldendacia
953 2243 1123 2327 argutari'
1147 2244 1246 2310 etiam
1272 2245 1342 2312 sine
1367 2245 1467 2312 iuter·

277 2361 369 2439 prete
399 2349 479 2415 satis
512 2349 719 2436 perspicuum
751 2357 813 2415 est.
861 2346 954 2414 Nulla
986 2346 1046 2413 hoo
1069 2347 1140 2414 loco
1162 2359 1232 2416 enat
1253 2369 1351 2417 causa
1375 2371 1469 2439 repo-

279 2455 375 2523 nendi
408 2454 447 2522 ei.
495 2453 558 2521 Nec
589 2474 618 2520 v.
656 2456 719 2520 109
750 2453 841 2541 »quei
871 2463 900 2519 et
923 2463 1056 2541 poscent
1081 2455 1190 2521 minus
1212 2463 1245 2522 ct
1271 2456 1470 2543 praebebunt

278 2562 394 2630 nectiu'
420 2560 554 2639 multo”,
581 2560 633 2626 uti
659 2560 791 2647 propius
818 2558 858 2625 ad
878 2558 976 2626 libros
997 2559 1122 2628 accedit
1142 2563 1353 2629 et-senteotia
1376 2583 1467 2650 prae·

277 2677 342 2736 stat
373 2669 428 2756 qni
450 2677 479 2734 et
501 2679 542 2734 te.
589 2666 677 2733 Libri
702 2666 822 2755 quiete,
845 2667 966 2733 omissa
988 2686 1051 2732 nna
1076 2677 1098 2734 t.
1146 2665 1193 2735 lb.
1222 2674 1284 2734 tto
1310 2671 1470 2736 »nostreis

277 2777 401 2842 animos
431 2772 606 2841 adtendere
637 2772 755 2839 diotis''
785 2771 870 2860 quod
903 2772 976 2838 libri
1008 2771 1126 2840 hahent
1156 2784 1278 2841 nostros
1308 2795 1370 2841 nou
1397 2796 1470 2841 coo·

279 2882 359 2948 tinet
384 2881 557 2966 vestigium
579 2877 770 2965 diphthongi
792 2877 849 2946 sed
870 2879 983 2946 vitiose
1002 2890 1124 2946 nostros
1142 2882 1231 2947 exitu
1253 2881 1468 2948 assimilatum

278 3001 327 3054 est
359 2987 506 3073 proximo
537 2983 699 3052 vocabulo.
747 2984 914 3051 Attentos
936 2986 1062 3052 virtutei
1086 2985 1216 3053 xxvtt.
1243 2992 1286 3055 19
1312 3014 1384 3046 »w
1402 2989 1470 3075 pxi-

278 3110 367 3158 mum
393 3110 456 3177 qua
480 3091 614 3157 virtutei
638 3091 827 3158 servitutem
852 3090 1048 3157 excluserit’'
1072 3093 1195 3159 incerto
1216 3094 1334 3163 nititur
1354 3093 1469 3160 lunda·

279 3205 390 3264 mento
417 3196 513 3263 tinius
543 3198 656 3274 Rern,
682 3197 716 3263 in
740 3216 804 3283 quo
828 3197 991 3278 nictantem,
1016 3218 1094 3284 engo
1121 3219 1179 3286 pro
1204 3201 1346 3268 »virtute
1369 3203 1469 3268 serui·

279 3303 406 3372 tutem’'
440 3302 481 3391 (si
514 3301 595 3370 haec
625 3321 700 3371 vena
734 3300 841 3392 lectio)
875 3304 1050 3370 »virtutem
1082 3305 1262 3372 servitute”
1293 3308 1469 3395 scriptum,

277 3408 466 3477 confusione
490 3409 595 3476 solita.
642 3408 705 3476 Nec
730 3407 819 3475 locus
843 3428 881 3475 ex
907 3408 948 3474 Μ.
973 3409 1197 3478 emendatione
1220 3414 1371 3480 convenit
1394 3433 1469 3480 cum

278 3516 372 3584 Nonii
394 3515 623 3603 explicatione:
649 3515 835 3595 excludere,
861 3515 995 3581 liberare
1021 3515 1178 3605 (revocure
1203 3517 1252 3608 B.)

326 3623 383 3690 ttts
412 3621 550 3709 aliisque
579 3620 618 3689 de
642 3641 776 3688 numero
800 3620 992 3687 substractis
1017 3622 1174 3708 quaedam
1200 3631 1328 3691 tantum
1352 3625 1469 3711 exigua

279 3729 415 3816 uestigia
448 3727 639 3821 diphthongi
671 3736 856 3813 supersunt.
905 3726 1011 3793 Veluti
1046 3728 1160 3798 xttVt.
1198 3734 1241 3795 52
1277 3730 1404 3818 quidnei
1437 3733 1469 3797 io

279 3834 357 3923 quid
378 3834 413 3899 ni
435 3843 465 3901 et
488 3834 583 3911 abiit,
608 3833 693 3923 quod
716 3853 755 3900 ex
780 3831 900 3899 unciali
924 3833 1086 3920 scriptura
1109 3835 1140 3900 in
1167 3855 1231 3921 qua
1254 3848 1267 3903 t
1287 3846 1319 3904 et
1340 3838 1353 3902 i
1377 3836 1469 3904 lacile

278 3938 524 4009 confunduntur
546 3939 700 4026 explicari
725 3948 850 4027 potest3
886 3937 1090 4027 eundemque
1111 3960 1255 4008 erronem
1279 3942 1377 4010 hahes
1403 3945 1466 4009 iuc.

281 4052 320 4113 77
346 4045 495 4133 potonem
527 4056 631 4113 scruto
654 4046 795 4133 quidem,
825 4043 1052 4132 codd.'quidnl
1074 4057 1123 4128 et,
1147 4067 1233 4115 nunc
1257 4069 1276 4115 n
1299 4048 1340 4114 Μ.
1366 4057 1468 4143 mota·

278 4162 361 4218 tum.
409 4151 480 4217 Huc
513 4150 634 4218 celenas
668 4153 760 4219 oelite
794 4173 831 4219 ex
861 4151 979 4231 neimo,
1017 4151 1132 4220 xxvt.
1168 4158 1229 4232 793
1265 4153 1378 4222 xxvt.
1409 4159 1468 4245 263

280 4257 408 4325 ‚antimo
432 4257 487 4342 qui
512 4260 680 4342 aegrotat”
704 4258 779 4324 lilui
803 4278 880 4345 qne,
907 4257 992 4344 quod
1017 4257 1143 4325 librarii
1168 4280 1229 4327 non
1254 4260 1418 4328 dedissent
1441 4262 1469 4327 si

278 4361 569 4449 quiinvenissen13
591 4382 628 4429 ex
654 4364 725 4451 quei
750 4348 1019 4429 tnale‘intellecto
1043 4363 1147 4433 iecere
1170 4388 1239 4454 qne.
1277 4366 1338 4432 Pro
1361 4368 1470 4433 simitu

278 4467 377 4536 xtttt.
411 4472 449 4535 17
480 4467 513 4534 in
538 4467 628 4536 Leid.
656 4467 833 4536 secuudum
862 4467 902 4535 Μ.
927 4478 976 4535 est
999 4469 1131 4549 simeln,
1156 4471 1242 4541 uude
1265 4473 1391 4541 timulo
1413 4493 1468 4543 su-
