3242 5014
767 291 979 345 Pssmdffl·

487 464 612 542 γρῦπας
634 461 802 544 otram
825 463 878 531 τόν
900 489 936 529 τι
957 468 1103 541 μουνῶπα
1126 464 1238 543 ςρατόν

477 568 672 647 Ἀριμασπὸν
694 569 901 650 ἱπποβάμονα

327 673 435 741 Meros
468 671 594 740 fabulas
623 676 701 742 istas
731 697 799 742 esse
828 681 945 762 putant
975 673 1090 743 Graeci
1120 678 1289 762 scriptores
1310 675 1368 743 sed
1390 675 1477 742 unde

283 782 442 869 originem
475 778 609 857 ducant,
642 801 682 847 ne
711 784 912 867 suspicantur
939 781 1079 868 quidem.
1127 779 1258 849 Suihoat
1284 780 1326 847 ad
1348 780 1478 847 ludim

283 887 392 953 omnia
409 884 571 953 referende
589 891 682 965 sunt,
702 906 856 973 saepeque
874 886 1080 975 Megastheni
1098 892 1131 952 et
1148 889 1211 972 ipsi
1222 887 1299 954 adeo
1310 884 1477 953 Herodoto
1569 936 1572 945 .

283 988 361 1058 tides
379 990 536 1080 denegata
553 991 633 1071 fuit,
657 991 756 1059 donee
774 999 882 1061 nostra
899 992 1032 1060 demum
1051 998 1155 1060 aetate
1173 991 1377 1061 intellectum
1394 990 1475 1067 fnit,

281 1096 367 1163 unde
396 1099 478 1163 istae
507 1095 634 1163 fabulae
655 1103 749 1164 natue
771 1100 846 1165 sint.
893 1097 991 1165 Ridet
1013 1095 1128 1165 Strabo
1150 1097 1175 1165 L
1201 1096 1319 1185 73(43)
1346 1103 1381 1165 et
1403 1094 1475 1163 Vll.

283 1200 349 1269 299
371 1200 523 1288 Aeschyli
540 1201 776 1283 Κονοιιιφιέλουτ
797 1204 849 1269 καὶ
870 1204 1147 1283 Στορνοφθιὶλμους
1159 1205 1213 1271 οιαὶ
1226 1201 1475 1281 Μονομμοὶσονς·

282 1308 366 1374 ridet
388 1306 475 1373 idem
505 1305 751 1396 Megusthenem
774 1307 891 1388 1170,
917 1311 973 1396 qni
995 1313 1172 1379 mentietur
1202 1312 1237 1377 in
1267 1308 1360 1375 ludia
1388 1330 1474 1385 μονο-

282 1413 447 1495 φθάλμους
470 1433 547 1479 esse.
579 1410 732 1481 Concedit
753 1420 862 1481 tamen
883 1414 971 1481 idem
993 1413 1107 1483 Strabo
1125 1416 1370 1505 Megasthenem
1387 1412 1477 1501 lega·

282 1525 354 1587 tum
383 1520 507 1588 venisse
529 1519 569 1586 ad
587 1540 699 1608 regem
719 1517 965 1586 Sandraeottum
984 1521 1288 1606 (Tcdosdropaptaas)
1307 1522 1342 1586 in
1361 1519 1476 1585 urbem

283 1624 506 1693 Palimbothra
527 1626 787 1710 (Ραοοὶρνονονιι).
811 1624 965 1704 Unoouli,
988 1626 1093 1693 indiee
1112 1625 1285 1703 ίέιίέιοόοι,
1298 1644 1476 1692 memorau-

283 1740 337 1798 tur
359 1733 393 1795 in
416 1731 610 1797 carminibus
632 1730 764 1809 Indicis,
788 1729 972 1818 Hariraupa
995 1730 1085 1798 9640
1105 1754 1172 1819 sqq.
1192 1738 1225 1798 et
1241 1730 1478 1798 Mahtbhtrata

284 1835 341 1902 ΠΙ.
366 1834 486 1902 16137.
511 1833 594 1902 Sunt
617 1855 742 1923 quoque
764 1834 961 1914 μονόμματοι
984 1837 1068 1929 apud
1087 1835 1276 1904 Strobouem
1294 1834 1365 1901 XV.
1390 1833 1475 1912 711,

284 1948 316 2010 et
338 1943 373 2008 in
403 1940 522 2008 fabulis
551 1944 623 2007 istis
652 1942 797 2008 Arabicis
820 1941 859 2008 de
881 1940 1042 2009 Sindbado
1064 1948 1172 2009 nauta.
1219 1941 1319 2009 Addit
1341 1938 1476 2007 Strabo:

284 2046 442 2127 ἐγγυτέρω
466 2046 498 2112 δὲ
521 2047 634 2119 rte-soie
657 2052 752 2130 Φνσιν
776 2047 789 2112 ὃ
811 2045 1041 2126 Μεγασθένης,
1065 2045 1111 2113 ὅτι
1128 2049 1153 2114 οἱ
1175 2046 1311 2124 ποταμοὶ
1332 2044 1478 2125 καταφέ-

285 2177 360 2236 ροιεν
382 2157 503 2233 ψῆγμα
525 2157 661 2234 χρυσοῦ,
694 2152 748 2218 καὶ
772 2153 830 2218 ἀπ’
854 2154 950 2219 αὐτοῦ
971 2153 1063 2233 Φάρος
1086 2153 1243 2231 ἀπάγοιτο
1268 2154 1310 2232 τῷ
1332 2149 1475 2230 βασιλεῖ.
1587 2162 1588 2187 ¹

284 2259 423 2349 Egregie
447 2256 652 2325 confirmatur
673 2256 897 2346 Megasthenis,
916 2252 1157 2325 testimonium:
1181 2258 1293 2325 seribit
1314 2256 1478 2324 Palimbo
1588 2266 1589 2279 ¹

284 2366 357 2431 thro
379 2366 443 2432 sita
462 2385 529 2431 esse
547 2365 587 2430 ad
606 2363 745 2430 fluvium
760 2365 884 2442 Sonam,
909 2367 961 2430 eui
979 2362 1168 2450 Ἐραννοβόα
1185 2363 1306 2431 incolae
1323 2362 1478 2431 indidisse

284 2492 469 2561 oognomen.
516 2468 638 2536 Urbem
674 2476 782 2551 autem
812 2470 1035 2556 Paeaeipeeam
1061 2469 1258 2557 praeterfluit
1278 2468 1398 2535 fluuius
1420 2470 1478 2553 qui

283 2577 388 2644 indice
418 2578 501 2665 §oro
531 2576 659 2642 dieitur.
691 2575 892 2655 Ἐραννοβόας
923 2577 1028 2643 indioe
1058 2576 1151 2643 audit
1178 2574 1410 2660 Hermesta,
1439 2572 1476 2641 h.

285 2705 312 2750 e.
337 2684 469 2770 aereser.

330 2788 367 2855 In
390 2787 553 2856 montibus
576 2792 678 2853 terrae
700 2785 827 2854 ludione
846 2787 992 2855 homiues
1007 2790 1129 2854 caninis
1146 2786 1304 2872 capitibus
1316 2784 1478 2853 611611611-

284 2895 372 2961 tibus
405 2897 624 2960 memorantur
654 2894 750 2960 etiam
776 2913 795 2959 a
818 2890 925 2959 Gellio
955 2892 1004 2959 IX
1031 2892 1069 2972 4;
1101 2896 1136 2959 in
1165 2891 1310 2959 Arubiois
1339 2889 1477 2969 subulis,

285 3000 401 3087 quibus
423 3018 539 3065 nomen
562 3003 611 3065 est
633 3019 652 3064 a
674 3017 807 3064 nomem
829 3000 992 3077 noctium,
1016 2998 1148 3063 Samari
1179 3001 1264 3063 sunt.
1309 2994 1479 3063 Noverunt

285 3127 338 3174 eos
361 3103 484 3172 Ctesias
506 3109 539 3170 61
561 3103 804 3193 Megasthenes,
836 3109 998 3190 praeterea
1022 3103 1106 3170 Pliu.
1129 3101 1173 3169 Η.
1196 3102 1236 3169 N.
1261 3098 1330 3169 vu.
1355 3100 1387 3169 2.
1414 3100 1477 3181 14,

284 3210 414 3278 Solium
446 3209 499 3276 52.
526 3206 570 3273 36
594 3216 626 3275 61
648 3208 801 3275 Aelianus
823 3207 909 3275 Hist.
934 3211 1042 3276 Anim.
1066 3208 1110 3274 IV
1134 3206 1187 3273 46.
1234 3206 1342 3274 Indiee
1364 3227 1478 3274 roeau·

285 3323 339 3382 tur
363 3315 587 3404 ρανιοιταοΙιοορ
609 3321 778 3381 ooourrunt
801 3321 910 3382 eutem
933 3316 967 3382 in
989 3314 1183 3402 Ramtjtna,
1208 3315 1247 3382 ot
1274 3313 1477 3401 Disqur'sitio

285 3441 341 3487 nes
363 3423 523 3487 Asiaticae
546 3418 631 3486 VIII.
657 3418 734 3485 331.
1027 3437 1030 3443 ’

330 3527 378 3593 De
400 3527 542 3592 torminis
565 3524 632 3591 illis
654 3525 900 3612 praegrandibus
922 3525 1032 3592 fabula
1054 3530 1116 3603 est,
1140 3529 1190 3592 uti
1212 3526 1368 3604 vidimus,
1392 3524 1478 3612 apud

284 3632 485 3700 Herodotum
511 3631 568 3699 III.
596 3630 671 3698 102.
719 3629 801 3697 Sunt
835 3633 916 3698 istae
950 3631 1149 3714 Κασπατύρῳ
1184 3656 1219 3697 τε
1250 3630 1322 3697 πόλι
1354 3632 1406 3698 καὶ
1437 3640 1476 3712 τῦ

284 3740 446 3821 Πακτυϊκῇ
477 3739 561 3820 χώρρ
594 3737 757 3818 πρόσουροι.
787 3737 949 3811 Haerere&
971 3738 1066 3805 hodie
1089 3737 1128 3804 eb
1151 3736 1264 3805 ineolis
1287 3775 1331 3789 -
1354 3738 1479 3826 regioni

283 3845 345 3931 ipsi
380 3843 595 3932 Aighenistnn
630 3863 746 3909 nomen
780 3847 829 3909 est
860 3880 903 3892 -
935 3843 1051 3908 Poektu
1084 3848 1236 3923 vocatum
1274 3842 1477 3924 Karreirupos

283 3951 352 4017 sive
383 3969 440 4036 pro
473 3948 682 4030 Καττιίτυροο
716 3949 841 4015 dietum
873 3955 938 4027 est,
971 3949 1200 4034 infamare,
1233 3947 1359 4016 Oeburs
1387 3947 1479 4017 Orto·

282 4075 397 4142 spana,
421 4056 516 4123 hodie
543 4055 658 4134 onae,
683 4055 751 4122 sire
775 4058 823 4121 est
845 4059 905 4119 τῶν
929 4055 1107 4135 raasson„
1130 4058 1237 4145 regio,
1260 4054 1419 4121 Kaecbmr‘r
1437 4053 1479 4119 ad
1545 4053 1548 4056 ’

282 4159 483 4248 Hydaspem,
508 4164 562 4227 oui
585 4160 692 4227 Darda
712 4161 751 4227 ab
771 4162 901 4228 oriente.
950 4158 1064 4226 Strabo
1083 4180 1122 4227 ex
1140 4159 1350 4249 Megasthene
1368 4158 1481 4227 laudat

283 4265 353 4331 XV.
379 4263 464 4346 706,
497 4269 568 4334 hrt.
593 4266 661 4332 Ind.
687 4266 725 4332 V.
751 4265 789 4344 4,
813 4265 876 4332 Dio
895 4265 1059 4353 Chrysost.
1085 4264 1171 4333 Orat.
1197 4264 1240 4332 36
1263 4286 1294 4352 p.
1321 4262 1386 4330 466
1408 4262 1479 4333 Μο-

282 4369 364 4450 rell„
389 4371 549 4458 multique
573 4371 630 4440 alii
654 4371 738 4458 apud
761 4370 940 4438 Mulierum
962 4371 1106 4459 Frogmt.
1131 4370 1253 4440 Hister.
1277 4370 1309 4437 II
1333 4369 1400 4436 434
1411 4389 1477 4456 sqq.
