3296 5022
284 324 327 390 42
715 344 757 392 au
780 343 1045 394 nurorurasruu.

283 515 482 579 mosthenem
514 519 547 578 et
576 510 801 594 Aeschinem,'
818 536 896 602 quos
926 516 1004 579 satis
1035 516 1158 577 constat
1180 514 1230 577 ἐπ’
1252 516 1472 592 'aperuere

284 640 366 685 anno
389 618 454 684 330
478 641 505 685 a.
532 617 606 684 Ohr.
638 642 758 710 magna
780 626 815 687 ri
838 622 1004 686 contrariis
1027 618 1224 684 orationibus
1247 621 1331 683 inter
1352 639 1385 682 se
1404 636 1473 681 cou-

284 726 431 792 tendisse.
465 724 551 791 Nota
572 734 639 791 erat
654 749 703 792 res
720 729 964 792 Atheniensium
984 724 1214 801 ardelionihus,
1238 727 1347 808 itaque
1365 726 1475 808 parata

284 831 361 897 haee
384 837 452 897 erat
474 832 599 896 dicendi
621 834 771 897 materies
792 830 902 917 paullo
923 830 1166 916 loquacioribus.

328 1042 365 1107 In
385 1064 451 1129 sqq.
473 1040 525 1106 νυοὶ
546 1042 600 1115 τὴν
621 1044 904 1120 ΛοκεδονμονίΟΙΟ
923 1048 1020 1108 ‘Tuo
1040 1041 1215 1122 Λυσάνδρου
1233 1048 1384 1127 (namque
1397 1039 1474 1105 haee

283 1155 332 1214 est
353 1149 491 1217 Parisini
510 1150 676 1234 utriusque
696 1152 870 1235 scripture,
894 1170 956 1215 non
976 1148 1240 1235 Λακεδαιμονίων)
1261 1147 1352 1212 nulla
1370 1166 1473 1212 emen-

283 1254 379 1319 dandi
413 1274 484 1339 spes
519 1260 567 1319 est
600 1254 731 1340 reliq'ua.
778 1255 933 1341 Pleraque
963 1257 1154 1320 interierunt
1184 1261 1216 1319 et
1241 1274 1326 1339 quae
1356 1257 1474 1318 restant

284 1359 382 1425 exiles
402 1359 573 1424 verborum
603 1358 737 1426 laciniae
765 1364 965 1447 sempiternis
988 1361 1127 1426 tenebris
1148 1365 1346 1446 premuntur.
1382 1355 1474 1443 Spec-

282 1466 380 1531 tanda
408 1464 486 1529 haec
516 1473 591 1530 sunt
622 1466 661 1531 ad
684 1488 736 1532 eos
757 1466 860 1545 locos,
892 1470 948 1554 qui
972 1488 1011 1532 ex
1032 1465 1181 1531 Palatino
1204 1462 1319 1531 (lodice
1341 1462 1474 1529 redinte

283 1575 369 1659 grati
391 1576 483 1649 sunt,
507 1571 610 1637 veluti
632 1575 666 1637 in
689 1594 756 1659 cap.
781 1596 824 1638 xx
847 1575 904 1640 ubi
927 1573 1163 1658 Theophrastus
1181 1571 1321 1636 dixerat:
1347 1570 1399 1634 κυνὶ
1423 1569 1473 1632 ἐπὶ

283 1682 338 1743 τοῦ
362 1681 502 1759 ποτηρίου
527 1680 623 1745 εἰπεῖν
648 1676 694 1745 dri
718 1681 753 1745 τὸ
777 1682 887 1761 πέρψον
905 1681 975 1750 τοὺς
996 1680 1150 1759 πορόντας
1171 1676 1402 1757 πορευκεύοςον
1422 1675 1473 1738 καὶ

283 1780 329 1849 ὅτι
355 1787 452 1858 αὐτὴν
487 1784 541 1850 ἐὰν
573 1788 757 1850 κελεύσωσιν
781 1787 794 1849 d
819 1794 895 1857 παῖς
926 1786 1045 1863 μέτεισι
1079 1786 1166 1864 παρὰ
1196 1788 1249 1849 τοῦ
1274 1781 1475 1863 πορνοβοσκοῦ

284 1889 339 1965 ἤδη
373 1886 479 1967 ν,ὅπως
512 1893 628 1964 πάντες
660 1893 713 1956 ὑπ’
745 1893 843 1964 αὐτῆς
876 1893 1044 1969 contorta
1075 1894 1126 1955 xci
1160 1886 1418 1970 νύφροννώμεθο”,
1441 1887 1475 1949 iu

284 1999 415 2060 caeteris
444 1997 593 2061 omnihus
622 1996 681 2062 hae
703 2003 831 2062 tantum
853 2003 963 2063 tenues
986 1997 1119 2063 laciniae
1141 2000 1324 2080 comparent
1346 1993 1397 2057 lai
1421 1995 1474 2055 τοῦ

285 2100 425 2180 ποτηρίου
447 2098 493 2166 ὅτι
518 2103 627 2183 repon
656 2104 727 2175 τοὺς
750 2105 915 2184 παρόντος.
963 2103 978 2167 Ι
1000 2124 1083 2169 nune
1106 2110 1138 2168 et
1160 2102 1237 2167 haee
1259 2103 1474 2185 interpretare.

284 2206 357 2273 Non
385 2208 625 2273 minue-oleum
654 2216 688 2275 et
709 2230 837 2296 operam
858 2210 1041 2296 perditurus
1072 2210 1196 2293 estqui
1217 2207 1270 2272 aut
1295 2210 1349 2281 ric
1373 2215 1475 2271 Λοκε·

284 2312 448 2389 δαιμονίου
482 2313 540 2378 ὑπὸ
568 2314 744 2396 Λυσάνδρου
775 2321 831 2381 aut
859 2319 1060 2403 interpretari
1090 2315 1256 2380 conabitur
1286 2320 1342 2379 aut
1371 2332 1475 2378 emen·

285 2418 368 2485 dare.
423 2426 429 2433 ‘

330 2631 410 2698 Ibid.
443 2632 496 2697 καὶ
528 2628 574 2697 ὅτι
606 2633 660 2698 οὐκ
691 2632 729 2698 ἂν
761 2635 940 2708 σιωπήσειεν
963 2631 1024 2697 οὐδ’
1047 2633 1074 2696 εἱ
1097 2637 1156 2696 τῶν
1178 2630 1342 2712 χελιδόνων
1365 2629 1475 2706 δόξειεν

288 2736 390 2825 [ἊΝ]
422 2733 499 2802 εἶναι
531 2741 711 2819 traicerer,
743 2742 806 2803 nisi
829 2737 868 2803 cta
892 2738 1047 2804 deleveris
1069 2739 1244 2804 orationem
1266 2736 1422 2802 soloeeam
1444 2740 1477 2801 et

283 2843 500 2930 Theophrasto
523 2845 691 2933 indignam
713 2845 855 2910 habebis.
901 2843 939 2910 In
962 2830 1110 2910 omnibus
1132 2841 1362 2929 propemodum
1385 2842 1477 2907 libris

282 2949 361 3017 Mss.
393 2971 472 3036 quos
502 2950 657 3016 habemus
687 2948 724 3014 ἄν
747 2957 947 3037 praepostere
977 2956 1048 3017 autv
1066 2950 1211 3015 additum
1242 2952 1298 3013 aut
1321 2948 1477 3013 omissum

282 3059 402 3142 passim
430 3056 573 3134 videbis,
608 3057 663 3122 sed
694 3078 771 3122 usus
801 3058 898 3121 huius
927 3057 1102 3142 particulae
1132 3062 1201 3121 tam
1233 3056 1327 3118 certis
1354 3058 1477 3119 ettam

283 3162 401 3228 seueris
422 3159 550 3247 legibus
576 3165 717 3248 regitur,
743 3168 779 3227 ut
801 3163 977 3226 scribarum
1000 3182 1118 3228 errores
1141 3170 1341 3229 contemnere
1363 3163 1476 3241 liceat,

282 3286 384 3351 neque
406 3286 541 3350 usquam
564 3286 640 3332 vera
661 3269 814 3351 cuiusque
838 3266 899 3331 loci
922 3269 1077 3352 scriptura
1099 3269 1197 3334 dubia
1220 3291 1286 3334 esse
1309 3271 1417 3354 possit.

328 3476 405 3565 Gap.
427 3476 513 3544 VIII·
537 3477 739 3555 Λογοποιίοος.

328 3587 397 3652 ὅδὲ
420 3585 580 3664 λογοποιὸς
604 3581 738 3654 τοιοῦτός
762 3606 807 3655 τις
833 3578 891 3656 οἶος
914 3584 1101 3660 οὶποιντήοος
1125 3588 1167 3667 τῷ
1193 3587 1275 3668 <alep
1298 3622 1344 3636 -
1367 3587 1475 3667 ἔρωτῆ·

281 3712 355 3758 σου·
383 3690 505 3770 „utto
528 3692 582 3763 ούς
616 3689 669 3754 καὶ
694 3687 798 3766 λέγειν
830 3714 859 3754 rr
884 3690 936 3753 nal
965 3697 1029 3765 πῶς
1059 3689 1143 3771 ἔχεις
1169 3692 1235 3772 περὶ
1266 3693 1355 3758 τοῦδε
1377 3693 1476 3758 εἰπεῖν

280 3798 417 3883 actutu]
447 3797 525 3863 haec
546 3795 718 3860 meliorum
747 3798 881 3860 testium
909 3799 1067 3883 scriptura
1095 3804 1159 3876 eat,
1191 3801 1225 3862 in
1247 3819 1310 3884 qua
1330 3801 1477 3885 primum

281 3908 395 3992 corrig.
419 3902 605 3975 ἀπαντήσας
630 3926 672 3979 τῳ
696 3907 771 3982 (non
789 3903 844 3989 τῷ)
866 3902 950 3984 φίλῳ
969 3902 1003 3967 id
1026 3908 1074 3967 est
1096 3904 1255 3969 ονιυοονυπν
1278 3906 1392 3981 alicui,
1411 3924 1476 3969 uon

280 4012 373 4075 ονιὶοο
393 4033 455 4073 rua
491 4007 528 4070 In
548 4009 679 4072 caeteris
701 4007 803 4086 λέγεις
824 4032 873 4085 τις
891 4009 975 4093 qued
993 4030 1076 4074 nunc
1094 4009 1216 4088 editur,
1234 4013 1341 4097 ecquid
1357 4010 1456 4074 dicre?
1466 4058 1476 4088 ,

280 4137 342 4182 non
366 4122 414 4181 est
437 4115 534 4178 huius
555 4111 627 4177 loci.
672 4112 756 4193 Quid
779 4111 905 4201 multa?
928 4113 1033 4178 dicam
1057 4115 1196 4180 breviter
1227 4117 1305 4202 quid
1327 4118 1475 4183 sentiam.

280 4219 508 4307 Dittographia
527 4225 574 4284 est
593 4218 698 4297 λέγεις
720 4257 762 4268 -—
783 4218 886 4300 ἕχειςε
912 4220 1019 4305 itaque
1043 4223 1088 4284 eie
1108 4223 1356 4288 emendandum:
1381 4221 1477 4287 Πόθεν

279 4328 335 4397 ού;
359 4325 411 4391 κο)
437 4324 573 4405 »Ἔχεις
597 4350 627 4391 τι
652 4327 718 4406 περὶ
742 4330 796 4392 τοῦ
820 4333 1038 4391 ΠΟΛΕΜΟΥ
1063 4326 1159 4391 εἰπεῖν
1183 4328 1305 4404 κοινόνς

324 4433 361 4498 ln
385 4428 499 4497 Codice
524 4435 561 4497 A.
584 4439 649 4498 est:
681 4432 786 4510 λέγειν
812 4458 841 4496 rr
873 4432 925 4497 κου)
959 4439 1021 4504 πῶς
1047 4432 1152 4512 ἔχειν,
1186 4435 1242 4500 sed
1265 4436 1316 4500 sal
1349 4455 1477 4500 erasum
