3276 5006
573 364 616 413 ru
640 363 796 413 rnsrorus
819 364 972 415 ooaanu.
1303 350 1364 417 137

174 545 244 609 ἘΝ
272 543 432 606 ’ΤΠΝΩΙ
460 560 517 625 pro
540 540 569 604 ἐν
593 541 634 621 τῷ
657 538 793 619 ἐνυπνίῳ.
844 537 920 604 erat
942 538 1021 605 olim
1045 542 1275 617 ἘΝΤΠΝΩ1,
1301 562 1365 606 eor-

174 653 308 733 ruptum
343 651 392 711 est
420 647 454 710 iu
484 645 609 724 ἐνυπνίῳ
641 650 674 709 et
704 647 750 710 sio
780 644 811 708 ἐν
841 647 885 724 τῷ
918 643 1035 710 soiolus
1070 645 1193 710 addidit
1224 647 1264 713 de
1297 668 1364 712 suo.

174 751 296 819 Deinde
319 751 439 835 reoepit
460 752 618 836 optimam
641 747 820 814 Heindorfii
831 750 1086 816 emendationem
1098 745 1172 814 drea
1186 751 1221 827 li
1231 754 1363 820 ”ONAP

171 857 309 923 ’'ATTA
341 855 484 935 δοκῶμεν.
533 855 582 921 Ex
606 863 844 922 ONAPATTA
869 863 982 922 natum
1005 862 1053 922 est
1074 858 1217 938 θνείραπα
1240 865 1272 925 et
1287 846 1368 926 ¹tum

175 962 245 1042 ίναρ
267 960 506 1048 interpolatum.
543 959 789 1027 Consummavit
810 961 873 1028 looi
891 962 1146 1029 emendationem
1166 964 1279 1031 Editor
1299 968 1367 1053 ipse

174 1089 232 1155 pro
266 1068 437 1147 δινγιῖοθαι
472 1087 624 1152 reponens
657 1066 869 1145 διαλέγεσθαι.
916 1066 1013 1135 Initio
1044 1068 1107 1134 looi
1138 1074 1263 1156 requiro
1286 1068 1308 1137 ά
1331 1096 1365 1137 πε

176 1174 239 1255 γάρ
264 1181 416 1240 NTNAH
448 1173 684 1251 ΔΙειλέγμεθοο,
718 1173 802 1247 νυνδὴ
827 1174 1047 1251 διειλέγμεθα,
1079 1197 1155 1260 quae
1177 1179 1368 1243 Μονουνίου

177 1303 230 1345 νιοι
259 1280 396 1345 οοίίοονθιΙ
425 1301 534 1343 summ.
580 1278 651 1344 lam
681 1278 836 1344 habemus
866 1278 1010 1345 Platonis
1032 1299 1165 1346 manum
1187 1285 1366 1372 integram:

177 1384 199 1451 ά
223 1410 258 1450 πε
283 1386 347 1469 γάρ
372 1384 457 1459 νυνδίρ
488 1385 688 1462 διειλέγμεθα
711 1384 792 1449 οὐδὲν
818 1384 927 1449 κονλάει
951 1385 1003 1448 καί
1029 1386 1060 1448 ἐν
1083 1383 1165 1469 ι’ίπνῳ
1189 1387 1284 1455 δοκεῖν
1308 1390 1367 1454 άλ·

177 1493 280 1567 λάλοις
314 1489 534 1569 διαλέγεσθαι·
566 1490 619 1554 καί
651 1485 726 1554 ὅταν
749 1491 783 1565 ee
808 1490 878 1569 άναρ
903 1490 989 1555 άτάοι
1011 1492 1144 1567 δοκῶμεν
1167 1493 1366 1573 διαλέγεσθαι

135 1590 138 1605 ’
176 1598 292 1671 άποπος
317 1601 334 1673 ἢ
359 1598 498 1676 ὁμοιότης
531 1598 646 1661 τούτων
677 1597 808 1669 ἐκείνοις.
859 1597 1028 1662 Declarant
1050 1597 1109 1667 hae
1133 1599 1368 1667 emendationes

176 1710 245 1771 tam
268 1705 407 1785 ἐναργεῖς
435 1710 467 1769 et
491 1709 593 1769 certae
616 1709 649 1769 et
671 1724 769 1789 quam
790 1706 905 1769 misere
929 1707 1085 1788 corruptis
1106 1702 1251 1771 Platonis
1275 1703 1368 1774 Codi-

177 1810 268 1876 oibus
296 1815 441 1886 utamur,
473 1814 506 1874 et
537 1811 689 1874 amissam
719 1811 890 1876 veritatem
911 1809 1014 1875 veluti
1037 1831 1077 1875 ex
1102 1808 1182 1876 Oreo
1204 1814 1238 1877 in
1262 1812 1369 1878 lucem

178 1937 215 1981 ao
236 1917 340 1982 vitam
363 1914 499 1981 feliciter
520 1934 611 2000 posse
632 1916 784 1981 revocari.
829 1900 834 1905 ⁵

223 2020 323 2087 Plane
350 2021 439 2086 idem
467 2020 622 2086 mendum
653 2020 842 2108 Madvigius
872 2022 906 2085 in
937 2022 1167 2086 Adveraaon't.
1191 2044 1265 2110 pag.
1291 2020 1367 2089 377.

178 2126 311 2195 sustulit
343 2146 382 2193 ex
415 2127 570 2191 Theaeteto
600 2146 674 2214 pag.
708 2124 783 2191 191.
806 2144 837 2191 u.
862 2127 876 2191 θ
899 2128 996 2193 τοίνυν
1030 2128 1214 2206 ἐπιςάμενοο
1249 2138 1366 2205 Arra

179 2238 298 2298 σκοπῶν
330 2230 361 2296 δέ
391 2254 421 2296 πι
452 2226 489 2295 ὧν
518 2233 570 2315 δρᾷ
596 2233 613 2307 ἢ
636 2231 760 2309 άκνύει,
796 2233 863 2297 imo
882 2254 971 2300 ‚vero
1006 2233 1190 2310 ἐπιςάμενος
1218 2237 1367 2301 ’ΛΤΤΑ

178 2336 311 2424 Semper
341 2342 451 2403 autem
482 2338 588 2404 brevis
618 2336 736 2409 vocalis
765 2342 916 2423 sequente
946 2335 1031 2404 άοοα
1063 2347 1096 2407 et
1123 2338 1207 2405 άππα
1239 2341 1370 2407 eliditur

178 2445 258 2508 itroi'
280 2440 388 2507 άππα.
414 2441 492 2507 ἄλλ’
517 2440 619 2517 άππα,
644 2443 747 2522 σμίκρ’
769 2441 874 2516 άππα,
898 2445 1148 2528 σκαλαθυρμάτι’
1172 2446 1277 2519 erra.

316 2547 383 2614 είπέ
406 2571 457 2625 μοι
481 2549 588 2613 ὁπποῖ’
610 2545 695 2627 άοοα
719 2548 785 2626 περὶ
808 2547 881 2628 χροῒ
904 2547 1023 2626 εἵματα
1047 2548 1107 2621 teo.

179 2660 211 2722 et
234 2675 399 2741 perperam
421 2655 454 2719 in
477 2654 682 2720 Ilditionibus
703 2655 820 2719 nostris
842 2657 962 2739 passim
984 2656 1091 2722 hiatus
1114 2660 1275 2724 remansit.

223 2865 304 2954 Pag.
329 2865 406 2931 489.
431 2885 462 2931 u.
487 2865 576 2931 άλλά
609 2866 705 2931 πάλιν
730 2865 763 2943 ἐξ
787 2870 886 2946 άρχιῑι
912 2867 978 2931 είπὲ
1002 2875 1047 2932 Τί
1072 2891 1147 2932 ποπε
1172 2867 1370 2946 λέγειςτοὺς

178 2971 349 3054 βελτίονα]
396 2971 608 3039 Emendatam
631 2970 802 3037 lectionem
820 2970 956 3060 ⁴colliges
979 2994 1019 3039 er
1042 2994 1115 3062 pag.
1141 2973 1217 3039 489.
1241 2993 1270 3040 u.
1296 2976 1371 3041 άλλ’

179 3075 217 3142 ίθι
240 3078 310 3144 είπὲ
337 3087 471 3144 TINAC
502 3077 607 3155 λέγεις
638 3077 708 3149 τοὺς
732 3078 895 3155 βελτίους,
927 3084 960 3144 et
983 3099 1057 3167 pag.
1083 3077 1159 3145 491.
1184 3099 1211 3147 o.
1236 3089 1368 3147 ΤΙΝΑ(

178 3183 254 3248 ποτὲ
277 3182 380 3262 λέγειν
407 3185 476 3257 τοὺς
500 3183 644 3263 βελτίους
669 3209 704 3249 τε
729 3183 781 3250 καί
805 3185 979 3264 κρείττονος

223 3394 303 3485 Pag.
331 3395 407 3462 490.
432 3414 463 3462 D.
490 3405 563 3461 ΟΩ.
588 3398 665 3462 άλλ’
684 3398 717 3463 οὔ
737 3397 789 3462 τδν
807 3398 925 3477 βελτίω
947 3401 1039 3465 πλέον
1061 3400 1123 3467 δεῖν
1143 3398 1245 3481 ἔχεινς
1272 3413 1370 3469 ΚΑΛ.

177 3503 211 3566 οὐ
234 3507 336 3569 σιτίων
367 3527 408 3581 γε
438 3503 504 3571 οὐδὲ
530 3510 639 3571 ποτῶν.
686 3502 924 3590 Supplendum:
958 3514 1056 3573 ΚΑΛ.
1083 3506 1186 3593 (άλλ’)
1211 3509 1244 3572 οὐ
1268 3510 1370 3573 σιτίον

178 3632 227 3685 γε.
253 3607 350 3677 Vides
373 3629 430 3674 our
452 3609 614 3674 exciderit.

223 3818 303 3908 Peg.
329 3817 406 3885 493.
425 3840 457 3886 ι..
482 3821 515 3886 οὔ
537 3819 600 3902 γάρ
623 3844 668 3885 ποι
693 3819 881 3900 θαυμάζοιμ’
904 3822 943 3887 άν
966 3825 992 3888 εί
1017 3823 1180 3903 Εὐριπῖδιμ
1200 3828 1299 3901 άλκθῆ
1320 3826 1368 3891 λί·

178 3951 227 4005 γει
259 3965 296 3975 -·
321 3926 374 3991 καί
409 3929 497 4002 ἡμεῖς
528 3927 570 4006 τῷ
602 3925 663 3990 ίνπι
694 3927 793 4011 [ἴσως]
825 3927 985 4007 πίθναμεν.
1034 3929 1299 4019 Expungendum.
1323 3939 1371 3999 est

177 4031 269 4107 ίοιις,
295 4031 379 4117 quod
403 4053 477 4097 eum
501 4034 632 4097 caeteris
653 4039 793 4120 pugnat,
818 4053 881 4099 non
904 4037 991 4100 enim
1012 4036 1198 4117 θαυμάζοιμ’
1212 4036 1250 4102 άν
1269 4059 1370 4124 neque

177 4142 218 4218 πῳ
243 4135 304 4203 ίνπι
336 4138 483 4203 additum
513 4136 583 4210 ίοος
616 4138 778 4215 admittit,
814 4145 847 4204 et
877 4143 998 4224 optime
1029 4144 1185 4209 omissum
1214 4152 1262 4210 est
1285 4146 1370 4230 apud

176 4242 393 4309 Iambliohum
423 4243 481 4311 ubi
514 4244 599 4309 huno
629 4243 774 4311 Platonis
803 4244 911 4312 loeum
942 4246 1092 4317 describit
1121 4251 1155 4318 iu
1185 4251 1369 4335 Ρεοίνῳνθὶοο

180 4370 246 4435 981).
271 4348 373 4417 XVIL
1208 4394 1214 4403 ¹
