3296 5022
667 337 882 386 rnuommsa.
1327 320 1368 385 19

174 510 241 572 sint
272 505 490 591 praecedentia
512 512 544 570 et
566 508 728 590 sequentia
750 508 779 570 si
802 506 961 572 emblema
991 506 1149 593 expuleris
1156 527 1164 585 ;
1197 528 1215 571 a
1238 510 1365 574 vinculo

175 613 335 699 societatis
358 611 399 675 ad
421 608 517 675 iidem
541 612 619 674 iuris
642 610 768 677 iurandi
791 613 906 697 pergit.

219 714 299 780 Mox
327 714 435 779 addit:
468 713 511 778 τό
542 739 579 779 τε
609 714 671 779 ἀπὸ
703 720 763 779 το”ιν
793 714 935 779 ἐναντίων
961 720 1063 787 καλῶς
1087 714 1246 793 λεγόμενοι
1269 715 1364 780 ἐνεδέ-

173 841 266 900 χοντο
291 816 385 899 ἔργων
407 824 537 902 Φνλαιιῑρ
562 820 588 883 εἷ
611 818 771 900 προῦχοιεν
794 820 848 884 καὶ
872 820 905 884 οὐ
927 817 1141 897 γενναιότητι,
1166 820 1363 900 ἀντιτιμωρή-

171 922 289 987 σασθαό
310 921 346 987 τό
368 947 438 988 τινα
460 924 528 1003 περὶ
553 924 688 996 πλείονος
709 918 773 999 ἦνῆ
794 925 888 989 αὐτόν
907 925 951 1002 μη
971 925 1145 1005 προπαθεῖν.
1179 923 1363 989 Novissima

171 1028 266 1113 plane
286 1032 322 1092 et
352 1049 426 1093 oum
448 1030 583 1094 veritate
605 1032 638 1092 et
661 1048 736 1092 eum
759 1029 950 1115 praegressis
979 1032 1139 1115 pugnant3
1171 1028 1287 1113 quippe
1311 1049 1361 1093 su·

170 1133 311 1218 spicaees
332 1132 384 1196 illi
406 1133 483 1197 adeo
506 1134 707 1211 decreverant
730 1130 816 1197 αὐτοὶ
833 1133 879 1209 μὴ
898 1133 1063 1211 προπαθεῖν
1084 1138 1122 1197 ut
1139 1132 1194 1198 rel
1210 1134 1361 1197 mnoenos

170 1258 273 1321 neque
304 1238 479 1321 quidquam
507 1237 587 1302 mali
608 1237 799 1302 meditantes
820 1238 939 1321 priores
958 1237 1172 1314 adorirentnr3
1201 1237 1361 1321 quomodo

135 1354 141 1363 ·
172 1344 275 1428 igitur
303 1340 436 1405 ultionis
466 1346 592 1425 tempus
613 1343 720 1425 potius
742 1343 959 1424 opperirentur
981 1361 1079 1425 quarn
1099 1362 1139 1405 ne
1158 1339 1359 1405 laederentur
1381 1346 1391 1381 a

172 1443 412 1530 praeoaverent?
457 1443 520 1509 Sed
549 1444 590 1509 de
620 1444 760 1509 remedio
781 1445 903 1509 haereo.
949 1444 1002 1509 An
1023 1450 1142 1509 resecto
1163 1468 1199 1509 τε
1222 1445 1357 1509 seriben-

172 1549 250 1613 dum
269 1550 321 1613 καὶ
344 1551 376 1613 οὐ
396 1547 589 1626 γενναιότητι
609 1549 908 1629 οὶντιτιμωρήσαοθαι
928 1545 1015 1613 art?
1038 1546 1101 1613 Sed
1119 1549 1196 1616 adeo
1208 1550 1358 1614 oonoinna

169 1659 220 1718 est
249 1654 415 1717 antithesis
445 1655 479 1716 in
511 1651 607 1732 ἔργων
638 1658 768 1733 Φυλακῇ
794 1657 826 1718 et
849 1652 1060 1730 γενναιότητι,
1092 1658 1130 1717 ut
1152 1655 1357 1718 temerarium

170 1757 318 1822 videatur
350 1776 460 1822 vocem
493 1756 584 1821 iiiam
619 1755 683 1821 alio
717 1755 866 1843 relegare.
922 1756 1034 1840 Itaque
1067 1756 1181 1821 malim
1215 1759 1254 1821 οὐ
1288 1758 1355 1836 περὶ

172 1859 308 1931 πλείονος
331 1854 382 1939 ἦν,
415 1861 498 1945 quod
520 1862 605 1946 apud
626 1861 781 1926 Nostrum
804 1862 891 1926 idem
911 1866 961 1927 est
981 1866 1077 1946 atque
1098 1862 1231 1926 αἰωοιόι.
1277 1862 1356 1929 Mox

170 1964 290 2051 legitur
310 1966 379 2045 όρῖον
403 1965 429 2029 θ’
453 1965 478 2030 ιθ
502 1965 609 2030 πολλοὶ
634 1970 796 2045 κακοῦργοι
820 1964 902 2035 όντες
925 1963 1014 2040 δεξιοὶ
1038 1963 1205 2040 κέκληνται
1228 1967 1245 2041 ἢ
1270 1967 1353 2041 ἅμα·

168 2070 229 2141 θεῖς
253 2068 385 2145 ἀγαθοί,
414 2075 449 2135 et
478 2089 558 2153 quae
587 2075 771 2153 sequuntur.
818 2068 1017 2156 Thucydidis
1043 2072 1241 2136 imitatorem
1262 2071 1355 2137 faoiie

165 2193 334 2260 agnoscas,
358 2173 414 2238 sed
433 2178 469 2237 et
490 2173 574 2239 huno
597 2178 803 2259 eorruperunt
825 2173 957 2239 librarii.
992 2173 1055 2239 Pro
1074 2176 1144 2257 ρᾷιν
1161 2174 1217 2241 AF
1236 2176 1354 2241 habent

168 2277 275 2360 ῥᾴδιον.
322 2276 409 2363 Lege
432 2275 526 2352 ἥδιον,
556 2283 589 2341 et
611 2298 687 2342 mox
710 2278 762 2341 καὶ
785 2280 826 2341 τὸ
849 2278 906 2356 μὲν
930 2277 1142 2357 αέσχύνινται.
1189 2279 1353 2345 Postremo

166 2402 223 2466 pro
245 2378 414 2462 ἐπιφθόνως
437 2381 655 2447 indubitanter
675 2381 882 2462 ἀνεπιφθόνως
905 2384 1048 2447 restituo.

211 2485 309 2549 Haud
329 2484 423 2551 facile
445 2486 583 2552 adduoor
604 2491 643 2551 ut
663 2489 803 2570 primam
824 2490 947 2570 partem
967 2489 1080 2572 eapitis
1096 2485 1151 2551 85.
1171 2507 1227 2574 pro
1245 2494 1354 2573 spuria

164 2590 310 2654 habeam.
356 2588 420 2655 Sed
441 2611 461 2654 a
483 2590 746 2671 σννταραχθέντις
769 2610 868 2674 nsque
889 2591 931 2655 ad
952 2588 1049 2654 finem
1069 2610 1109 2654 ne
1131 2590 1266 2655 verbum
1284 2596 1353 2675 qui·

164 2694 239 2757 dem
261 2693 414 2778 estquod
443 2693 559 2759 Nostro
588 2694 749 2759 vindicare
777 2697 901 2769 ausim,
932 2713 1008 2757 nam
1030 2714 1110 2777 quae
1130 2696 1298 2759 verissima
1320 2703 1351 2759 et

164 2799 292 2883 egregie
315 2799 432 2881 scripta
452 2801 528 2861 sunt
552 2795 682 2883 (όξιοῖισι
707 2835 750 2846 -
775 2796 886 2882 αὐτῶν)
910 2796 1003 2881 plane
1024 2796 1107 2860 nihil
1129 2797 1170 2861 ad
1192 2818 1270 2862 rem.
1313 2799 1350 2863 In

50 2930 54 2935 ·
161 2902 214 2964 his
236 2920 316 2985 quae
337 2902 501 2966 retinenda
520 2922 629 2967 oenseo
653 2902 735 2966 nihil
754 2907 925 2966 oomeotore
948 2907 1043 2987 egent
1063 2900 1158 2966 modo
1179 2902 1349 2967 lectionem

160 3001 289 3069 Codicis
311 3015 333 3068 Β
357 3003 468 3082 pate
491 3004 547 3079 ἄν,
577 3025 674 3089 quam
704 3004 868 3071 Bekherus
898 3009 931 3070 in
952 3009 1038 3070 notis
1059 3006 1174 3072 referre
1196 3010 1273 3071 satis
1294 3008 1349 3073 ha-

162 3108 251 3185 buit,
274 3110 481 3193 reoipiamus,
504 3116 538 3174 et
560 3107 599 3173 ἴιν
618 3116 690 3194 post
707 3107 849 3190 δράσειαν
867 3111 1081 3196 suppleamus.
1128 3107 1278 3176 Ceterum
1297 3113 1348 3177 bd

161 3208 276 3282 πόθοις
299 3232 499 3297 nequaquam
521 3215 555 3277 in
576 3214 628 3278 aa
651 3215 746 3287 πόθος
770 3216 976 3292 mutandum,
1002 3236 1102 3300 neque
1124 3218 1210 3281 enim
1224 3225 1349 3300 propter

159 3316 352 3397 rapiditatem
377 3322 443 3393 est,
476 3317 531 3382 sed
560 3341 625 3381 οιιηι
646 3320 810 3402 ονριῗόόόωόι
829 3320 896 3386 sive
918 3320 1038 3403 rapide,
1070 3319 1166 3403 idque
1189 3341 1347 3385 nonaum

160 3420 374 3497 ἐπιθυμοῦντες
398 3421 451 3485 sed
475 3442 551 3485 oum
574 3422 771 3500 γιγνώσκοιεν
793 3424 991 3509 eapiendum.

206 3623 282 3711 Gap
305 3627 358 3694 89.
391 3630 581 3704 ἠθιὶλασσιι
610 3632 791 3697 ἐπελθοῦσα.
836 3632 910 3697 Jam
939 3634 1050 3697 monui
1078 3629 1250 3717 legendum
1279 3651 1347 3695 esse

158 3731 384 3808 ἐπανελθοῦσα,
415 3755 478 3818 quo
507 3736 590 3800 faoto
616 3736 797 3814 ἔκνματιθθη
819 3744 853 3801 et
874 3742 947 3801 tum
968 3738 1100 3802 demum
1122 3734 1246 3808 ἐπῆλθε.
1271 3735 1345 3799 vide

157 3837 254 3914 iufra3
280 3837 402 3915 ἐγένετο
423 3839 456 3904 δὲ
481 3839 533 3904 καὶ
558 3841 589 3905 ἐν
611 3840 780 3921 aeramen
802 3840 942 3918 κύματος
966 3839 1201 3920 ἐπανωχόρησίς
1224 3863 1281 3911 τις.

201 4042 278 4131 Cap.
311 4046 364 4110 92.
401 4046 585 4127 Ἡράκλειαν
618 4049 673 4122 την
707 4051 737 4112 ἐν
771 4048 956 4129 Τραχινίαις
990 4044 1137 4111 ιὶποικόαν
1167 4044 1341 4114 καθόςαντο.

155 4147 299 4215 Mirabar
329 4154 357 4215 si
380 4153 552 4217 nemodum
579 4153 662 4217 vidit
681 4153 759 4218 haee
781 4150 903 4217 Graeca
924 4172 985 4215 non
1007 4172 1089 4227 esse,
1119 4158 1154 4214 et
1176 4172 1232 4234 pro
1255 4160 1342 4232 Τροι·

153 4252 293 4333 χινόΑΙΕ
313 4256 516 4320 scribendum
538 4265 674 4338 Τραχῖνι
698 4258 770 4321 ἘΟ
