3276 5006
275 348 339 415 132
683 368 725 416 ln
749 368 905 416 11110111
929 368 1080 416 00101111.

330 539 409 626 Pag.
436 537 512 603 483.
537 558 566 604 Β.
600 539 665 605 otti
700 538 764 619 γάρ
799 539 902 618 ἀνδρὸς
932 540 1024 604 τοῦτύ
1054 541 1087 616 γ’
1120 538 1164 606 ἐςὶ
1196 537 1231 602 τὸ
1263 538 1396 616 πάθημοι
1429 540 1477 628 [τὸ

284 645 454 710 άδικεῖσθοιι
478 648 676 731 interstrepit
698 645 827 728 sciolus]
856 647 932 710 άλλ*
956 645 1144 725 άνδςοοπθδον
1168 645 1267 722 τινὸς,
1295 641 1317 726 ᾧ
1340 645 1477 725 κρεῖττόν

285 751 329 820 ἔτι
353 750 494 817 τεθνάνοοι
515 752 532 827 ἢ
555 750 625 831 ζῖν,
650 747 711 822 ὅτις
737 750 933 829 ἀδικούμενος
957 750 1009 817 κού
1035 750 1334 831 προπηλακιζόμενος
1355 751 1399 829 μὴ
1418 747 1476 824 olda

284 862 314 921 τ’
344 857 407 926 rm
438 857 531 928 οιύτὸς
563 858 647 937 κύτῷ
677 856 823 942 βοηθεῖν]
855 857 990 922 refertur
1012 855 1105 921 τούτύ
1128 880 1167 934 γε
1192 857 1232 921 ad
1254 876 1321 941 sqq.
1346 854 1409 929 ύςις
1433 894 1475 905 -

284 963 425 1041 βοηθεῖν,
450 962 610 1047 111011τ1
629 962 820 1039 άδικεῖσθοοι,
845 963 930 1048 quod
951 983 1035 1028 nuno
1052 982 1218 1048 perperam
1237 983 1274 1029 ea
1293 983 1373 1047 quae
1392 968 1476 1028 arcte

287 1070 456 1135 coniuncta
478 1074 553 1132 aunt
576 1067 751 1155 disiungit,
776 1070 844 1133 aine
865 1087 956 1134 mora
978 1066 1159 1134 delendum.

328 1280 408 1367 Pag.
434 1278 509 1345 483.
535 1297 562 1345 0.
587 1280 659 1361 πρὸς
692 1280 805 1352 κύτοὺς
836 1277 885 1345 ούν
910 1318 951 1329 -
976 1281 1046 1354 τούς
1075 1305 1111 1346 τε
1136 1279 1242 1359 νθμονς
1265 1283 1399 1347 τῖθεντοοι
1423 1281 1474 1346 κού

285 1384 355 1455 τοὺς
387 1382 529 1457 ἐπαίνους
562 1386 718 1451 ε’ποοινοῡσι
750 1385 804 1449 κού
838 1385 909 1457 τοὺς
941 1384 1060 1465 ψθγσος
1091 1386 1240 1467 ψέγονσιν
1272 1388 1476 1469 ἐκφοβοῦντος

285 1489 354 1562 τοὺς
386 1490 633 1570 ἐρρωμενεςέρονς
664 1497 723 1555 τῶν
754 1491 912 1571 άνθρύποιν
943 1492 995 1556 κού
1027 1492 1172 1566 δυνατοὺς
1204 1492 1297 1558 πλέσν
1320 1493 1405 1575 ἔχειν
1426 1492 1474 1558 ἵνιι

285 1597 330 1673 μίι
354 1597 454 1660 ιιύτῶν
477 1598 570 1661 πλέον
593 1596 705 1678 ἔχωσιν
730 1595 901 1683 [λέγουσιν]
927 1600 966 1671 ὡς
992 1597 1121 1678 οιῖσχρὸν
1144 1599 1197 1663 καὶ
1222 1597 1327 1664 άδικσν
1348 1600 1383 1664 τθ
1402 1614 1475 1665 πλε·

286 1709 427 1768 ονεκτεῖν.
474 1700 603 1788 Optime
634 1700 669 1769 Ο.
699 1703 735 1767 F.
767 1701 987 1781 Hermannue,
1021 1705 1126 1783 (cuius
1154 1703 1302 1770 Editione
1332 1703 1476 1770 Platonis

286 1808 413 1893 Lipsiae
446 1806 530 1872 1851
556 1826 658 1873 novus
681 1807 794 1874 Editor
815 1829 893 1874 usuc
915 1829 982 1875 ease
1004 1829 1066 1875 non
1088 1809 1229 1889 videtur)
1251 1810 1423 1876 molestum
1443 1815 1477 1875 et

285 1934 555 1999 supervacaneum
577 1911 720 1989 λέγουσιν
743 1912 872 1981 delevit.
898 1914 971 1994 πρὸς
995 1915 1138 1991 ἑαυτούς,
1169 1914 1263 1981 Plato
1285 1916 1381 1990 dicit,
1405 1914 1475 1987 τούς

285 2044 321 2083 τε
344 2021 484 2089 ἐποοΙνονς
508 2018 561 2082 κού
587 2019 657 2092 τοὺς
682 2018 801 2100 φύγους
825 2026 980 2086 ποιοῦνται
1003 2021 1040 2093 ὡς
1066 2019 1196 2101 οιῖσχοὸν
1218 2021 1253 2085 τὸ
1272 2028 1476 2086 πλεονεκτεῖν.

285 2123 324 2189 In
347 2124 498 2197 ἐπαινεῖν,
533 2122 663 2203 ψέγειν,
694 2126 936 2204 άπολογεῖσθοοι,
966 2133 1167 2206 κατηγορεῖν,
1196 2125 1380 2206 ψεύδεσθαι,
1404 2125 1475 2202 ἐξοι·

287 2233 395 2294 ποιτῖον
418 2235 451 2295 et
473 2230 546 2294 11111.
571 2229 692 2294 diremi
713 2234 801 2297 notio
825 2231 950 2309 subeat,
975 2231 1215 2297 111111ἕποοινῶν
1234 2231 1334 2309 λέγω,
1357 2232 1475 2310 ψέγων,

287 2334 534 2413 ἀπολογούμενος
566 2334 671 2413 λέγω,
707 2342 766 2401 001.
798 2336 853 2401 aed
882 2342 1010 2422 propter
1039 2336 1137 2403 verba
1166 2335 1217 2401 διά
1247 2336 1341 2415 μέσον
1373 2339 1479 2423 poeita

286 2442 493 2524 ἐκφοβοῦντος
514 2479 555 2489 -1
578 2439 671 2505 πλέον
695 2440 807 2522 ἔχωσιν
830 2444 977 2527 opinatus
996 2443 1168 2508 0111101010
1188 2444 1260 2528 quia
1278 2441 1380 2508 fulmo
1398 2463 1477 2528 opua

286 2570 363 2617 esee.
411 2547 521 2632 Itaque
544 2547 687 2625 λέγουσιν
710 2546 916 2632 interpolavit
939 2547 1023 2633 quod
1045 2547 1108 2613 loci
1130 2550 1391 2635 compositionem
1411 2555 1477 2613 tur-

285 2657 342 2722 bat
363 2659 396 2719 et
419 2654 583 2737 pervertit.
619 2651 766 2718 Dediaeet
788 2651 902 2718 saltem
926 2652 1091 2733 λέγοντες,
1117 2655 1201 2738 quod
1223 2653 1353 2740 reliquia
1375 2657 1479 2739 aptari

283 2765 416 2847 poterat.
450 2757 544 2825 Nunc
559 2759 668 2824 Attica
688 2763 721 2824 et
738 2757 905 2825 Platonica
923 2758 1049 2824 dicendi
1068 2759 1353 2826 formaincolumio
1364 2760 1476 2826 evasit.

330 2972 479 3040 Feliciter
505 2970 596 3040 (1.1.
620 2972 826 3039 Hermannua
848 2972 1000 3057 depromo
1022 2969 1189 3056 deletoque
1210 2968 1404 3036 emblemate
1428 2994 1476 3036 re

284 3082 393 3146 stituit
413 3079 521 3144 locum
544 3099 619 3167 pag.
640 3076 717 3143 483.
730 3097 760 3144 a.
784 3076 866 3143 οὖτοι
890 3082 995 3142 rama
1019 3077 1189 3158 πράττουσι
1214 3114 1255 3125 -
1281 3078 1366 3141 κοντοὶ
1387 3076 1476 3154 νύμον

284 3186 336 3250 τὸν
360 3192 416 3259 τοῖς
439 3184 582 3264 φύσεως,
609 3187 641 3249 ού
666 3184 771 3263 μέντοι
794 3183 865 3255 ἴσοις
889 3183 975 3247 κατά
998 3188 1105 3249 τοῦτον
1128 3180 1161 3248 ὃν
1186 3184 1274 3259 ἡμεῖς
1299 3183 1473 3269 [τιθέμεθα]

285 3289 477 3364 πλάττοντες
510 3290 581 3363 τοὺς
615 3290 782 3369 βελτῖτονς
817 3288 869 3353 κού
904 3286 1163 3368 ἐρρωμενεςάτονς
1194 3288 1278 3364 ἡμῶν
1308 3290 1408 3354 οιύτῶν
1440 3290 1475 3353 ἐκ

285 3400 355 3464 νέων
378 3396 596 3476 λαμβάνοντες
619 3394 720 3474 ὥσπερ
743 3394 869 3466 λέοντάς
895 3393 1124 3478 κοοτεπάδοντές
1146 3418 1182 3458 τε
1205 3396 1258 3459 κού
1275 3395 1474 3473 γοητεύοντες

284 3502 559 3579 κοιτιοδννλούμεθοι
590 3503 736 3580 λέγοντες
767 3503 805 3573 ὠς
836 3499 870 3564 τὸ
901 3497 964 3564 ἴσον
987 3500 1048 3580 χρὴ
1072 3497 1157 3580 ἔχειν
1179 3500 1231 3564 κού
1255 3498 1347 3565 τοῦτύ
1371 3501 1416 3570 ἐςι
1439 3501 1474 3566 τὸ

283 3611 377 3676 καλὸν
402 3608 453 3674 κιο)
478 3612 517 3675 τὸ.
537 3607 661 3674 tiammo.
701 3606 737 3673 81
762 3606 1262 3683 Ηο111111111011101011τιθέμεύε
1286 3610 1475 3694 expunxeris

285 3719 392 3784 omnia
415 3716 535 3781 habent
557 3717 687 3800 optime.
735 3717 788 3795 Τῷ
813 3720 868 3787 τνῖς
891 3711 1014 3790 Φύσεως
1037 3711 1117 3791 νθμῳ
1140 3715 1310 3798 opponitur
1333 3715 1347 3778 1
1370 3714 1474 3790 νόμος,

283 3815 315 3887 ὃν
357 3825 446 3900 ἡμεῖς
489 3820 692 3898 πλάττομεν,
735 3818 770 3883 id
806 3822 854 3884 eat
884 3818 898 3881 d
931 3817 1153 3894 πεπλασμένος
1195 3817 1282 3894 νύμος
1326 3818 1378 3883 κού
1422 3820 1472 3883 ούκ

282 3930 320 3994 ὢν
344 3927 432 4006 νθμος
456 3935 495 4009 τῇ
519 3926 659 4010 άληύεύμ.
693 3946 753 3988 mom
782 3924 941 3989 secumdum
967 3918 1044 3986 ἐνἰιιο
1066 3924 1156 4005 ἰσγσιν
1167 3923 1321 4010 fortaoac,
1353 3926 1471 4009 inquit,

282 4056 369 4121 quom
399 4054 452 4097 moa
482 4032 521 4098 de
542 4030 644 4098 nihilo
667 4028 822 4118 fingentes
844 4028 949 4114 optimi
979 4029 1121 4115 culmoque
1149 4036 1282 4093 matrem
1312 4030 1473 4093 omimoaet

279 4139 404 4222 spiritua
425 4137 613 4224 frompimma.
668 4134 866 4207 Πλάττοντες
895 4135 978 4199 dixit
1009 4140 1042 4200 et
1072 4156 1134 4201 non
1165 4136 1366 4211 πλάσσοντες,
1400 4137 1473 4220 quia

280 4250 328 4311 ita
365 4247 502 4330 cogitat:
538 4243 650 4329 quotica
683 4243 868 4306 imocmtmtcm
899 4242 948 4305 111
975 4242 1146 4325 praeceptio
1179 4241 1335 4306 imbuimur
1369 4243 1407 4312 ὥς
1437 4240 1471 4304 τὸ

281 4354 343 4414 ἴσον
374 4349 434 4426 xil
467 4347 550 4426 ἔχειν
579 4347 631 4409 κού
663 4346 753 4411 τοῦτύ
785 4346 828 4414 ἕςι
862 4349 899 4411 τύ
928 4347 1024 4411 καλὸν
1057 4348 1110 4411 κού
1141 4348 1176 4411 τὸ
1208 4347 1343 4421 δίκαιον,
1381 4348 1474 4413 toties

282 4454 316 4516 id
339 4452 378 4514 de
400 4449 502 4513 nihilo
535 4450 795 4523 comminiscimur,
827 4452 911 4534 quod
941 4471 1016 4516 oum
1046 4459 1160 4518 natura
1188 4460 1313 4539 pugnat
1336 4454 1475 4536 adeoque
