3254 5034
266 343 308 407 AB
767 356 965 403 uescentium

265 547 327 615 que
361 527 490 594 Homeri
522 525 628 592 locum
661 524 693 590 in
726 524 928 610 marginibus
957 528 1045 592 circa
1077 534 1201 594 textum
1234 528 1385 615 apposuit
1416 529 1458 596 rai

264 635 450 719 Ἀριςοιίιιον
474 640 591 713 einero
622 630 674 698 κοιὶ
698 631 739 697 σοὶ
765 632 905 710 astupeo
929 632 996 713 περὶ
1021 640 1078 708 σῆς
1107 634 1322 716 ’Λριςιιρχοιον
1344 634 1459 717 διορθώ-

265 764 357 818 σεοις,
378 748 411 806 et
431 738 580 805 omnibus
601 737 692 804 libris
714 747 840 825 praeter
862 738 1012 804 ultimum
1035 739 1250 826 subscripsit:
1274 740 1459 823 Ποροὶιιεισιι

263 848 307 914 σοὶ
329 846 513 929 ’Λριςονίιιον
535 853 653 924 σημεῖοο
669 844 723 910 καὶ
747 845 789 908 σοὶ
814 843 951 923 Διδύμον
971 844 1037 927 περὶ
1059 853 1116 920 σῆς
1137 849 1352 929 Ἀριςοιρχείοιι
1376 848 1460 932 imp-r

265 955 397 1028 dedecor.
429 953 499 1019 rivio
533 951 565 1017 δὲ
598 950 651 1016 ιιοιὶ
681 951 715 1016 ἐκ
746 957 802 1027 mir
834 952 970 1026 Ἰλιιιιιῆς
1005 950 1172 1033 σροσιρδιοιρ
1208 952 1261 1018 nai
1293 952 1459 1035 Νικάνορος

264 1060 331 1144 περὶ
356 1067 496 1140 σιγμοῖς,
523 1056 575 1124 nbi
605 1053 702 1122 verba
725 1056 816 1121 σινοὶ
840 1056 876 1121 δὲ
900 1056 964 1122 rari
990 1056 1024 1121 ἕιο
1048 1064 1104 1132 σοῖο
1129 1059 1265 1134 Ἰλιοιιιιῑς
1289 1058 1458 1142 eporedias

265 1164 436 1232 manifesto
458 1162 623 1230 declarant
651 1182 688 1228 ex
721 1160 891 1228 Herodiani
918 1161 1008 1226 tibris
1032 1162 1098 1243 περὶ
1122 1170 1178 1239 σῆς
1202 1165 1341 1241 'taceare
1365 1188 1457 1247 σρισ·

264 1273 355 1355 ιρδιοιο
387 1280 531 1356 excerpto
563 1278 683 1334 tentem
711 1287 781 1333 esse
805 1266 988 1354 adscripta,
1024 1267 1109 1333 unde
1137 1277 1227 1334 certo
1250 1270 1357 1356 colligi
1381 1270 1457 1337 licet

264 1379 346 1444 duos
367 1377 489 1462 priores
512 1374 611 1440 libros
630 1375 673 1440 σοὶ
691 1373 873 1453 Ἀριςονιιιοο
891 1379 1007 1451 σημεῖοι
1029 1382 1061 1438 et
1083 1374 1126 1439 σοὶ
1151 1373 1290 1454 artreio
1313 1376 1380 1459 περὶ
1400 1384 1456 1452 της

263 1483 479 1563 Ἀριςιιρχειον
491 1481 665 1563 διορθώσεως
682 1480 819 1565 ιἰιισρνοι
840 1479 871 1545 in
892 1478 1093 1565 marginibus
1108 1488 1216 1546 textus
1230 1480 1390 1548 Homerici
1404 1482 1455 1549 de·

265 1588 403 1675 scriptos
423 1585 534 1654 fuisse.
571 1586 683 1673 ltaque
701 1583 934 1653 Praefationeru
955 1604 1081 1671 quoque
1103 1585 1274 1673 utriusque
1299 1587 1371 1654 iibri
1392 1608 1455 1654 non

264 1713 335 1759 esse
367 1694 519 1759 omissam
553 1700 585 1757 et
620 1690 826 1777 praeteritam
860 1688 1066 1756 manifestum
1101 1699 1173 1770 est,
1206 1693 1261 1758 sed
1296 1690 1335 1759 de
1369 1712 1456 1759 ruore

265 1799 398 1864 seorsim
431 1797 627 1884 descriptam
660 1798 717 1862 toti
755 1796 842 1882 operi
876 1815 946 1862 esse
983 1797 1211 1882 praemissam,
1244 1798 1274 1864 id
1305 1797 1389 1886 qnod
1421 1799 1454 1865 in

266 1904 448 1970 Aristonico
474 1900 528 1991 (ne
552 1902 591 1967 de
616 1901 745 1991 Didymi
765 1921 863 1988 opera
886 1911 918 1967 et
938 1902 1080 1979 ratione,
1105 1922 1202 1988 qnam
1227 1904 1260 1970 in
1285 1903 1454 1970 scribendo

266 2017 398 2074 secutus
430 2009 471 2073 sit
503 2005 542 2073 de
574 2005 733 2072 industria
764 2006 923 2096 dicamus)
959 2028 1090 2094 prorsus
1118 2019 1187 2075 erat
1222 2011 1452 2076 necessarium.

267 2114 301 2180 tn
333 2112 535 2200 marginibus
563 2113 648 2179 enim
682 2120 789 2177 textus
822 2112 982 2179 Homerici
1013 2113 1056 2179 σοὶ
1079 2122 1195 2193 σηριοῑιι
1220 2115 1286 2201 ipsa
1318 2135 1453 2202 appone·

266 2219 402 2300 bantur,
435 2227 467 2286 et
492 2238 551 2285 cur
576 2216 785 2284 Aristarchus
808 2216 848 2283 ad
872 2238 1032 2306 quemque
1056 2220 1161 2287 iocum
1186 2220 1312 2306 singula
1337 2230 1454 2301 σημεῖιι

266 2325 426 2392 addiderit
451 2322 684 2411 exponebatur,
716 2322 771 2389 sed
796 2321 835 2389 de
865 2323 943 2411 ipsis
965 2327 1100 2405 reprime
1126 2328 1156 2392 in
1187 2327 1397 2406 universum,
1422 2336 1455 2394 et

267 2449 350 2517 quac
379 2439 460 2497 essct
491 2435 550 2495 σῶν
581 2429 713 2508 σημεῖον
746 2430 883 2496 ratioet
914 2449 1014 2510 usus,
1047 2434 1249 2500 Aristonicus
1282 2434 1313 2498 in
1345 2434 1453 2520 operis

266 2535 396 2603 exordio
425 2544 457 2601 et
480 2536 615 2601 introitu
642 2534 776 2600 tectores
799 2536 953 2602 certiores
976 2535 1082 2604 facere
1106 2536 1227 2605 debuit.
1276 2538 1360 2606 Haec
1385 2540 1452 2626 ipsa

265 2652 435 2709 causaest
459 2661 519 2707 eur
539 2639 619 2706 nibil
639 2648 723 2706 esset
747 2662 827 2728 opus
851 2643 884 2706 in
905 2643 1042 2728 singulis
1066 2643 1144 2709 iocis
1166 2651 1313 2709 notarum
1337 2664 1451 2712 nornen

264 2748 429 2828 indicare,
455 2747 605 2835 quoniam
639 2766 675 2812 ea
705 2748 813 2813 omnia
839 2748 870 2814 in
906 2745 1107 2815 Praefatioue
1131 2749 1204 2815 iibri
1237 2759 1324 2816 reete
1346 2760 1379 2817 et
1402 2770 1458 2817 oru

265 2854 340 2920 dine
372 2861 521 2920 enarrata
560 2850 700 2918 fuerunt.
759 2851 798 2918 Ut
833 2854 918 2920 enim
952 2874 1016 2921 uno
1050 2853 1195 2942 exemplo
1231 2874 1299 2921 rem
1333 2876 1388 2942 per
1417 2876 1452 2923 se

265 2959 392 3046 planant
417 2968 448 3025 et
469 2958 673 3046 perspicuam
697 2958 812 3026 faciam
836 2960 934 3025 etiarn
961 2958 1157 3046 planiorem,
1189 2961 1392 3027 Aristonicus
1417 2961 1449 3026 in

266 3063 466 3132 Praefatione
489 3064 686 3152 explicuerat
711 3067 766 3142 την
796 3063 1030 3147 σεριεςινριένην
1056 3065 1167 3144 διπλῆν
1188 3064 1228 3131 ab
1261 3066 1451 3134 Aristarcho

264 3170 304 3238 ad
328 3191 382 3237 eos
405 3169 490 3236 locos
513 3191 582 3237 esse
602 3170 779 3258 adpictam,
805 3169 859 3237 ubi
883 3169 1051 3237 Zenodotei
1078 3179 1185 3238 textus
1209 3172 1391 3258 scripturae
1410 3171 1451 3238 ab

266 3276 471 3343 Aristarcbea
505 3276 691 3343 recensione
720 3275 957 3362 discreparent,
990 3276 1136 3344 vetabis
1164 3276 1270 3343 uerbis
1301 3277 1354 3343 ubi
1382 3280 1451 3345 Ari·

265 3381 414 3450 sturubus
439 3382 570 3447 vitiosas
601 3381 797 3450 Zenodoteae
826 3382 1022 3448 recensionis
1054 3381 1208 3451 tentiones
1238 3383 1450 3451 emendasset.

265 3489 353 3571 Quod
379 3507 479 3575 quum
513 3486 611 3554 semet
644 3489 676 3553 in
701 3488 806 3575 operis
840 3488 973 3552 introitu
1006 3487 1179 3574 diiigenter
1207 3498 1293 3557 esset
1321 3489 1451 3557 demon-

265 3602 423 3671 stratnm‚
460 3592 539 3659 nibil
570 3604 639 3659 erat
670 3614 752 3681 opus
790 3592 829 3658 ad
861 3592 1004 3678 singulas
1044 3595 1195 3663 Zenodoti
1228 3593 1451 3682 discrepantes

265 3699 418 3766 lectiones
442 3699 641 3766 adscribere:
674 3703 691 3777 si
716 3699 932 3782 σεριεςινριένη
957 3700 1050 3776 διπλῆ
1078 3695 1123 3767 ὅτι
1147 3699 1308 3777 Ζηνόδοτος
1332 3701 1451 3787 γράφει

265 3808 331 3874 xri.
356 3805 412 3872 sed
439 3807 518 3872 satis
541 3813 626 3873 crat:
659 3800 705 3870 ὅτι
729 3802 890 3880 Ζηνόδοτος
918 3805 1055 3889 γράφει,
1088 3815 1121 3872 et
1142 3806 1292 3872 similiter
1317 3808 1350 3872 in
1381 3826 1450 3874 cae·

265 3912 345 3979 teris
368 3913 515 3993 σημείοις.
564 3911 629 3977 iam
657 3930 732 3976 uero
756 3908 957 3977 haecomnia
984 3919 1136 3998 reputans
1162 3909 1378 3996 bagmcntum
1405 3912 1451 3977 in·

265 4017 345 4084 certi
370 4018 580 4085 Grammatici
610 4017 642 4082 in
669 4025 796 4083 vetusto
825 4016 939 4083 Codice
971 4018 1132 4083 Marciano
1155 4027 1185 4084 A
1211 4025 1373 4103 repertum
1399 4036 1451 4083 su·

265 4125 345 4190 mito
366 4122 445 4189 mibi
471 4122 588 4210 aliquis
611 4124 643 4189 in
669 4143 785 4189 uranus
808 4135 840 4189 et
864 4121 1036 4208 diiigenter
1059 4124 1224 4211 inspicite:

268 4231 332 4265 *⁴*
348 4224 367 4305 ἦ
396 4229 430 4295 cd
455 4225 534 4312 ἔφη.
564 4230 633 4297 o'tt
655 4236 745 4297 τοῦτο
767 4231 812 4310 μὴ
836 4229 945 4307 νοήσοις
977 4230 1066 4295 ἀλλὰ
1089 4229 1198 4309 λαβὼν
1223 4227 1319 4295 πάλιν
1345 4228 1381 4294 τὸ
1400 4217 1450 4312 &ir

264 4337 333 4405 cirri
357 4341 410 4403 σοῦ
423 4326 473 4411 Ti}
497 4334 651 4415 ὖσέσοιξεν
673 4337 709 4403 ἐκ
728 4342 871 4419 περισσοῦ

424 4442 564 4526 πέφραδέ
587 4467 623 4509 σε
645 4442 781 4525 Τρώεσσι
806 4441 860 4508 κιο)
884 4442 1052 4525 εὐχόμενος
1074 4438 1146 4515 ἔπος
1169 4439 1257 4517 adda.
