3200 5066
511 353 554 401 ιω
577 352 710 400 sronnnr
733 348 959 399 rnosuserun.
1122 312 1140 403 J
1266 331 1331 407 4357

143 521 207 588 loci
230 521 360 586 correcti
381 526 473 585 sunt:
498 520 554 586 alii
573 521 677 586 edhue
694 519 853 585 medicam
872 538 1004 585 manum
1021 526 1212 606 exspectant.
1236 518 1329 591 Pluto

143 628 182 691 dc
202 626 330 708 ὐιρύὐωε
350 646 424 714 pag.
449 622 514 690 807
531 643 560 690 s.
584 625 726 705 προσήκει
749 624 780 689 δὲ
803 625 888 705 spru
912 624 964 688 ιωιὶ
988 624 1128 707 ρρύὐμως
1151 647 1330 691 κιιτιιτετν-

142 730 266 813 μεμένῳ
296 729 359 813 ζῴῳ
389 729 500 812 σχεδὸν
531 730 584 795 ὐπ’
606 727 704 794 ἄλλων
728 716 958 804 διωΡτιιτύνῑνιιι
981 728 1058 816 (leg.
1082 730 1328 812 διωῦτιιτύῆνιιι)

143 835 218 919 ζῴων
248 837 307 901 τῶν
336 834 457 915 corbes
486 832 724 915 τετρυχωμένων
753 834 826 911 μετ’
857 832 996 915 ἀνδρείαις
1026 858 1062 898 τε
1093 831 1164 912 ὐμιι
1195 834 1330 900 καὶτῶν

143 941 258 1019 τόνων,
290 943 325 1005 in
352 939 444 1005 libris
473 944 520 1004 est
550 936 781 1018 τετρνμμένων,
810 937 1068 1019 τετρνφωμένων,
1093 941 1330 1021 τετρυχωμένων

144 1050 178 1111 et
207 1042 433 1123 τετρΤΜὲνων,
465 1044 549 1128 quod
575 1046 668 1107 unice
696 1063 810 1107 verum
830 1049 887 1108 est.
922 1046 1113 1125 Τετρωριέννς
1137 1051 1246 1111 antem
1268 1067 1331 1113 nen

143 1153 192 1214 est
214 1149 328 1213 viriae
347 1150 522 1225 ecthactus,
544 1152 583 1211 nt
600 1142 724 1212 Editori
743 1147 887 1227 videtur,
910 1167 1047 1233 namque
1066 1149 1097 1214 id
1118 1155 1241 1237 pugnat
1256 1171 1331 1217 eum

143 1253 208 1321 loci
229 1256 403 1331 sententia,
426 1252 481 1318 sed
504 1254 645 1329 „virtute
667 1272 703 1317 ac
725 1251 887 1318 laboribus
909 1254 1055 1318 coercitus
1074 1261 1104 1319 ct
1122 1254 1308 1318 induratus.''

191 1462 228 1528 In
250 1463 492 1550 Astydamantis
513 1461 692 1550 fragmento
715 1459 776 1540 86,
803 1461 833 1528 3.
862 1482 901 1528 ex
922 1462 1077 1529 librorum
1101 1464 1236 1530 absurda
1258 1468 1333 1530 seri·

146 1573 242 1655 ptura
260 1569 338 1633 hac:

420 1668 510 1737 ἕνεκα
532 1677 590 1738 τῶν
612 1672 674 1741 ten
697 1671 791 1752 εὑρεῖν
813 1670 898 1752 ἄνδρ’
920 1669 986 1736 isa.

147 1779 331 1844 acutissime
352 1776 511 1843 Porsenns
525 1779 667 1843 restitnit
686 1777 718 1841 ε’ν
737 1776 847 1842 ἑκιιτύν
867 1777 930 1844 ἑςιν
946 1776 1033 1856 ἔργον
1052 1778 1165 1858 εὑρεῖν,
1185 1779 1239 1844 sed
1257 1778 1332 1844 duo

148 1883 208 1948 bus
229 1881 394 1950 vocabulis
415 1884 614 1969 transpositis
635 1881 828 1970 legendum:

335 1988 385 2051 ’ἐν
406 1988 557 2053 ἑκιιΤΟΝ
580 1987 697 2066 {prou
721 1987 784 2054 ἐςὶν
806 1986 900 2065 εὐρεῖν
924 1985 1007 2068 ἄνδρ’
1030 1984 1101 2065 ἕνιι,

352 2092 400 2157 ari
423 2095 528 2158 τοῦτον
551 2092 577 2156 oi
599 2090 759 2173 ζητοῦντες
782 2089 839 2155 εἶσὶ
864 2093 976 2173 ρινρίνι.

193 2302 327 2388 Saepius
353 2304 387 2367 in
414 2302 603 2390 fragmentis
631 2301 707 2366 libri
737 2301 805 2381 περὶ
836 2301 994 2379 εὐγενείαις
1019 2300 1080 2381 86,
1106 2301 1158 2368 25.
1186 2305 1335 2371 scribitur

148 2410 263 2474 vitiose
285 2408 356 2480 τούς
379 2404 518 2473 ἔντειλεν
541 2408 692 2472 τλιωσίων
713 2426 770 2492 pro
793 2406 827 2470 ἐκ
851 2403 954 2471 τύλιιι
977 2406 1138 2471 τλιυτύων.
1161 2405 1244 2472 Rem
1264 2428 1335 2474 coa-
1393 2452 1394 2455 =
1478 2475 1500 2489 „

149 2509 217 2575 ficit
243 2510 333 2577 locus
355 2532 430 2598 pag.
455 2509 537 2588 159,
565 2509 618 2575 13.
643 2510 675 2574 νύ
700 2511 770 2582 τνύς
793 2511 829 2573 ἐκ
851 2509 955 2575 roiam
978 2511 1131 2577 τλωωσύων
1153 2512 1242 2578 ὐλλύι
1264 2514 1335 2585 τούς

150 2612 185 2691 ἐξ
214 2615 340 2693 essese
369 2615 483 2680 τιύλιιι.
524 2614 597 2680 Non
625 2614 853 2680 animadvertit
882 2613 1066 2681 Meinskins
1095 2619 1127 2680 st
1154 2618 1336 2683 etiamnunc

150 2715 289 2784 ἔντειλεν
318 2720 462 2784 retinuit.
496 2718 574 2783 Post
602 2737 703 2803 pauca
723 2738 781 2802 pro
803 2719 890 2798 ὀρθῶς
913 2717 975 2800 ἔφη
1001 2718 1105 2797 λέγειν
1129 2722 1267 2808 corrige:
1292 2723 1335 2801 ὐρ-

152 2824 223 2904 ieie,
247 2820 327 2905 ἔφη,
352 2822 492 2902 assem

194 3034 364 3121 Euripides
385 3031 446 3111 88,
471 3032 502 3097 5.

129 3128 133 3133 ⁴
378 3139 408 3203 ἐν
428 3144 492 3210 τοῖς
515 3136 629 3212 τέκνοις
650 3138 714 3221 γὰρ
737 3137 830 3219 αἱρετὴ
853 3144 912 3203 τῶν
934 3138 1065 3216 εὐγενῶν

376 3241 523 3325 ἔλαμψε·
546 3242 683 3323 κρεῖττόν
705 3244 736 3308 τ’
759 3243 807 3311 sc}
826 3242 972 3310 τλιντύων
994 3242 1111 3322 γάμων.

375 3348 467 3423 πένης
490 3348 553 3428 γὰρ
576 3349 629 3415 ιύκ
652 3349 739 3413 ἐκεῖν’
762 3349 923 3415 ὐτύλεσεν

374 3453 409 3519 τὸ
432 3458 485 3520 τνύ
509 3456 625 3535 τιιτρύς
649 3460 799 3531 γεννωῖνν.

150 3556 258 3623 addita
279 3560 509 3643 praepositione
527 3564 560 3624 et
578 3558 704 3645 expleta
720 3558 835 3624 lacuna
852 3564 981 3645 poetam
1000 3561 1161 3645 scripsisse
1181 3562 1332 3628 arbitror:

150 3661 244 3742 νὶρετῆ
267 3668 326 3728 τῶν
349 3663 478 3741 εὐγενῶν
501 3663 693 3744 ΔΙέλιιμψε,
718 3669 809 3729 tum:

352 3765 445 3842 τὲννς
468 3768 530 3850 sap
552 3766 645 3855 (ὭΝ
666 3767 767 3855 ὈΔ’)
789 3770 842 3833 οὐκ
865 3767 956 3834 ἐκεῖν’
977 3766 1135 3834 ὐτύλεεεν

353 3873 387 3937 ri
411 3877 464 3938 τιύ
487 3874 602 3957 τιιτρύς
627 3881 774 3952 νεννιιῑιν.

194 4082 318 4147 Notum
348 4088 396 4148 est
426 4103 523 4168 quam
550 4084 634 4150 nihil
661 4083 867 4150 tribuendum
898 4087 941 4149 sit
970 4084 1134 4151 lemmatis
1157 4087 1242 4172 apud
1264 4086 1334 4155 Sto·

150 4186 277 4253 haeum.
315 4185 518 4259 Geminorum
548 4190 792 4255 Atheniensium
819 4189 1000 4277 fragmenta
1021 4189 1213 4276 Epicharmo
1236 4195 1335 4259 tribu·
1441 4248 1445 4254 .

151 4296 265 4370 untur,
289 4298 322 4358 et
345 4314 426 4379 quae
447 4294 616 4361 manifesto
638 4293 846 4383 Tragicorum
868 4301 959 4373 sunt,
983 4293 1186 4362 Geminorum
1207 4302 1335 4365 nemina

150 4397 339 4482 praeferunt.
374 4398 466 4466 Nihil
496 4405 543 4465 est
573 4404 681 4466 tamen
703 4399 828 4466 facilius
850 4420 948 4485 quam
969 4397 1173 4469 Geminorum
1195 4407 1334 4471 versieu-
