3296 5022
688 347 888 393 contactam
912 347 1029 394 unna.

412 510 611 591 Palladium,
634 513 736 581 caesis
760 533 908 580 summae
933 511 1117 579 casualibus
1139 514 1238 591 arcis,

411 619 598 704 corripuere
621 638 747 686 sacram
771 617 909 704 effigiem
935 617 1149 705 manibusque
1171 618 1319 684 cruentis

409 724 574 810 virgineas
593 725 664 789 ausi
687 723 779 790 dirae
801 726 989 810 contingere
1012 724 1119 790 vittas.

319 827 383 893 lies
408 837 459 893 est
483 830 661 895 notissima.
695 827 869 895 Oraculum
897 838 989 906 erat,
1014 830 1142 894 Troiam
1170 828 1242 913 capi
1265 846 1328 892 uon
1353 844 1463 911 posse,

274 931 431 1018 quamdin
457 933 619 1000 llicerrae
645 932 856 1000 simulacrum
879 933 1047 999 moenibus
1059 934 1337 1006 summoueret,
1360 949 1464 1015 quare

195 1084 201 1093 -
272 1055 403 1104 necesse
427 1046 496 1105 crat
520 1039 652 1106 Graecis
676 1058 788 1124 rapere
812 1023 1001 1105 Palladiumss
1038 1039 1117 1105 llem
1142 1036 1313 1124 perficiunt
1334 1034 1462 1100 Diome·

271 1139 329 1208 des
359 1150 392 1208 et
418 1143 568 1231 Ulysses,
599 1142 656 1209 sed
679 1144 745 1218 ita,
769 1150 806 1207 ut
830 1151 961 1229 propter
983 1142 1190 1227 sacrilegium
1216 1142 1345 1226 vimque
1366 1137 1463 1205 adbi-

269 1245 372 1313 bitam
405 1247 488 1314 lleae
518 1247 715 1315 voluntatem
747 1247 923 1313 aGraecis
946 1248 1176 1313 abalienarent.
1291 1318 1301 1326 ,

316 1351 364 1417 En
389 1350 459 1428 illo,
484 1353 528 1419 ita
556 1356 660 1440 pergit
686 1361 794 1438 poeta,
818 1351 919 1419 liuere
944 1373 980 1417 ae
1001 1361 1088 1419 retro
1107 1351 1258 1436 sublapsa
1278 1348 1393 1416 relerm

317 1477 391 1542 spes
412 1456 578 1532 Danaum.
603 1457 724 1524 lractae
749 1459 853 1535 vires,
874 1477 986 1523 aversa
1017 1455 1096 1523 deae
1117 1476 1219 1523 niens.

316 1560 381 1628 Nec
409 1561 516 1628 dubiis
547 1584 584 1629 ea
612 1565 705 1649 signa
728 1562 816 1630 dedit
841 1564 986 1628 Tritonia
1012 1563 1177 1628 monstris.

318 1666 379 1733 Vis
403 1670 542 1754 positum
565 1670 682 1735 castris
700 1667 929 1734 simulacrum:
953 1686 1061 1734 arsere
1080 1685 1236 1733 coruscae

315 1772 494 1839 luminibus
518 1773 669 1840 llammae
696 1774 833 1839 arrectis
856 1773 1024 1858 salsusque
1047 1791 1105 1858 per
1128 1780 1223 1837 artus

316 1876 415 1942 sudor
438 1879 477 1944 iit
508 1888 623 1965 terque
654 1880 723 1965 ipsa
756 1877 822 1944 solo
839 1916 885 1928 —
902 1878 1048 1944 mirabile
1070 1876 1218 1942 dictu-

314 1984 448 2048 emicuit
471 2004 681 2070 parmamque
705 1984 816 2050 tureos
847 1983 1038 2069 hastamque
1068 1989 1275 2048 trementem.

312 2086 482 2173 Extemplo
510 2090 695 2175 temptanda
720 2089 795 2175 luga
818 2099 908 2156 uana
931 2108 1070 2176 aequora
1094 2086 1247 2164 Calchas,

314 2211 373 2257 neo
398 2212 490 2278 posse
513 2193 672 2279 Argolicis
695 2193 839 2261 exscindi
865 2195 1020 2279 Pergama
1047 2193 1145 2269 tella,

313 2298 417 2363 omina
440 2300 474 2362 ui
495 2308 634 2385 repetant
657 2300 769 2385 Arpis,
800 2321 975 2386 numenque
997 2300 1166 2374 reducunt,

314 2403 397 2488 quud
415 2403 529 2491 priapo
553 2415 582 2470 ct
604 2405 708 2470 curuis
738 2426 843 2470 aecum
871 2426 1004 2470 caraem
1026 2404 1153 2469 carinis.

312 2507 453 2574 adnotat
495 2510 661 2598 lleynius:
706 2508 818 2574 Omina
859 2511 894 2575 m'
932 2520 1071 2596 repetunt
1105 2507 1202 2592 Arpis
1236 2505 1370 2573 ductum
1409 2507 1462 2572 vi-

267 2612 363 2679 detur
392 2612 434 2678 ab
466 2612 714 2700 imperatoribus
745 2615 913 2691 Romanis,
947 2617 1003 2700 qui
1034 2612 1076 2678 ad
1108 2612 1252 2697 auspicia
1286 2609 1460 2698 repetenda

266 2739 304 2784 ao
339 2717 523 2785 renovanda
555 2719 690 2785 llomam
726 2739 970 2806 nonnumquam
1003 2739 1044 2785 ex
1081 2718 1198 2783 castris
1233 2719 1351 2783 reverti
1375 2716 1461 2783 sole·

265 2823 364 2899 bant,
394 2825 423 2889 si
453 2845 482 2890 v.
514 2845 545 2890 c.
577 2824 698 2890 malum
730 2844 823 2891 omen
853 2824 1021 2890 inciderat.
1063 2824 1176 2908 ltaque
1200 2821 1351 2888 similiter
1375 2819 1461 2909 (Cal-

265 2929 357 3014 cbas)
394 2930 527 3009 statuit,
564 2949 635 2995 esse
675 2928 807 2995 Achivis
846 2930 1013 2996 Graeciam
1049 2926 1279 3014 repetendam,
1315 2928 1461 3013 auspicia

264 3033 309 3098 ibi
349 3032 595 3099 instauranda.”
642 3034 706 3100 lies
742 3043 815 3098 rtota
851 3043 918 3111 est,
955 3042 987 3099 et
1019 3032 1112 3099 facila
1144 3032 1367 3111 adsentimur,
1402 3031 1460 3099 sed

265 3156 347 3223 quae
378 3136 480 3204 addit:
514 3148 542 3204 ct
574 3160 643 3203 cum
674 3140 741 3223 ipso
772 3137 918 3203 Palladio
944 3150 1067 3216 evecto,
1088 3149 1123 3203 ut
1145 3141 1327 3203 restituatur
1356 3139 1390 3203 ἐκ
1413 3158 1460 3202 se·

265 3241 336 3306 dem
368 3263 479 3319 suom,
497 3238 742 3320 'revertendum
773 3263 810 3309 ea
834 3242 1104 3328 explicationem
1135 3264 1205 3310 esse
1235 3263 1299 3309 non
1331 3249 1460 3329 potest,

265 3366 340 3412 nam
375 3356 410 3412 ut
443 3357 586 3424 taceam,
620 3348 705 3434 quod
737 3349 801 3413 iam
829 3347 902 3413 aliis
926 3368 1001 3414 vere
1023 3348 1227 3414 observatum
1253 3354 1320 3422 est,
1344 3367 1461 3412 numeri

197 3470 203 3479 ·
265 3450 329 3535 dici
361 3471 422 3516 non
454 3453 596 3538 potuisse
627 3453 849 3528 simulacrum,
883 3472 1015 3538 prorsus
1047 3473 1110 3519 non
1144 3451 1362 3539 intellegitur,
1398 3471 1461 3518 eur

265 3554 467 3637 Palladium,
502 3560 529 3623 si
565 3557 724 3624 reddituri
761 3568 869 3624 esseut
903 3559 1069 3635 Troianis,
1103 3561 1194 3645 prius
1225 3560 1257 3623 in
1290 3557 1459 3624 Graeciam

264 3661 448 3730 avellerent.
491 3662 600 3748 Neque
622 3665 687 3728 iam
711 3674 786 3730 ante
809 3671 958 3729 avectum
983 3683 1053 3728 csse
1078 3665 1159 3729 satis
1182 3673 1316 3751 apparet
1339 3684 1359 3728 e
1382 3681 1459 3728 nar·

263 3768 404 3843 ralione;
434 3789 507 3833 nam
538 3769 597 3833 vim
626 3769 762 3855 positum
795 3768 907 3834 castris
929 3768 1152 3846 simulacrum,
1182 3788 1282 3857 quum
1308 3767 1378 3834 dira
1402 3767 1458 3834 illa

263 3883 402 3939 raonstra
426 3875 710 3959 conspicerentur;
742 3874 861 3960 quibus
885 3876 982 3952 visis,
1007 3876 1216 3959 extemplo-
1231 3874 1369 3940 eanit-
1384 3873 1458 3939 oot-

263 3978 350 4046 clrus.
388 3979 472 4046 Usus
491 3989 599 4046 autem
620 3981 778 4046 sermonis
799 3978 905 4047 Latini
926 3990 958 4046 et
978 3979 1130 4046 dictionis
1149 3980 1345 4065 ambiguitas
1370 3998 1457 4064 pror·

263 4105 319 4152 sus
350 4084 505 4151 dauumnt
533 4086 568 4152 ll.
598 4087 701 4151 Vossii
724 4083 989 4172 explicationem,
1013 4106 1051 4151 ex
1076 4106 1140 4172 qua
1163 4086 1276 4152 Graeci
1303 4084 1457 4151 iubentur

263 4188 459 4257 uoluntatem
494 4192 638 4257 numinis
670 4190 776 4256 denuo
807 4190 973 4276 explorare
1003 4192 1129 4280 (cumen
1152 4189 1331 4278 redimere),
1356 4208 1454 4275 quam

263 4296 366 4361 secuti
389 4315 407 4360 e
430 4296 561 4362 Graecia
587 4294 721 4382 proiecti
741 4297 808 4362 sint
833 4297 1120 4384 (qiud—carinis),
1146 4317 1187 4363 ne
1210 4315 1380 4373 moneam,
1408 4294 1453 4359 ita

260 4398 356 4466 rerba
389 4402 688 4467 numen-carinis
716 4409 787 4486 post
822 4402 875 4467 illa
907 4404 1011 4468 omina
1035 4402 1067 4466 ui
1091 4412 1229 4487 repetunt
1254 4402 1349 4488 Arpis
1373 4397 1454 4464 nibil
