3254 5034
250 333 293 397 62
791 346 892 395 ranis.

246 517 489 604 scripsisse
528 516 699 603 pertineat.
753 516 873 583 Verum
908 534 944 581 ee
980 524 1029 583 est
1063 511 1233 579 verborum
1269 509 1437 598 dispositio

247 634 284 690 ut
310 623 349 691 ad
374 623 433 689 lroc
458 622 582 688 retraln
607 632 755 708 nequeat.
788 622 940 708 Suspicor
960 622 1144 689 Ciceronem
1168 619 1353 704 scripsisse:
1376 637 1437 684 ne·

245 749 322 815 que
368 738 405 795 te
443 730 685 815 scripsisse
719 736 968 807 nequiquam,
1014 745 1148 813 neque
1186 743 1436 812 quemquam

246 843 412 901 tuorum
437 834 603 901 frustra
628 835 674 900 ad
700 854 758 900 me
781 832 1005 901 detulisse.

296 1046 343 1113 nd
369 1047 459 1112 Fam.
487 1047 524 1112 t.
550 1048 608 1134 llp,
638 1052 697 1123 12,
723 1051 752 1111 4.

292 1152 403 1218 Cicero
422 1172 440 1217 a
462 1154 625 1238 perpetuis
642 1151 770 1217 illorum
791 1158 972 1236 temporum
995 1149 1157 1227 historiis,
1180 1169 1260 1236 quas
1279 1147 1439 1215 Lucceius

248 1259 452 1333 instituerat,
487 1279 537 1323 res
569 1278 644 1324 suas
676 1260 801 1342 seiungi
828 1265 924 1342 atque
950 1259 1079 1344 proprio
1105 1257 1267 1322 volumine
1292 1273 1439 1342 compre-

249 1362 344 1428 liendi
370 1363 529 1449 cupiebat.
562 1364 674 1450 ltaque
700 1364 900 1429 demonstrat
924 1383 1022 1449 quarn
1048 1363 1248 1429 luculentum
1273 1362 1314 1428 sit
1338 1381 1437 1447 argu·

248 1480 393 1536 mentum
416 1469 455 1535 nd
480 1469 616 1556 gloriam
641 1479 670 1535 et
693 1470 883 1556 dignitatem
904 1471 1089 1556 scriptoris:
1116 1470 1153 1534 in
1186 1487 1283 1555 quo,
1316 1469 1438 1554 inquit,

247 1585 286 1642 et
313 1575 387 1641 illa
415 1582 585 1662 poteris
615 1578 677 1641 uti
707 1576 898 1641 civilium
921 1575 1437 1642 commutationumscien·

247 1682 325 1760 tia,
358 1680 420 1748 vel
454 1684 491 1747 in
524 1681 791 1769 explicandis
815 1683 1112 1749 causisrerum
1137 1678 1438 1758 novarum,uel

246 1788 286 1852 in
318 1787 517 1854 remediis
550 1787 911 1855 incommodorum.
966 1788 1077 1854 llanca
1115 1795 1147 1853 et
1177 1786 1293 1852 mutila
1321 1787 1435 1853 oratio.

248 1893 326 1959 Nam
348 1894 375 1958 si
397 1894 637 1979 explicandi
660 1893 791 1959 verbum
814 1894 984 1977 utriusque
999 1893 1134 1959 membri
1148 1903 1435 1971 communeesset,

247 2009 335 2066 certe
360 2000 392 2063 in
418 1998 518 2065 altero
543 2002 582 2065 iu
607 1999 743 2065 abesset.
778 2000 811 2064 Si
837 2000 946 2065 dicero
966 2001 1097 2086 scripsit
1118 2001 1156 2065 in
1178 2006 1437 2077 expressionum

246 2102 473 2184 remediis,
506 2104 640 2172 verbum
672 2106 705 2170 in
739 2103 798 2170 hac
825 2105 991 2172 vicinitate
1015 2105 1187 2172 scribentis
1210 2105 1319 2172 oculos
1343 2103 1437 2172 lacile

246 2210 356 2277 fallere
382 2210 496 2296 potuit.

294 2420 342 2489 ml
367 2421 458 2487 Fam.
486 2421 554 2489 vll.
579 2422 639 2508 Ep.
668 2426 704 2499 d,
730 2426 761 2486 t.

293 2528 345 2594 lle
375 2529 504 2593 Bursa
533 2536 571 2594 te
596 2527 780 2613 gaudere
802 2539 917 2595 certo
941 2529 1044 2603 scio:
1070 2527 1139 2595 sed
1172 2529 1297 2594 nimis
1328 2548 1437 2596 vere·

248 2634 381 2700 eunde
416 2632 517 2698 mihi
552 2633 798 2718 gratularis,
860 2635 984 2701 l'utas
1019 2636 1150 2712 enim,
1188 2646 1230 2701 ut
1263 2634 1437 2713 scribis,

249 2747 422 2827 propter
456 2738 636 2804 hominis
668 2739 815 2805 sordes
850 2744 984 2806 rninus
1018 2761 1076 2807 me
1108 2760 1291 2826 magnam
1324 2740 1436 2807 illam

247 2846 457 2911 laetitiam
483 2855 643 2931 putare.
693 2845 845 2911 Credas
874 2847 971 2911 urilii
997 2847 1117 2913 velim
1145 2847 1275 2932 magis
1300 2867 1357 2914 me
1382 2848 1438 2913 in-

249 2951 361 3018 dicio
394 2948 466 3015 lioc
493 2971 609 3036 quam
643 2962 773 3017 morte
806 2952 970 3019 inimici
997 2952 1208 3019 laetatum.
1259 2953 1437 3020 Primum

249 3058 356 3124 enim
389 3055 551 3122 iudicio
582 3058 687 3122 rnalo
718 3077 834 3144 quam
862 3057 1020 3143 gladio,
1046 3059 1194 3125 deinde
1218 3058 1353 3144 gloria
1377 3081 1438 3146 po·

248 3165 335 3229 tius
356 3164 480 3228 amici
501 3184 619 3249 quam
639 3163 897 3243 calamitate3
920 3202 963 3214 -
984 3173 1191 3252 postremo
1211 3165 1438 3232 -oderam

250 3269 380 3335 multo
408 3271 527 3354 peius
553 3270 676 3346 hunc,
703 3290 817 3356 qnam
845 3269 961 3336 illum
988 3271 1123 3358 ipsum
1148 3270 1345 3337 Clodium.
1393 3272 1438 3338 ll-

249 3376 329 3441 lum
356 3376 461 3440 enim
488 3395 789 3462 oppugnaram,
815 3376 922 3442 hunc
946 3375 1224 3443 defenderam
1249 3386 1310 3443 etc.

296 3480 409 3548 Omnia
441 3480 528 3546 clara
561 3490 592 3546 et
625 3481 775 3547 illustria
825 3483 980 3547 inimicus
1004 3502 1117 3567 quom,
1142 3481 1225 3567 quod
1251 3484 1360 3548 minus
1384 3502 1438 3548 ve·

250 3587 305 3662 lit,
340 3585 472 3651 sustulit
507 3585 634 3672 gladius
670 3607 744 3653 cum
782 3587 965 3654 solennitate
997 3589 1114 3665 amici,
1149 3587 1295 3664 Clodium
1325 3608 1438 3675 quem,

250 3692 333 3779 quod
367 3691 473 3771 malit,
505 3693 662 3759 iudicium
694 3713 768 3758 cum
801 3693 900 3779 gloria
925 3695 1042 3773 arnici,
1076 3695 1187 3761 Bursa.
1237 3695 1342 3781 Atque
1365 3696 1438 3760 noni

250 3801 429 3866 amicornm
450 3798 588 3865 alterum
610 3819 683 3865 eum
705 3801 798 3864 cuius
819 3800 1035 3866 calamitatem
1057 3800 1169 3874 nollet;
1189 3799 1326 3866 alterum
1348 3820 1437 3878 vero,

251 3909 344 3973 cuius
378 3905 468 3971 rotulit
499 3906 635 3991 gloriam
660 3925 779 3992 quaero
808 3926 911 3992 neque
945 3907 1089 3977 invenio,
1124 3926 1226 3992 neque
1250 3905 1330 3972 adeo
1354 3908 1439 3973 inter

252 4011 403 4078 mortales
435 4011 533 4077 luisse
564 4013 721 4097 suspicor.
770 4012 895 4078 illenim
930 4013 1064 4098 gloriam
1091 4013 1211 4098 reperit
1235 4033 1273 4077 ex
1300 4011 1438 4089 iudicio,

250 4138 314 4206 quo
345 4137 420 4182 reus
449 4119 492 4182 sit
523 4118 772 4192 condemnatus,
806 4120 835 4184 is
864 4120 919 4206 qui
948 4119 1124 4184 accusavit.
1174 4119 1270 4204 Atqui
1300 4118 1437 4185 Bursam

251 4226 283 4290 in
322 4221 477 4287 iudicium
514 4226 639 4288 vocavit
674 4234 705 4290 ct
741 4224 906 4291 damnavit
940 4226 1008 4309 ipse
1038 4224 1159 4290 Cicero.
1214 4223 1245 4289 ls
1276 4243 1352 4309 ergo
1386 4224 1438 4290 irio

250 4329 289 4396 de
314 4347 371 4393 sua
398 4346 459 4392 non
483 4326 523 4393 do
547 4330 661 4394 incerti
686 4330 854 4396 cniusdam
880 4332 976 4397 amici
1003 4330 1105 4415 gloria
1131 4331 1294 4416 cogitarit.
1331 4328 1437 4417 Scrip-

251 4437 333 4501 sisse
356 4432 484 4499 videtur
508 4433 658 4502 deiude
682 4428 816 4524 gloria
837 4447 992 4517 propria
1013 4438 1293 4524 potiusquam
1315 4436 1438 4503 amici
