3330 5012
279 339 344 403 302
683 354 843 402 mersores
866 355 1062 403 assensisse.

275 521 372 588 tostos
391 521 490 598 omit,
508 520 642 607 periode
663 542 701 587 ee
720 521 882 608 ptabtieam
903 524 1111 590 ministerium
1133 542 1231 611 operas
1249 542 1374 591 mmma
1391 543 1464 591 eam

275 626 402 694 boeotia
424 626 574 712 sareptis
598 627 730 693 ausibus
751 629 786 693 ia
809 626 1017 696 Siciliam...
1038 628 1222 715 penetrarit.

321 729 520 798 Saturninus
554 730 608 799 ille
644 751 740 799 nares
774 731 996 819 corripiendo,
1032 734 1125 820 qussi
1157 730 1323 817 pubiicum
1354 741 1465 819 ageret

276 837 513 914 ministerium,
537 856 601 904 non
624 845 691 907 tam
715 838 853 905 lieenter
875 837 971 904 eredo
993 858 1090 925 quam
1115 836 1314 904 confidenter
1337 857 1371 904 se
1394 858 1466 925 pes·

275 943 333 1010 sit.
380 941 597 1024 Quamobrem
623 962 681 1030 pro
703 942 902 1009 mmtioerrtia
923 942 1047 1009 susibus
1070 961 1189 1029 quaeso
1211 942 1413 1031 rossidmtia

323 1052 364 1125 7,
390 1053 428 1124 d,
451 1052 482 1113 2.
517 1047 689 1134 Postquam
714 1048 878 1126 narravit,
903 1048 938 1114 P.
963 1046 1131 1125 Nasicam,
1161 1064 1237 1115 eum
1268 1045 1464 1113 aedilitatem

275 1150 424 1219 curulem
457 1159 602 1239 peteret,
633 1170 831 1238 manumque
853 1151 1024 1219 cuiusdam
1049 1154 1172 1219 rustico
1195 1168 1291 1239 opere
1314 1150 1465 1217 duratam

277 1256 557 1346 apprehendisset.
580 1257 642 1324 ioei
666 1257 772 1343 gratia
796 1256 887 1324 ilium
912 1257 1132 1342 interrogasse
1153 1276 1195 1323 au
1221 1253 1371 1322 manibus
1392 1254 1466 1322 soli·

278 1372 334 1429 tus
350 1369 436 1430 esset
453 1360 638 1440 ambulare,
657 1360 810 1450 deioeeps
824 1360 917 1428 addit
936 1360 997 1427 boa
1013 1359 1138 1428 dietum
1159 1361 1302 1448 Seipioni
1320 1359 1467 1448 repulsae

276 1486 409 1536 seusam
433 1466 592 1534 attulisse.
629 1468 712 1534 Turn
736 1486 813 1533 vero
837 1466 909 1533 finit
932 1467 1151 1533 narrationem
1176 1465 1227 1532 bis
1250 1464 1377 1532 verbis:
1400 1466 1467 1554 ipi-

276 1583 330 1640 tar
353 1573 463 1641 oioitas
491 1582 599 1639 austra
627 1572 784 1639 nobilium
813 1572 959 1638 iaaesam
981 1571 1109 1658 iapeoia
1129 1571 1171 1637 ab
1191 1570 1357 1638 imoimtie
1378 1590 1466 1637 reoo·

275 1678 375 1746 merda
404 1698 535 1765 mopsos
557 1688 587 1744 et
608 1677 704 1744 mites
727 1678 810 1745 eioes
834 1677 930 1765 seat,
962 1675 1208 1763 bmoriburque,
1237 1697 1301 1742 nos
1317 1673 1466 1762 patiam

276 1804 329 1851 eus
351 1784 512 1851 assessis
532 1784 612 1871 peti,
635 1782 774 1850 debitum
795 1784 989 1850 auctoritatis
1008 1781 1130 1868 possim
1152 1780 1275 1847 adierit.

324 1887 433 1955 Nimis
451 1887 508 1954 diu
533 1886 587 1953 bio
610 1887 701 1954 loeus
724 1890 867 1955 intactus
890 1887 1022 1955 relietus
1044 1894 1105 1953 est.
1152 1886 1218 1952 tut
1241 1885 1328 1952 enim
1353 1882 1464 1954 fallor.

279 1999 337 2060 aut
359 1992 508 2060 seurritis
532 1992 727 2080 petulantis,
750 2013 816 2081 quo
836 1992 997 2059 bominem
1023 1990 1097 2057 boni
1119 1989 1204 2077 frugi
1225 1989 1379 2067 laeserat,
1399 1987 1466 2055 Sei·

278 2098 368 2187 pioni
400 2096 548 2185 repulsae
578 2116 677 2164 eausa
700 2096 775 2165 tuit.
822 2099 883 2164 Pro
906 2098 1025 2165 sororis
1047 2096 1149 2183 igitur
1171 2096 1289 2162 saumis
1309 2094 1466 2179 corrigas.

322 2210 364 2281 7,
401 2207 440 2283 6,
477 2207 509 2270 4.
548 2202 580 2269 G.
616 2200 719 2270 Mario
755 2203 809 2269 Co.
833 2202 971 2269 Carbone
991 2200 1170 2268 roasaiibus
1188 2201 1276 2268 eioiii
1295 2200 1376 2267 detio
1395 2220 1468 2266 eum

278 2308 315 2377 d.
339 2308 432 2375 Satta
454 2306 697 2375 dissidentibus.
713 2354 746 2374 ..
779 2316 905 2373 senatos
925 2306 1064 2374 ooosultu
1085 2326 1185 2372 ostrea
1205 2315 1298 2394 atque
1320 2314 1468 2393 arpeateo

276 2413 465 2501 templorum
496 2421 697 2492 moommtu,
729 2433 769 2479 se
790 2411 946 2478 militibus
967 2410 1121 2498 stipendio
1144 2410 1301 2490 deessset,
1333 2410 1468 2495 emtioto

276 2528 370 2586 sart.
386 2565 420 2587 ..
444 2515 514 2583 Noa
527 2564 535 2583 .
550 2564 581 2582 ..
602 2526 733 2603 pmmm
754 2517 997 2604 euaraiptoram
1019 2516 1176 2593 autumas,
1200 2514 1254 2581 sad
1272 2515 1468 2582 materaimne

276 2622 468 2691 necessitatis
490 2621 666 2688 intendente
691 2642 802 2688 mesas
823 2620 876 2687 itti
897 2621 1036 2688 mamito
1058 2621 1168 2687 stilum
1186 2641 1277 2686 suam
1297 2618 1466 2707 impressit.

323 2728 441 2796 Stiium
463 2726 534 2793 Srto
556 2727 740 2813 imprimere
763 2745 841 2793 num
859 2736 948 2793 reete
967 2723 1096 2792 dieatur
1114 2745 1172 2812 pro
1191 2725 1301 2791 Setam
1315 2723 1466 2800 seribere,

276 2833 380 2901 donee
412 2831 558 2918 exemplo
591 2830 836 2918 comprobetur,
872 2850 935 2897 nou
970 2829 1120 2897 dubitare
1155 2849 1288 2917 nequeo.
1344 2828 1469 2896 Stitum

278 2938 426 3005 mutilam
459 2956 567 3003 vocem
598 2956 670 3003 esse
694 2937 842 3023 suspieor
872 2946 906 3004 et
935 2935 1160 3015 decurtatam,
1192 2935 1358 3002 Valerium
1391 2952 1468 3001 sero

278 3044 447 3129 scripsisse
465 3040 621 3125 sigilium.
669 3040 820 3128 Sr'pittam
841 3040 1022 3127 imprimere
1043 3039 1141 3108 alioui
1166 3030 1235 3118 r'ei,
1261 3059 1319 3127 pro
1338 3039 1469 3124 consig-

280 3166 359 3215 nare
382 3167 410 3214 s.
436 3145 607 3231 obsignare
624 3144 766 3233 aliquid,
787 3145 907 3233 tegitur
925 3146 1010 3234 apud
1035 3147 1102 3215 cie.
1128 3143 1227 3214 dead.
1253 3151 1294 3223 2,
1320 3149 1383 3227 26,
1407 3149 1468 3220 863

275 3251 367 3318 curt.
395 3256 433 3329 ὅ,
460 3255 479 3316 't
504 3251 591 3339 (18),
619 3256 673 3318 14.

328 3362 366 3435 7,
389 3359 430 3436 8,
455 3360 486 3423 4.
511 3353 681 3443 Pompeius
708 3354 870 3442 Repiaas.
886 3403 917 3423 ..
949 3376 1020 3422 eam
1043 3364 1223 3422 testamento
1244 3356 1357 3439 fratris
1377 3372 1469 3444 praa·

278 3460 391 3528 setara
421 3469 501 3527 esset
522 3472 552 3527 et
574 3461 617 3527 od
647 3461 876 3550 coaepaeadom
906 3462 1101 3549 iniquitatem
1130 3461 1198 3527 mus
1228 3460 1318 3527 birrus
1346 3460 1469 3527 tabutas

277 3575 530 3634 testamentorum
557 3587 687 3632 suorum
708 3567 743 3631 ia
767 3566 891 3632 comitio
912 3567 1029 3634 iseisos
1047 3566 1154 3632 dubita
1171 3567 1335 3653 turiusque
1350 3564 1470 3632 ordiris

278 3672 421 3738 maxima
442 3672 620 3759 frequentia
642 3674 872 3738 recitasset...
895 3672 1015 3738 eineres
1037 3671 1150 3759 fratris
1172 3671 1291 3758 quietus
1313 3691 1381 3739 essa
1394 3690 1468 3757 pas·

278 3797 334 3843 sas
356 3786 413 3843 est.

326 3882 388 3949 Pro
410 3880 518 3947 tabita
548 3878 692 3946 adbibita
722 3879 937 3947 revocandum
962 3889 1022 3948 est.
1068 3880 1197 3947 Etenim
1220 3887 1351 3967 propter
1374 3897 1468 3967 prae·

279 3986 399 4056 eedem
420 4007 471 4053 ·as
492 4005 631 4073 sequeus
658 3986 712 4052 ad
732 3983 826 4054 iseiie
851 3986 986 4053 interire
1005 3987 1119 4072 potuit.
1157 3985 1299 4053 Verbum
1321 3983 1470 4051 adbibere

279 4091 425 4160 absolute
444 4099 637 4178 usurpatum
659 4110 729 4158 esse
748 4110 805 4178 pro
823 4091 1032 4158 ioemritism
1044 4091 1212 4169 adbibere,
1230 4089 1379 4178 pluribus
1390 4088 1470 4156 loeis

280 4195 410 4284 probari
436 4205 550 4283 potest.
599 4195 647 4267 ct.
672 4198 741 4283 ipse
766 4195 912 4264 Valerius
936 4200 976 4276 9,
1009 4202 1049 4275 5,
1079 4196 1116 4263 n.
1142 4200 1179 4263 2:
1203 4194 1354 4263 adhibitis
1376 4196 1469 4261 Asiae

276 4300 490 4388 principibus·
517 4299 586 4367 Gis.
613 4301 702 4368 Fam.
728 4306 769 4375 4,
793 4305 832 4379 7,
858 4305 894 4377 u;
923 4307 982 4381 11,
1006 4307 1045 4380 ’1,
1073 4307 1108 4375 1;
1132 4299 1245 4369 deun.
1265 4306 1305 4377 b,
1330 4304 1392 4378 20,
1413 4303 1467 4367 80.

326 4411 368 4486 8,
396 4410 455 4484 11,
480 4404 517 4472 Ε.
543 4412 575 4473 5.
600 4404 740 4485 Natura,
765 4426 858 4492 qoem
881 4407 924 4473 ad
948 4407 1074 4475 modam
1098 4428 1188 4494 saepe
1210 4426 1339 4473 rameru
1361 4426 1470 4472 oemu-
