3296 5022
623 375 666 423 so
690 373 956 424 runornnssrou.
987 436 993 443 ¹
1343 350 1385 420 37

187 568 263 614 nem
287 567 414 634 prorsus
437 549 611 612 necessarie
630 545 689 612 ills
707 554 782 612 sunt
800 567 901 632 neque
920 545 1098 612 ullomodo
1118 544 1225 611 sbesse
1240 548 1382 631 possunt.

187 654 237 720 Ex
260 653 432 740 archetypo
459 654 619 719 incertum
647 673 709 738 quo
732 673 807 719 essu
830 661 902 739 post
924 652 1079 732 ἐμβαλεῖν
1102 651 1279 723 versiculus
1300 671 1384 716 uuus

188 759 366 826 intercidit:
1348 752 1354 759 “

481 864 534 931 τὸν
557 863 667 945 χθρτον
691 865 747 930 καί
768 889 822 931 τον
842 864 995 945 κθψαντος

187 992 324 1058 numque
347 974 393 1036 sio
411 969 466 1035 καί
486 994 539 1035 τοο
560 969 714 1051 κθψαντοο
735 971 789 1037 vel
806 971 858 1037 καί
876 971 1030 1052 κθψαντθς
1050 995 1128 1045 τινος
1145 990 1270 1037 neeesse
1288 969 1384 1035 scribi

187 1085 254 1147 est..
291 1077 377 1143 Fieri
400 1098 462 1143 non
483 1080 589 1162 potest
610 1081 649 1142 ut
671 1100 748 1150 τινος
773 1078 825 1144 vel
848 1101 902 1144 τοο
924 1082 1111 1157 omittetur,
1142 1077 1256 1164 siquis
1277 1077 1383 1141 ortium

977 1180 992 1209 0

180 1185 359 1271 ροιθιαοοήθ.

232 1395 313 1462 Ibid.
337 1395 389 1461 καί
413 1396 447 1460 τί
472 1395 613 1477 ἀργύριον
635 1395 668 1459 δὲ
691 1394 779 1475 ιταρά
803 1419 855 1461 τον
879 1396 1055 1476 λαμβάνον
1077 1393 1315 1476 ἀποδοκιμάζειν
1338 1411 1381 1445 -1
1496 1454 1500 1467 ι

186 1504 239 1570 καί
271 1499 370 1583 ἕτερον
396 1501 509 1568 ’ΛΜΛ
541 1500 788 1589 ἀλλάττεσθαι],
834 1502 1069 1570 Permolestum
1092 1509 1141 1569 est
1162 1501 1198 1568 τί
1221 1505 1255 1568 in
1277 1502 1384 1568 verbis

186 1610 222 1676 τθ
246 1608 404 1690 ἀρνύριονε
429 1613 586 1694 expuncto
610 1607 745 1673 ertioulo
768 1628 918 1693 reponam
942 1608 995 1675 καὶ
1019 1610 1188 1691 ἀργυρίδιον
1211 1608 1252 1675 δέ.
1287 1607 1381 1673 Prse

186 1722 273 1782 teres
295 1718 329 1781 in
351 1711 423 1791 άμα
447 1714 665 1780 ἀλλάττεσθαι
697 1734 798 1799 nequo
822 1710 893 1792 άμα
916 1736 1030 1783 senum
1053 1720 1101 1781 est
1122 1735 1223 1801 neque
1245 1712 1382 1799 simplex

188 1819 417 1886 ἀλλάττεσθαι.
466 1819 601 1906 Utrique
631 1818 719 1887 melo
752 1820 930 1886 medeberis
947 1821 1163 1910 soorngendo:
1200 1819 1252 1885 καί
1284 1815 1382 1897 ἕτερον

187 1925 516 1993 ἈΝΤαλλάττετθαλ
567 1923 632 1992 Gur
663 1923 735 2003 άμα
766 1928 809 1991 sit
837 1929 993 1994 vitiosum
1020 1930 1067 1994 rei
1088 1933 1203 1993 nature
1225 1925 1379 1993 declaret:

185 2031 406 2114 ἀποδοκιμάζει
431 2031 494 2112 γάρ
518 2056 565 2104 τις
588 2038 705 2113 πρῶτον
730 2028 782 2097 εἶθ’
807 2029 905 2112 ἕτερον
927 2033 1198 2100 ἀνταλλάττεται.

122 2290 132 2313 ι
200 2243 311 2310 ·Ibid.
336 2245 389 2311 καί
421 2247 465 2317 είς
496 2242 558 2311 άτυ
589 2242 792 2322 καταβαίνων
822 2244 970 2324 ἐρωτῆσαι
997 2244 1048 2310 τὸν
1071 2246 1258 2312 ἀπαντῶντα
1284 2245 1379 2339 τιίοου

179 2348 314 2416 ἯΟΑΝ
344 2352 378 2417 αί
410 2349 548 2432 διφθέραι
579 2349 632 2414 καί
662 2349 698 2414 τί
728 2349 883 2437 τάριχος].
930 2349 1002 2416 Νοιι
1035 2350 1094 2416 hoe
1125 2356 1237 2416 curent
1266 2354 1379 2417 rustici

185 2478 242 2523 neo
264 2458 466 2524 sciscitentur
487 2457 542 2523 sed
564 2455 658 2521 τθοοο
684 2464 808 2521 ΘΙΟΙΝ.
935 2494 940 2505 ·

230 2666 310 2734 Ibid.
344 2669 395 2733 καί
424 2668 449 2732 εί
480 2666 608 2747 σάμερον
631 2666 645 2729 θ
669 2667 755 2744 ἀγὼν
788 2669 950 2744 νουμηνίαν
980 2665 1068 2754 ἀνει]
1095 2688 1152 2753 pro
1175 2668 1261 2746 ἀγών
1283 2669 1377 2733 rideo

186 2774 293 2840 dootos
313 2775 459 2840 homines
480 2771 586 2853 άρχαιν
609 2778 812 2858 reponentes,
837 2774 891 2838 sed
915 2775 961 2838 sio
984 2773 1076 2837 τλίον
1099 2772 1222 2853 θάτερον
1244 2778 1378 2838 τοιοῦοιν

185 2885 218 2945 et
240 2885 360 2969 sugent
390 2879 562 2945 molestius.
609 2877 789 2956 Νουμιρνίαν
816 2877 906 2958 άνειν
929 2884 978 2945 est
1001 2877 1152 2960 ἑορτάζειν
1176 2879 1228 2943 καί
1253 2879 1378 2958 ἀργεῖν,

174 2987 297 3074 feriari
319 2994 352 3053 et
376 3009 462 3071 opere
490 2987 571 3051 οοιαί
600 2987 766 3051 abstinere:
797 2988 810 3052 θ
835 2987 920 3065 ἀράν
942 2985 990 3050 nil
1013 2985 1101 3051 aliud
1123 2982 1301 3074 significare
1323 3005 1377 3071 po

184 3098 247 3159 test
266 3114 362 3179 quom
392 3095 487 3158 ίιαθοο.
534 3093 666 3175 Quaerit
696 3093 799 3182 igitur
821 3093 918 3160 homo
940 3095 1079 3157 rustious
1100 3094 1260 3157 rusticano
1280 3092 1377 3157 verbo

183 3222 223 3263 αιι
245 3200 325 3263 nolli
346 3201 414 3264 tadi
435 3201 523 3266 θοάίο
543 3207 673 3283 οραοιίιοτ
694 3200 728 3264 in
757 3199 840 3264 Urbe.

227 3411 280 3476 καί
311 3412 408 3477 είτεῑν
437 3409 483 3477 ὅτι
513 3413 600 3487 εὐθὺς
624 3412 774 3491 βούλεται
800 3412 952 3489 καταβάς
976 3410 1227 3500 άτοκείραοθαι].
1273 3411 1377 3479 Verbo

181 3522 256 3581 sunt
278 3520 468 3605 transpositu
488 3525 613 3604 praeter
635 3521 681 3584 rei
704 3524 853 3583 naturum
877 3523 909 3583 et
931 3516 1056 3583 dicendi
1077 3538 1183 3582 usum.
1230 3516 1377 3609 Restitue

180 3627 312 3689 naturae
333 3624 477 3690 ordinem
498 3626 543 3689 sio
565 3630 604 3689 ut
622 3624 756 3690 scribes:
782 3621 828 3689 ὅτι
849 3622 1000 3702 βούλεται
1021 3622 1106 3694 εὐθὺς
1128 3621 1277 3700 καταβάς
1299 3625 1373 3688 ἀτο·

181 3730 349 3811 κείρασθαι.
397 3730 518 3796 Eodem
537 3730 634 3796 modo
656 3724 803 3795 dicebant
825 3729 912 3798 εὐθὺς
936 3726 1116 3807 γενόμενος,
1140 3728 1227 3801 εὐθὺς
1251 3729 1317 3794 ίδάν
1341 3736 1373 3795 et

181 3838 254 3900 sim.
277 3836 388 3923 pluro,
412 3858 492 3923 quse
514 3836 611 3904 verbo
634 3834 738 3902 slieno
760 3837 945 3921 interposito
969 3835 1079 3900 dirimi
1102 3856 1163 3900 non
1185 3841 1325 3920 possunt.

227 4049 309 4116 Ibid.
332 4050 398 4116 sai*
416 4056 472 4123 τῆς
495 4051 593 4124 αὐτῆς
617 4048 683 4114 teat
708 4048 820 4126 παριὼν
844 4046 1031 4125 κομίσασθαι
1056 4050 1128 4126 παρ’
1150 4047 1279 4130 Ἀρχίου
1300 4049 1370 4122 τοὺς

181 4155 357 4244 ταρίχους].
407 4154 480 4222 Duo
508 4154 562 4220 hio
590 4155 736 4219 homines
766 4151 866 4218 simul
894 4151 1085 4238 loquuntur:
1118 4151 1371 4240 Theophrastus,

182 4267 239 4350 qui
267 4263 347 4329 dicit
375 4261 515 4329 ἀττικιτί
543 4266 576 4326 et
604 4265 737 4328 venuste
766 4267 820 4335 τῆς
851 4260 948 4335 αὐτῆς
974 4258 1057 4338 itui,
1093 4264 1125 4325 et
1146 4258 1245 4325 lector
1266 4264 1372 4328 neseio

181 4373 254 4457 quis
276 4372 332 4456 qui
355 4370 446 4435 docet
468 4388 505 4434 eu
525 4368 623 4434 verbe
645 4367 733 4432 idem
754 4363 932 4453 significare
955 4370 1049 4451 etque
1073 4366 1196 4447 ταριιίο.
1243 4366 1374 4434 Poterat

182 4482 216 4542 et
237 4478 266 4540 ίν
292 4475 412 4556 nepote
435 4474 509 4539 dore
533 4478 589 4538 sut
610 4473 677 4538 ὀδοῦ
701 4471 867 4553 τάριρνονε
897 4494 1034 4560 nomque
1056 4476 1164 4539 omniu
1184 4474 1262 4539 haee
1285 4476 1374 4542 ἀττι-
