3330 5012
287 389 352 453 516
477 464 485 480 .
682 403 918 451 onsunmrmnrs
941 404 1074 452 coruunt

284 595 332 638 νον
362 570 614 653 ἀπηνέχθην,
647 569 732 638 unde
762 573 788 638 si
814 572 886 658 quis
908 570 1082 639 contendat
1105 572 1373 660 praepositionem
1399 590 1469 639 esse

285 673 498 754 serrandum,
529 694 591 740 non
622 670 744 761 magno
767 696 863 763 opere
897 675 1099 764 repugnabo,
1131 676 1187 743 sed
1219 676 1381 759 ἀπηνέχθη
1413 695 1471 762 pro

284 781 415 863 ἀπήχθη
439 788 546 847 tamen
571 782 790 847 necessarium
814 782 887 846 erit.
936 780 1017 848 Vide
1038 780 1192 848 Cobetum
1216 781 1256 847 ad
1287 780 1470 847 Phitostrat.

285 910 323 952 τ.
347 910 439 966 ηνμνΔ
475 905 507 971 p.
532 888 585 951 26.
631 884 756 951 Certior
784 894 834 951 est
858 885 1017 953 medicina
1048 887 1080 951 in
1112 885 1212 972 Longi
1238 884 1473 961 Pastoraiibus‚

285 989 371 1076 apud
395 1008 491 1077 quem
514 987 635 1074 iegitur
659 1009 690 1075 p.
712 993 788 1056 281.
811 993 832 1056 8
855 990 966 1072 λάβρον
989 993 1045 1070 μέν
1068 993 1094 1057 oi
1116 991 1279 1072 χεέμαρρον
1298 990 1472 1072 κατέρρεον,

287 1095 440 1175 έπετημεν
459 1093 491 1160 δέ
509 1093 701 1176 κρέςαλλος,
725 1095 768 1161 τά
787 1094 891 1176 δένδρα
911 1092 995 1177 doinst
1014 1096 1355 1173 κατακλωμένους.
1389 1095 1472 1162 Con·

288 1199 408 1269 rierius
438 1197 574 1266 barbare
595 1197 697 1266 edidit
719 1200 978 1282 καταχωμένννς,
1011 1219 1108 1286 quam
1145 1220 1254 1266 rocem
1289 1198 1472 1267 Herodorus

287 1313 524 1372 monstruosam
549 1322 619 1370 esse
641 1304 834 1391 pronunciat
854 1324 914 1370 neo
937 1313 1045 1372 tannen
1063 1303 1165 1371 mutto
1184 1304 1301 1373 metius
1319 1313 1369 1371 est
1387 1303 1472 1390 quod

287 1408 402 1477 neribit
423 1410 493 1496 ipse
515 1408 852 1489 κατετκνλετενμένονς.
905 1407 1051 1476 Urtotnre
1065 1421 1115 1478 est
1136 1410 1302 1476 ἀτνκάενν·
1324 1410 1371 1476 sie
1386 1408 1472 1497 apud

287 1512 529 1602 Xenophontem
551 1515 584 1580 in
602 1512 741 1581 Anabasi
758 1513 813 1581 lV.
839 1519 871 1595 d.
897 1517 916 1580 3
943 1514 1058 1580 Boreas
1076 1514 1211 1581 ἀτνκάεν
1229 1514 1355 1592 πάντας
1380 1514 1472 1593 aiibi,

289 1620 362 1687 Vii.
386 1618 478 1698 Η,
512 1625 571 1685 τῶν
602 1621 759 1696 Ἑλλήνων
784 1624 908 1684 πολλῶν
938 1618 991 1684 καὶ
1022 1621 1098 1701 ῥῖνες
1122 1618 1296 1687 ἀπεκαίοντο
1319 1619 1372 1686 καὶ
1396 1615 1471 1685 ἀπα.

290 1723 383 1811 Apud
413 1723 558 1811 Longum
590 1724 696 1811 ipsum
728 1742 760 1810 p.
783 1726 859 1790 289.
893 1728 912 1789 έ
941 1723 1024 1806 αὔρα
1053 1721 1169 1805 βόρειος
1199 1724 1323 1790 ἀτέκαε
1350 1723 1471 1791 πάντα.

288 1829 401 1916 ltaque
424 1837 558 1916 apparet
585 1828 655 1894 loeo
685 1827 814 1895 laudato
844 1847 951 1894 veram
984 1848 1053 1895 esse
1084 1829 1280 1915 scripturam
1303 1830 1472 1895 ἀτνκαο·

287 1934 433 2013 μένους.
482 1932 566 2000 Alibi
587 1930 672 2019 apud
696 1933 839 2019 Longum
865 1932 1109 1999 confunduntur
1131 1935 1318 2000 tornodoro
1341 1942 1374 2001 et
1395 1957 1473 2000 κοντ-

288 2038 437 2106 ελαένενν.
484 2037 582 2104 Reate
613 2058 647 2124 p.
675 2042 754 2105 282.
788 2043 828 2104 18
858 2037 1001 2124 Daphnis
1028 2047 1061 2104 et
1097 2035 1195 2105 chloe
1217 2057 1293 2106 enm
1319 2036 1473 2126 advespe-

288 2145 403 2223 rascit,
427 2162 559 2229 gregem
579 2141 711 2208 domum
734 2141 890 2209 dieuntnr
913 2142 1114 2221 ἀπελαύνων,
1138 2142 1363 2210 simulantem
1388 2143 1473 2211 τυνέ·

288 2252 370 2315 έεντο
393 2249 504 2316 έάττον
526 2247 586 2322 τάς
609 2245 733 2325 ἀγέλας
756 2254 811 2323 τῆς
826 2248 968 2323 ε’ποούοης
985 2246 1174 2314 κατελάοαν.
1207 2248 1334 2315 Pariter
1353 2270 1384 2337 p.
1395 2252 1473 2328 263,

291 2359 331 2420 12
344 2353 537 2430 κατήλαυνον
549 2353 609 2428 τάς
621 2351 745 2431 ἀγέλας
764 2353 795 2427 ές
812 2354 848 2418 τὸ
871 2352 972 2420 rom
995 2360 1027 2420 et
1051 2373 1081 2440 p.
1095 2356 1172 2421 aas.
1194 2356 1214 2419 6
1237 2354 1281 2427 εὶς
1296 2354 1352 2429 την
1369 2356 1475 2433 πηγήν

287 2468 319 2526 et
343 2479 373 2547 p.
394 2462 473 2527 tm.
506 2462 544 2524 rt
582 2457 755 2534 ἀπήλασαν
778 2457 838 2532 τάς
860 2457 983 2537 ἀγέλας
1011 2456 1123 2524 οἴκαδε.
1171 2456 1233 2525 Sed
1258 2459 1386 2546 probari
1410 2479 1473 2527 non

288 2563 382 2632 debet
405 2584 437 2651 p.
453 2567 530 2645 nto.
550 2567 570 2630 8
594 2563 654 2636 τάς
676 2563 860 2645 θρασυτέρας
883 2569 942 2628 τῶν
964 2564 1063 2641 αἱρῶν
1084 2564 1148 2630 ἀπὸ
1169 2569 1228 2629 τῶν
1251 2570 1387 2645 κρημνῶν
1411 2589 1475 2631 κα·

288 2673 505 2748 τηλαυνεν,
538 2687 611 2735 narn
642 2666 821 2755 Daphnidis
857 2669 888 2733 in
921 2669 1059 2753 gratiam
1092 2665 1187 2733 Chios
1218 2670 1473 2745 ἀπήλαυνεν.

287 2774 381 2841 Nono
404 2793 499 2841 nemo
522 2793 585 2839 non
610 2771 782 2858 intettiget,
803 2770 889 2838 unde
912 2772 954 2837 sit
976 2771 1092 2838 vitium
1116 2782 1227 2838 natum
1250 2781 1283 2840 et
1306 2762 1383 2860 quid
1410 2793 1474 2841 res·

288 2878 478 2946 eribendum
510 2878 554 2945 sit
583 2876 668 2965 apud
700 2876 939 2944 Aristaenetum
964 2896 994 2963 p.
1019 2882 1078 2955 tt,
1104 2878 1159 2963 qui
1183 2875 1302 2944 iontem
1328 2876 1474 2964 depingit

289 2986 383 3050 onius
405 3002 489 3070 aqua
513 2982 591 3050 adeo
614 2992 684 3050 erat
716 2980 848 3067 limpida
871 2979 943 3058 der,
969 2981 1093 3068 inquit,
1118 2979 1207 3048 ἀπαν
1230 2985 1473 3066 renumerante

289 3088 696 3171 ἀποκαταφαένεοέαν
719 3088 831 3167 μέλος,
857 3107 930 3154 nam
950 3088 1081 3153 omuino
1101 3089 1181 3155 satis
1203 3094 1253 3154 est
1276 3090 1473 3172 καταφαέ·

290 3196 438 3261 vertar.
485 3191 605 3259 Eadem
638 3201 688 3259 est
718 3192 936 3280 dittographia
968 3192 1001 3258 in
1032 3192 1185 3280 Dionysio
1214 3191 1472 3261 Hatimrnasensi

289 3299 330 3366 ΙΙ.
344 3303 386 3365 tr
404 3296 468 3364 riri
487 3298 665 3380 καέυψηλοῦ
684 3299 812 3380 nuptio,
832 3296 887 3364 sed
906 3296 1059 3365 merrdum
1076 3296 1203 3384 jamdiu
1218 3305 1472 3365 eormetumest.

333 3403 440 3491 Supra
462 3399 529 3468 diri
553 3422 586 3489 p.
600 3406 664 3469 tao
681 3401 766 3489 apud
791 3399 995 3469 Heliodorum
1016 3422 1046 3489 p.
1060 3406 1136 3469 229.
1163 3405 1205 3469 aa
1228 3421 1286 3488 pro
1308 3403 1472 3481 ἀτενεν·

289 3508 440 3588 καμένη
493 3505 712 3594 reponendum
753 3527 824 3573 esse
869 3505 1198 3587 detorquentium
1236 3505 1321 3574 idem
1356 3505 1472 3574 vitium

286 3609 514 3699 corrigendum
540 3615 899 3699 superinponere,
923 3610 977 3678 ubi
997 3612 1037 3679 de
1056 3610 1187 3679 cohorte
1203 3610 1342 3698 quadam
1366 3630 1473 3679 sermo

285 3730 354 3798 est,
378 3734 460 3804 quae
484 3719 555 3783 κατ’
577 3715 659 3784 ἀλλο
682 3717 772 3798 μέρος
795 3716 929 3797 ἀπέβη
953 3726 1008 3793 τῆς
1032 3717 1138 3793 riorum
1162 3714 1218 3783 sed
1241 3735 1376 3803 prorsus
1399 3734 1473 3783 eon·

288 3821 426 3892 trarium
458 3829 614 3889 narratur
647 3829 680 3889 et
709 3819 828 3887 mitites
858 3822 890 3887 in
923 3821 1062 3889 insulam
1086 3821 1283 3888 invasionem
1307 3820 1469 3889 fererant:

287 3931 397 4015 itaque
421 3926 611 3994 Heiiodurus
629 3927 805 4013 scripserat
827 3925 959 4005 έτέβη,
1005 3925 1120 3993 itidem
1144 3946 1183 3993 ex
1207 3925 1471 4014 compendiorum

288 4054 350 4103 usn
376 4041 486 4120 repeto
508 4031 727 4099 contusionem
759 4032 1032 4118 praepositionum
1056 4032 1120 4097 dri
1139 4040 1172 4098 et
1193 4031 1252 4099 ὑτά
1276 4051 1305 4117 p.
1327 4035 1403 4098 247.
1429 4033 1471 4096 12

287 4139 427 4220 καέάπερ
446 4139 522 4206 ἀπὸ
542 4137 703 4217 ὕσπληγος
719 4146 774 4212 τῆς
792 4138 869 4216 βοῆς
886 4135 1150 4220 ἀπεσφενδένητο;
1163 4136 1239 4222 quia
1259 4155 1352 4203 nemo
1368 4143 1473 4222 potest

287 4246 352 4311 ἀπο
375 4250 430 4317 ris
463 4243 538 4321 βοῆς
568 4242 874 4326 ἀποοφενδονάοέαν,
907 4242 1085 4309 necessaria
1110 4248 1159 4308 est
1184 4241 1377 4327 praepositio
1400 4238 1469 4306 tot.

285 4347 407 4416 Eadem
430 4347 589 4414 medicina
613 4356 701 4417 reete
725 4355 856 4413 utemur
879 4367 909 4433 p.
926 4351 1003 4413 272.
1017 4350 1080 4423 44,
1105 4344 1158 4412 ubi
1184 4343 1338 4412 Gaiasiris
1359 4343 1470 4411 draeo·

287 4473 344 4523 nes
373 4450 529 4522 describit
563 4452 594 4519 iu
631 4469 710 4520 zoua
741 4449 925 4551 Charioieae
957 4452 1037 4534 ὑγρῷ
1070 4452 1192 4532 κώματι
1225 4449 1471 4534 ἀναρροομένους,
