3276 5006
282 325 325 391 60
710 341 754 388 λυ
777 338 1041 389 rmornmsruu.

283 511 378 578 ὕπνου
409 517 524 590 λαχεῖν
555 508 653 575 simul
682 512 869 595 exquisitior
901 505 997 578 lectio
1032 515 1079 575 est
1109 513 1142 575 et
1175 508 1326 597 milgetee
1356 509 1472 587 λαβεῖν

282 620 418 703 propior.
464 615 580 681 Ὕπνου
603 614 781 696 λαγχάνειν
809 614 993 698 saepissime
1015 616 1145 703 legitur.
1168 613 1286 680 Herod.
1310 613 1368 679 III.
1394 613 1470 678 130.

283 720 377 789 ὕπνου
400 746 452 799 μιν
476 720 655 800 λαγχάνειν
678 721 785 785 ἐποίεε.
833 720 927 786 Plato
949 723 986 784 dc
1008 721 1135 801 lepidae
1158 740 1231 807 pag.
1257 717 1320 786 791
1345 738 1377 784 κ.
1400 718 1471 790 τοὺς

282 826 339 905 μὲν
370 824 462 891 ὕπνου
491 825 670 906 λαγχάνειν
700 833 798 902 ποιεῖ,
830 826 888 890 ubi
917 823 1098 891 Stellbsum
1126 828 1256 911 apponit
1278 845 1316 889 ex
1339 824 1472 888 Ancdacc‘

282 931 339 997 III.
365 931 395 996 1.
418 931 470 996 ll.
495 932 600 1009 μικρὸν
622 931 654 997 δὲ
678 927 769 996 ὕπνου
792 930 902 1010 λαχὼν
925 926 1002 995 εῖδει
1025 930 1102 1009 ὄναρ.
1139 926 1289 995 Cratinus
1312 931 1346 993 in
1369 927 1471 993 Bekk.

282 1035 399 1102 Anecd.
423 1055 497 1122 pag.
523 1033 605 1114 358,
632 1035 663 1101 2.
1167 1050 1172 1063 “

463 1140 496 1204 οὕ
520 1146 603 1204 σῖτον
627 1137 736 1218 ὕοασῖ
759 1141 819 1221 οὐχ
843 1137 935 1206 ὕπνου
959 1132 1084 1222 λαχεῖν
1098 1140 1199 1220 μέρος.

283 1250 315 1310 et
333 1246 463 1330 passim.
510 1251 539 1307 T
543 1244 694 1323 νγχοὶνειν
721 1241 814 1309 ὕπνου
837 1245 1063 1329 Aristophanes
1085 1244 1182 1310 hebet
1205 1244 1335 1308 Αοδονιι.
1361 1240 1437 1308 713.

408 1352 459 1413 νῦν
482 1348 509 1414 δ’
533 1349 635 1422 ἐπειδη
658 1348 728 1420 τοὺς
750 1348 896 1430 γέροντας
920 1351 974 1413 οὐκ
995 1350 1059 1414 ἐᾶθ’
1084 1347 1176 1415 ὕπνου
1200 1355 1319 1428 τυχεῖν.

284 1459 317 1517 et
339 1473 453 1519 avarus
476 1453 560 1539 apud
581 1454 815 1520 Menandrum:

441 1557 594 1624 τάλαντον
620 1561 637 1634 ἡ
661 1555 758 1638 προῖξ.
782 1561 827 1636 μη
851 1556 963 1637 λαβυς
988 1557 1041 1641 ζεῖν
1065 1558 1092 1624 δ’
1117 1556 1161 1627 ἔτι
1185 1582 1238 1637 μοι

442 1661 597 1728 τάλαντον
619 1662 804 1743 ὕπεριδόντις
829 1660 979 1741 τεύξομαι
1004 1662 1031 1728 δ’
1057 1660 1149 1729 ὕπνου

443 1768 624 1847 ποοὲμενοςς
648 1770 682 1832 οὐ
706 1769 788 1834 δώσοι
811 1769 843 1834 δὲ
866 1770 924 1833 κεῖν
945 1766 1050 1834 ’Λιδου
1073 1768 1157 1844 δίκην

441 1875 480 1945 οῖς
506 1872 663 1949 ἠσεβηκὼς
687 1873 729 1945 εἷς
753 1872 908 1937 τάλαντον
930 1874 1076 1955 χονσῖους

285 1983 318 2042 et
346 1976 464 2042 habent
494 1996 586 2060 saepe
616 1974 690 2053 alii,
722 1976 777 2041 sed
808 1974 900 2042 ὕπνου
928 1986 1042 2045 λαΒεῖν
1071 1998 1173 2063 neque
1200 1976 1283 2042 dixit
1306 1979 1475 2063 quiequam

284 2101 342 2146 nec
364 2083 470 2166 potuit
495 2079 607 2145 dicere.

331 2289 412 2354 Ibid.
436 2289 489 2354 καῖ
515 2289 685 2367 διηγεῖσθαι
708 2293 747 2363 ιῦς
771 2290 964 2365 κινδυνεύσας
987 2290 1041 2357 ἕνα
1064 2292 1193 2358 σέσυκλ
1212 2297 1270 2358 τοῖν
1289 2290 1399 2372 Φίλαν.
1422 2290 1475 2354 καῖ

287 2396 426 2472 εῖσοῖγειν
461 2394 533 2473 πρὸς
564 2397 616 2460 τὸν
647 2398 869 2472 κατακείμενον
901 2397 1119 2477 ΟΚεψομένους
1151 2396 1222 2469 τοὺς
1253 2394 1390 2476 δημότας
1422 2396 1476 2459 καὶ

286 2500 356 2572 τοὺς
379 2497 552 2584 φυλέτας]
591 2499 663 2564 Non
685 2502 752 2585 ipsc
774 2500 905 2586 loquens
926 2503 1107 2581 inducitur,
1132 2503 1339 2589 quamobrem
1361 2520 1475 2585 repone

286 2602 340 2670 ἕνα
362 2603 488 2670 σέσωκε
511 2609 570 2670 τῶν
592 2604 703 2685 φίλων.
749 2604 787 2670 ln
809 2627 875 2692 sqq.
899 2609 995 2692 periit
1017 2610 1207 2694 praepositio
1226 2626 1353 2693 prorsus
1372 2625 1476 2670 neces

286 2714 369 2777 saria
390 2716 422 2777 et
444 2710 678 2776 emendandum
707 2711 759 2776 καὶ
791 2711 928 2790 εἰσάγειν
952 2750 995 2761 -
1019 2712 1309 2792 ἘΠΙσκεψομένους
1331 2710 1401 2782 τοὺς
1424 2709 1475 2783 δη·

283 2814 396 2895 μάτας.
444 2814 524 2882 Toto
555 2815 641 2880 coelo
671 2819 754 2881 inter
784 2837 817 2882 se
840 2817 965 2883 diversa
995 2822 1071 2882 sunt
1093 2819 1272 2883 σκοπεῖσθαι
1296 2821 1329 2882 et
1351 2817 1475 2880 ἐπισκο-

283 2922 427 2996 πεῖσθαι,
448 2926 480 2985 et
499 2919 589 2986 nullo
606 2927 698 3005 pacto
717 2921 825 2988 locum
843 2925 926 2988 inter
940 2942 973 2987 se
984 2928 1110 2988 mutare
1121 2928 1261 3008 possunt.
1287 2920 1473 2987 Σκοπεῖσῖαι

284 3031 332 3092 est
354 3027 436 3110 epod
458 3025 587 3089 acimum
610 3048 695 3090 εαιιια
717 3028 862 3109 capitote,
892 3028 1071 3109 expendere,
1104 3029 1287 3101 deliberare.
1316 3046 1476 3092 κατασκο-

283 3130 408 3195 πεῖσθαι
437 3131 631 3212 peruicere
661 3138 727 3208 est,
757 3137 789 3195 et
820 3132 1049 3197 ἐπισκοπεῖσθαι
1073 3138 1121 3198 est
1142 3133 1237 3197 ιιιόσνσ
1266 3138 1473 3213 secretam.

282 3232 513 3318 Exemplorum
534 3255 654 3321 magna
675 3241 724 3299 est
744 3236 863 3320 ubique
885 3239 992 3321 copia,
1017 3242 1049 3301 et
1071 3257 1166 3323 supra
1189 3237 1230 3303 ed
1246 3236 1474 3304 Philodemum

283 3337 435 3405 nonnulla
456 3340 660 3423 protulimus.

329 3546 405 3637 (lep.
429 3549 546 3615 XXVI.
567 3550 799 3630 ,Ὀλιγαρχῖας

329 3656 343 3719 δ
368 3655 399 3721 δὲ
434 3654 606 3737 ὕλῖγαοχος
641 3660 772 3728 τοιοῦτος
809 3656 913 3737 (scrib.
945 3660 1077 3730 τοιοῦτός
1112 3658 1172 3742 τις)
1206 3653 1262 3731 οἶος
1292 3661 1346 3721 τοῦ
1377 3657 1474 3733 δήμου

281 3759 468 3840 βουλομένου
491 3760 577 3831 τινας
601 3760 644 3840 τῷ
667 3758 793 3841 ἄρχοντι
818 3763 1049 3841 προαιρησονται
1073 3772 1129 3838 τῆς
1152 3770 1280 3840 πομπῆς
1300 3763 1370 3833 τοὺς
1391 3784 1474 3825 συνε-

282 3865 576 3949 πιμελησομῖνους]
621 3864 698 3929 haec
739 3870 787 3930 est
828 3862 952 3931 Codicis
990 3868 1131 3934 Palatini
1165 3871 1331 3954 scriptura.
1389 3866 1476 3931 Bene

283 3971 487 4038 emendatum
511 3974 559 4035 est
580 3969 823 4048 βουλΕΤομένου
847 3976 879 4036 et
901 3972 1205 4054 ΠΡΟοανρησονται,
1234 3973 1289 4038 sed
1311 3975 1473 4057 praeterea

284 4075 507 4163 corrigendum
528 4074 773 4152 βονλευομένοῒ
804 4084 973 4147 Οῒοτινας
996 4082 1029 4142 et
1051 4077 1279 4165 expungendus
1301 4075 1474 4151 articulus,

283 4185 339 4266 qui
361 4182 537 4245 orationem
560 4178 716 4245 soloecam
739 4181 833 4258 facit,
863 4183 897 4245 in
920 4181 1018 4266 [τοὺς]
1043 4180 1389 4258 συνεπιμελησομένους.
1436 4177 1476 4242 In

284 4286 403 4351 talibus
435 4286 536 4349 Attici
576 4292 756 4351 constanter
788 4289 972 4370 pronomine
1005 4284 1067 4360 ὕςις
1102 4288 1294 4364 utebantur,
1339 4283 1476 4362 πέμπειν

282 4388 427 4470 πρέσβεις
464 4398 587 4464 ΟΙτινες
623 4388 834 4466 διαλέξονται,
871 4391 1018 4469 αἱρεῖσθαι
1058 4401 1180 4467 ΟΙτινες
1212 4388 1473 4470 ἐπιμελήσονται,
