3276 5006
221 337 227 348 ¹
278 310 343 377 126
674 333 716 379 en
740 330 894 381 euasurus
918 330 1069 380 aoaamu.

277 501 377 569 vertit
408 498 541 579 ζηλωτὸς
570 470 617 571 ὢν
639 501 698 567 art
727 506 788 566 τῶν
816 504 947 567 πολιτῶν
970 521 990 567 a
1010 501 1155 569 Platonis
1182 519 1282 567 mauu
1313 522 1397 580 essa,
1429 510 1462 569 et

279 601 558 683 εὐδαιμονιζόμενος
590 604 630 670 ab
660 603 766 691 aliquo
799 605 916 672 lectore
949 605 1105 671 additum.
1151 604 1353 673 Mirabantur
1384 608 1462 693 quid

278 712 360 773 esset
383 706 517 788 ζηλυτίρ
542 708 601 774 ὑτί
621 732 721 787 τινος,
754 712 830 796 quia
858 709 1040 794 aequalium
1068 730 1162 775 nemo
1190 712 1238 776 ita
1263 709 1459 795 loquebatur.

279 811 432 878 Veterum
459 814 537 879 haee
568 815 759 879 consuetudo
789 816 911 878 eratin
934 811 1048 878 multis
1069 818 1108 878 ut
1129 816 1164 879 in
1184 815 1364 900 Ενίφάενιυ
1386 836 1458 903 pag.

278 914 356 982 279.
382 934 414 983 n.
438 916 546 997 ὀλίγον
568 917 785 996 νατανέλαςοι
808 917 978 996 ἐγενόμεθα
1002 917 1060 982 ὑπὸ
1083 923 1142 983 τῶν
1164 916 1253 994 ξένιον
1272 918 1334 996 ἐγώ
1351 942 1387 985 τε
1406 921 1458 985 καί

278 1020 329 1087 ου’.
376 1026 492 1097 Ζηλοῦν
523 1027 632 1089 autem
662 1028 695 1088 et
725 1020 957 1101 εὐδαιμονίζειν,
988 1020 1187 1101 μακαρίζειν,
1218 1020 1352 1101 ίλβίζειν
1381 1025 1462 1089 nias

276 1127 361 1191 inter
386 1146 419 1191 ae
442 1126 599 1191 differunt.

322 1334 402 1420 Peg.
427 1331 504 1399 473.
528 1352 558 1399 a.
583 1331 605 1400 ὦ
629 1340 738 1411 Πῶλε,
762 1334 816 1400 οὐκ
839 1334 903 1414 εἰμί
925 1339 984 1399 τῶν
1006 1340 1169 1400 πολιτικῶν
1191 1336 1243 1401 καί
1265 1335 1370 1422 πέρυτι
1388 1338 1458 1415 βου·
1570 1415 1575 1429 .

277 1437 379 1505 λεάειν
402 1438 513 1520 λαχὼν
546 1438 649 1514 ἐπειδη
674 1441 692 1514 η
715 1439 802 1521 φνλίρ
832 1438 1015 1518 ἐπρυτάνευε
1040 1439 1090 1504 καί
1116 1439 1175 1504 ἔδει
1197 1462 1239 1517 με
1262 1440 1459 1524 ἐπιψηφίζειν

277 1543 405 1623 γέλωτα
439 1549 590 1625 παρεῖχον
626 1545 712 1628 [ΚΑΙ
747 1544 800 1608 οὐκ
834 1541 992 1621 ἠπιςάμην
1028 1540 1254 1628 ε’πιψηφίζειν].
1312 1545 1459 1617 Primum

276 1648 416 1735 mitiga:
447 1647 552 1723 ἐπειδὴ
575 1648 592 1722 η
617 1647 676 1724 ἐμίη
699 1647 785 1728 φυλίρ
818 1644 1020 1728 ἐπρυτάνευε,
1050 1652 1088 1712 ut
1117 1648 1151 1711 in
1180 1649 1302 1732 Αροίορ.
1325 1650 1403 1715 decr.
1426 1674 1457 1738 p.

277 1749 321 1816 32
344 1770 374 1818 a.
399 1751 510 1832 ἔτυχεν
541 1754 647 1830 ἡμῶν
678 1751 696 1824 η
726 1753 811 1831 φυλίρ
844 1749 1084 1831 πρυτανεύοντα.
1130 1749 1251 1817 Deinde
1278 1774 1343 1819 uua
1363 1753 1460 1823 litura

277 1856 382 1922 deleas
413 1875 521 1921 censeo
550 1856 678 1920 fatuum
708 1854 867 1921 emblema
897 1855 950 1919 καί
981 1857 1035 1920 οὐκ
1062 1854 1221 1933 ηπιεάμην
1249 1856 1457 1939 ἐπιψηφίζειν.

277 1959 394 2025 Omnia
428 1965 503 2025 sunt
536 1962 571 2024 in
604 1958 708 2032 ἐπειδὴ
742 1957 800 2025 ἔδει
832 1983 872 2038 με
904 1959 1105 2041 ἐπιψηφίζειν
1133 1958 1261 2037 γέλωτα
1290 1969 1456 2042 παρεῖχονε

277 2064 435 2148 quidquid
455 2063 614 2129 addideris
635 2068 736 2128 nocet.
767 2062 935 2130 Praeterea
954 2072 1026 2129 ΚΑΙ
1048 2064 1155 2150 arguit
1173 2063 1327 2131 baedam.
1354 2065 1458 2132 Dixis-

276 2172 326 2233 set
349 2166 464 2233 saltem
495 2170 567 2232 ‘sse
597 2166 799 2249 ἐπιψηφίζειν
824 2168 879 2233 οὐκ
901 2167 1103 2247 ἐπιτάμενορ,
1135 2167 1191 2234 aad
1212 2171 1333 2254 optime
1354 2169 1458 2256 lepida

277 2272 386 2339 sativi
407 2274 492 2338 senis
512 2272 645 2351 είριονεία
675 2276 743 2338 tota
765 2274 942 2338 mutinetur
962 2274 996 2336 in
1017 2271 1124 2338 verbis
1146 2272 1275 2349 γε’λοοτα
1297 2282 1456 2357 παρεῖχον.

322 2375 468 2442 Eundem
500 2375 644 2441 Platonis
676 2375 784 2441 laeum
817 2375 945 2441 afferens
978 2376 1159 2441 Athenaeus
1192 2397 1223 2461 p.
1248 2376 1324 2444 217.
1349 2397 1379 2444 s.
1412 2382 1458 2447 ita

277 2480 405 2547 scribit:
435 2481 467 2545 ὲν
496 2480 539 2560 τῷ
570 2480 686 2563 Γοργίᾳ
712 2481 764 2545 τδν
794 2478 943 2559 Σωκράτη
973 2487 1057 2544 ποιεῖ
1081 2477 1238 2558 λέγοντα·
1271 2482 1325 2547 καί
1353 2483 1457 2564 πέρυτι

277 2578 434 2663 βουλεύειν
474 2584 585 2666 λαχιδν
617 2583 722 2658 ἐπειδη
754 2586 772 2659 η
799 2584 885 2665 φυλη
920 2582 1107 2663 ἐπρυτάνευε
1140 2585 1193 2650 ναί
1227 2582 1287 2652 ἔδει
1320 2609 1362 2664 με
1395 2589 1458 2654 ἐπι·

276 2688 426 2770 ψηφίζειν
470 2688 597 2767 γέλωτα
645 2693 793 2767 παρεῖχον
839 2685 905 2774 [καί
948 2688 1001 2753 οὐκ
1045 2686 1195 2765 ἐδυνάμην
1239 2689 1456 2777 ἕπιψηφίται].

276 2795 431 2861 Athenaei
451 2793 533 2859 liber
555 2792 618 2859 alio
639 2791 733 2858 medo
756 2812 852 2875 quam
873 2794 973 2856 nostri
993 2788 1124 2885 (lodices
1141 2793 1351 2876 interpolatus
1373 2801 1457 2873 erat,

276 2898 332 2965 sed
362 2898 530 2982 utrobique
558 2896 717 2962 emblema
738 2895 831 2961 faeile
862 2898 1018 2982 arguitur.
1063 2894 1232 2960 Dedieeeut
1253 2896 1370 2963 saltem
1391 2920 1458 2984 par·

276 3005 425 3087 ticipium
466 2999 594 3078 νέλωτοι
629 3008 778 3080 παρεῖχον
818 3002 850 3064 οὐ
885 2997 1050 3078 δυνάμενος
1086 2999 1289 3080 ἐπιψηφίσαι.
1349 3001 1459 3068 Obiter

274 3106 410 3174 emenda
443 3102 551 3170 loeum
584 3106 618 3169 in
647 3104 813 3184 Ρτοίοροτο
839 3124 870 3188 p.
897 3103 963 3168 340
983 3121 1015 3169 a.
1040 3103 1105 3182 εἰμι’
1135 3127 1183 3176 τις
1212 3112 1333 3182 γελοῖοι
1356 3106 1457 3188 ίατρδι

274 3211 399 3289 ίάμενος
420 3207 524 3287 μεῖζον
545 3208 581 3272 τί
603 3206 722 3285 νίτημα
745 3216 854 3285 ποιΩ,
878 3209 945 3273 imo
966 3228 1042 3273 vero
1063 3217 1194 3275 ποιΩΝ.

319 3419 400 3507 Pag.
425 3414 501 3484 474.
524 3434 556 3481 a.
587 3416 648 3493 aa
679 3416 741 3497 γάρ
772 3413 810 3481 ὧν
841 3415 880 3482 άν
910 3413 995 3493 λέγει
1024 3412 1079 3479 ἕνα
1110 3423 1205 3481 ΜΕΝ
1236 3417 1453 3497 ταρατχίοίαι

273 3523 418 3606 μάρτυρα
441 3521 595 3599 ἐπίεαμαι
620 3521 713 3587 αὐτὸν
737 3519 810 3599 τρίς
833 3512 864 3583 ὃν
887 3516 925 3583 άν
943 3542 994 3595 μοι
1012 3519 1026 3583 ὁ
1044 3518 1136 3596 λόγος
1160 3516 1194 3599 ql,
1219 3519 1289 3592 τοὺς
1306 3529 1364 3585 ΔΕ
1381 3536 1453 3586 πολ·

273 3632 346 3702 stobe
369 3630 405 3695 ἐῶ
428 3627 548 3708 χαίρειν
572 3626 624 3699 ιιαί
639 3627 743 3689 ἘΝΛ
762 3622 960 3706 ἐπιψηφίζειν
979 3623 1154 3702 ἐπίςαμαι,
1174 3631 1238 3696 τοῖο
1256 3632 1313 3689 ΔΘ
1328 3633 1453 3697 πολλοῖς

274 3735 340 3803 οὐδὲ
363 3732 576 3815 διαλέγομαι]
612 3729 670 3794 list
691 3727 789 3793 fallax
812 3730 1016 3812 oppositionis
1039 3729 1156 3812 speeies
1177 3730 1212 3791 in
1234 3724 1287 3791 ἕνα
1306 3737 1400 3794 ΜΕΝ
1422 3736 1454 3794 et

271 3842 343 3913 τοὺς
367 3847 425 3904 ΔΕ
454 3835 608 3911 πολλούς,
640 3831 694 3898 eed
717 3852 780 3896 non
800 3834 884 3897 inest
905 3834 939 3896 in
961 3832 1012 3895 hia
1034 3833 1206 3916 oppositio,
1238 3837 1277 3896 ut
1297 3853 1400 3918 neque
1420 3836 1454 3898 in

271 3965 339 4031 sqq.
363 3940 418 4009 ἕνα
440 3944 521 4023 (aine
544 3939 614 4019 μέν)
637 3934 857 4016 ἐπιψηφίζειν,
882 3945 946 4009 τοῖς
969 3935 999 3999 δὲ
1024 3943 1150 4006 πολλοῖς
1170 3934 1236 4003 οὐδὲ
1255 3935 1453 4015 διαλέγομαι.

271 4046 515 4115 Emendandum
536 4049 600 4109 est:
636 4039 690 4106 ἐνα
716 4048 879 4106 MONON
913 4038 1132 4120 παραοχέτίαι
1168 4037 1329 4121 μάρτυρα,
1364 4063 1454 4107 enam

271 4157 399 4218 emtum
429 4155 528 4214 aeae
550 4149 724 4233 producere.
771 4145 894 4211 Notum
924 4150 972 4210 est
999 4164 1097 4228 quam
1118 4163 1210 4226 saepe
1231 4142 1290 4221 μέν
1311 4150 1345 4211 et
1365 4142 1453 4221 μίνον

270 4257 410 4320 interae
436 4251 676 4318 confundantur.
724 4246 962 4335 Comparandus
991 4251 1120 4314 omnino
1149 4247 1238 4314 loeus
1267 4247 1453 4314 simillimus

269 4379 343 4443 pag.
369 4354 445 4422 475.
468 4375 498 4421 s.
531 4355 596 4433 ἐμοὶ
629 4355 660 4419 δὲ
691 4353 729 4418 τι)
756 4350 893 4434 ἐξαρκείι
917 4348 961 4424 εἷς
984 4353 1022 4418 ὢν
1043 4360 1199 4417 MONOC
1222 4351 1275 4419 καί
1299 4352 1453 4430 ὁμολογῶν
