3242 5014
644 387 818 436 nonnos.
1261 370 1327 435 211

137 559 228 633 θῆραι
261 552 335 633 όμοῦ
366 559 534 622 frustm.
567 560 600 621 st
626 564 663 622 Φ.
695 553 727 622 8.
760 558 790 629 ia
821 555 962 637 ποταμόν
991 564 1150 624 ιειλεῦντο.
1197 557 1328 625 Similes

137 658 258 727 formae
279 661 397 727 Atticis
420 665 495 726 sunt
516 659 695 747 permultae
717 671 889 740 κοτειλεῑν,
914 672 1076 744 περιειλεῖν
1099 671 1178 733 caet.
1203 667 1237 731 in
1259 666 1328 750 qui·

137 764 198 831 bus
218 763 354 831 solemni
376 785 479 832 errore
501 786 558 852 pro
577 767 815 846 κατειλημένος,
838 768 1064 850 περιειλημένος
1081 775 1114 835 et
1132 772 1205 836 sim.
1224 793 1327 835 κοιτει·
1393 776 1396 783 ’

137 870 295 948 λιιμμόνοο
330 875 363 937 st
396 871 649 950 περιειλημμένοι
690 873 812 941 scribae
845 874 1038 943 substituere
1072 873 1220 942 assolent.
1273 873 1328 942 Sic

137 974 259 1042 factum
288 981 338 1041 est
368 981 407 1041 ut
435 978 470 1043 in
499 975 591 1045 libris
621 997 679 1064 pro
701 981 785 1047 veris
808 1000 843 1046 ac
865 982 1014 1069 genuinis
1035 979 1148 1046 formis
1168 979 1325 1058 ἐλλόμενοι

138 1078 223 1166 apud
251 1078 450 1159 Homerum,
483 1080 642 1160 ἰλλόμενος
665 1088 698 1148 et
720 1082 894 1162 εἱλούμενος
917 1087 952 1150 in
975 1086 1100 1163 Attica,
1131 1086 1209 1152 haec
1230 1088 1328 1172 serip-

138 1190 228 1250 turae
246 1186 328 1252 vitia
348 1188 468 1272 passim
486 1193 648 1257 recurrant
668 1188 840 1268 εἰλόμενοι,
864 1189 1038 1269 εἰλόμενοι,
1063 1190 1235 1270 εἱλούμενοι
1258 1191 1327 1278 (pro

139 1290 315 1378 όλλόμονοο)
334 1297 367 1358 et
377 1284 572 1371 claritateac,
591 1313 670 1378 quae
687 1298 809 1363 nemini
828 1297 991 1382 imponere
1009 1302 1143 1382 possunt
1161 1303 1195 1364 et
1204 1297 1326 1364 nullius

139 1398 268 1462 omnino
290 1403 366 1463 sunt
382 1400 487 1485 pretii.
524 1398 575 1464 Ad
593 1397 686 1465 iliad.
708 1408 745 1466 E.
770 1398 836 1468 782
856 1398 974 1470 ἕεοιοοιν
987 1439 1028 1450 -
1044 1401 1195 1481 εἰλόμενοι
1214 1405 1247 1467 tc
1264 1402 1326 1468 Bo-

138 1502 190 1566 cic
210 1501 322 1568 attulit
344 1524 383 1571 ex
406 1500 482 1572 (lod.
506 1506 545 1571 A.
564 1505 751 1585 εἱλούμενοι,
784 1527 823 1575 οι
846 1502 923 1577 GM.
947 1506 1117 1585 εόλόμενοι,
1142 1507 1326 1595 similiaque

136 1604 233 1685 alibi,
256 1608 372 1694 quibas
394 1610 473 1696 quid
494 1615 543 1676 est
563 1613 695 1689 vanius,
720 1612 798 1697 quid
819 1609 989 1679 inutilius?

181 1710 218 1778 In
240 1713 379 1799 perfecto
400 1717 527 1801 passivo
547 1715 705 1782 notandus
734 1721 783 1782 est
804 1716 944 1785 Bekkeri
966 1722 1112 1783 constans
1137 1737 1221 1784 error
1243 1717 1325 1784 ἐκόλ-

136 1816 235 1894 μιόοι,
259 1823 293 1884 et
311 1818 460 1897 ἔιελμόνοι
483 1821 602 1907 ubique
625 1820 790 1887 scribentis
813 1827 846 1887 et
868 1821 908 1888 ad
932 1820 1069 1887 eundem
1090 1821 1222 1888 modum
1247 1820 1325 1890 alibi

135 1923 255 2008 passim
285 1920 417 2002 όιολιοιι,
450 1923 575 2005 ἓιοργοι,
607 1925 722 1997 ἔνοικοι.
757 1923 867 2007 ἓιερτο,
901 1927 1060 2007 ἕιερμόνον.
1107 1927 1197 1994 Haeo
1217 1929 1326 1994 omnia'

135 2028 265 2114 perinde
293 2031 412 2096 vitiosa
440 2035 516 2101 suni
545 2050 581 2098 ao
610 2032 639 2097 si
669 2032 741 2117 quis
767 2052 825 2117 pro
845 2029 996 2106 λέλοιπα,
1028 2032 1178 2108 rixosis,
1211 2031 1323 2108 aona,

136 2131 277 2215 κόφκνοι,
301 2132 440 2210 cinara,
464 2137 582 2211 τότκκοι
602 2138 674 2203 sim.
698 2135 798 2203 vellet
820 2135 951 2217 ἕλοιντο,
976 2136 1082 2203 itacio
1106 2144 1185 2205 caet.
1209 2139 1323 2206 dicere.

180 2239 218 2306 ln
246 2240 406 2319 ιειόλμοόοο
436 2262 499 2311 non
515 2244 635 2330 ,magis
663 2242 802 2328 primam
832 2248 1055 2310 consonantem
1078 2246 1227 2310 omittere
1248 2242 1325 2310 licet

135 2365 237 2431 quam
255 2348 290 2413 in
312 2344 500 2429 scalprum,
524 2347 730 2427 βεβόλκμιιι,
754 2345 927 2425 iliacam,
950 2347 1157 2428 όοόιόιιρνμοιι,
1180 2347 1323 2426 bibracte,

135 2451 294 2531 τότοιμοιι,
327 2451 472 2531 όόόομιιι,
505 2452 665 2532 sircam,
695 2452 919 2539 similibusque
949 2455 1108 2521 omnibus.
1155 2453 1228 2520 Non
1256 2459 1325 2520 erat

135 2562 244 2624 autem
276 2556 414 2624 arduum
443 2563 477 2625 at
504 2578 618 2644 anceps
646 2577 704 2644 pro
725 2561 923 2640 γλαφυρῇσιν
946 2557 1097 2636 ἐκελμόνοι
1121 2564 1155 2624 et
1167 2559 1324 2640 ,βουλῇσιν

135 2661 283 2740 ἐνελμένοι
307 2667 340 2728 et
362 2661 449 2731 κοντόν
471 2659 547 2730 ιιὶςν
570 2663 719 2739 ἐιελμόνοι
743 2674 857 2728 verum
877 2682 1027 2748 reponere
1049 2668 1083 2728 et
1104 2664 1140 2727 in
1162 2678 1276 2728 versu:

338 2765 357 2845 sl
380 2766 462 2833 orico
484 2764 644 2847 κεκόρκοόι
665 2765 814 2843 ἐιελμόνοι
837 2762 928 2832 ἕνόοόι
951 2767 1095 2849 πύργον,

133 2873 186 2941 vel
208 2875 361 2938 immanis
382 2873 491 2939 hiatus
513 2871 697 2937 Beklcarum
719 2869 887 2939 admonere
909 2876 1034 2956 poterat
1055 2870 1232 2957 perfectum
1254 2890 1324 2957 pas·

133 2980 241 3044 sivum
263 2976 548 3064 reduplicationem
570 2975 686 3043 babere
706 2973 816 3041 solere.

176 3080 344 3149 Permulta
363 3080 438 3149 alia
445 3081 530 3167 apud
549 3080 733 3146 Belrlrerum
752 3079 902 3146 adversus
921 3079 1087 3169 digamma
1105 3085 1234 3167 peccata
1248 3089 1323 3147 sunt

131 3190 200 3256 sive
229 3187 405 3277 neglexerit
437 3186 566 3255 evidens
596 3188 770 3272 scripturae
804 3186 922 3252 vitium
953 3189 1022 3253 sive
1043 3185 1129 3252 male
1151 3189 1320 3255 curaverit.

131 3291 169 3359 In
200 3293 420 3361 constituenda
453 3295 633 3359 carminum
666 3290 912 3358 Homericorum
943 3290 1079 3358 lectione
1108 3291 1321 3359 utilissimum

132 3402 181 3464 est
202 3419 326 3484 semper
352 3399 412 3465 boc
436 3418 531 3486 agere
552 3403 586 3464 et
608 3397 772 3463 observare
806 3397 922 3483 quibus
944 3396 1050 3463 modis
1072 3401 1213 3463 cantores
1235 3401 1321 3464 veta

132 3523 181 3568 res
201 3506 300 3571 rimas
319 3502 584 3583 innumerabiles,
609 3503 725 3590 quibus
743 3505 875 3589 antiqua
893 3504 1034 3568 earmina
1049 3509 1178 3588 propter
1197 3500 1321 3589 digam·

130 3628 187 3673 ma
209 3607 351 3674 deletum
373 3611 493 3695 passim
515 3609 719 3686 fatiscebant,
743 3608 888 3694 supplere
910 3610 975 3672 sint
997 3607 1085 3672 soliti
1103 3611 1136 3671 et
1153 3607 1269 3671 sarcire
1288 3610 1321 3671 et

131 3712 349 3800 interpolando
370 3734 578 3780 numerorum
599 3712 706 3780 labam
727 3713 931 3779 manifestam
953 3711 1121 3778 occultus

175 3817 213 3885 ln
242 3840 305 3906 qua
334 3841 368 3886 re
397 3840 460 3886 non
489 3819 646 3887 violenter
675 3817 900 3907 grassabantur
922 3823 978 3884 aut
999 3817 1151 3884 lectiones
1174 3817 1320 3901 antiquas

129 3927 300 3992 temeraria
322 3945 422 3992 manu
443 3926 618 4002 vexabant,
643 3925 698 3990 aad
720 3924 830 4000 ςοόβος
855 3921 941 3996 τινός
964 3933 1074 4005 tenues
1096 3927 1129 3989 et
1151 3920 1250 3988 eriles
1271 3923 1319 3987 in·

129 4032 274 4098 serebant
296 4056 350 4110 τε,
382 4056 439 4110 γε,
470 4028 529 4111 ἄρ’,
562 4053 610 4104 τι,
634 4035 666 4095 et
687 4029 842 4115 quidquid
864 4028 1027 4095 lenissime
1050 4027 1085 4093 τό
1109 4025 1239 4107 κεχηνός
1263 4032 1316 4092 τοῦ

128 4139 239 4219 ροόμοῦ
271 4138 436 4204 sarciebat.
483 4135 731 4220 Nonnumquam
764 4135 861 4201 verba
894 4133 1140 4221 transponebant
1171 4137 1316 4211 tantum,

128 4248 166 4309 ut
189 4246 223 4308 in
246 4243 312 4322 ἐμοὶ
337 4242 368 4309 δὲ
392 4242 518 4321 μόλιςοι
541 4262 599 4328 pro
620 4240 745 4318 μόλιςοι
768 4240 795 4306 δ’
820 4240 904 4318 όμοό,
936 4242 1028 4306 auius
1049 4242 1095 4306 rei
1118 4241 1153 4305 in
1175 4244 1317 4325 tempore

127 4369 251 4416 memor
282 4348 461 4436 complures
492 4353 603 4436 postas
631 4367 741 4414 versus
773 4352 829 4412 aut
859 4344 1010 4427 ἀμέτρους
1032 4351 1089 4412 aut
1112 4344 1315 4425 κακομέτροις

128 4456 285 4522 restitutis
307 4457 449 4522 numeris
469 4475 581 4522 sanare
601 4456 728 4541 potaris.
760 4450 797 4517 In
820 4451 911 4519 Iliad.
936 4458 977 4522 N.
1003 4450 1316 4518 asturienses:
