3388 5010
630 341 782 389 ιιιιιιιιιιιι
808 343 844 389 su
868 334 1021 393 cuntium.
1353 332 1417 396 257

226 509 338 579 Sermo
360 520 410 579 est
434 510 474 578 tle
492 512 644 579 armario.
682 511 750 579 cic.
770 511 894 580 Cluant.
914 518 977 592 64,
1000 519 1081 613 179:
1103 517 1256 584 -armartt
1276 516 1413 586 tuntmn

226 619 405 686 exsecuit.”
453 617 631 686 »Soldam''
654 618 696 686 Μ.
720 619 829 686 nescio
853 638 917 707 qua
941 621 1115 690 sententia.

271 727 334 804 22,
360 728 403 790 36
427 724 473 791 ita
497 724 583 813 apud
607 725 647 792 Μ.
672 725 810 813 legitur:

360 829 503 913 Quodsin
529 830 594 898 ulla
618 840 720 919 potest
747 831 865 899 mulier
888 840 955 899 tam
979 853 1114 921 corpore
1137 833 1220 902 duro

361 937 460 1015 Esse,
485 951 592 1005 tamen
617 947 729 1006 tenero
754 947 865 1005 manat
888 940 963 1026 quoi
988 941 1082 1006 suou'
1107 941 1244 1020 lacerto,

362 1042 400 1110 Ei
426 1061 543 1110 manus
568 1042 707 1111 ubertim
733 1044 868 1112 laetanti
893 1046 926 1111 in
946 1047 1075 1113 sumine
1092 1042 1191 1115 sidat.¹

93 1224 100 1231 ι
273 1149 380 1228 dam,
415 1148 539 1236 inquit,
567 1149 824 1220 emendationem
858 1151 917 1218 loci
951 1172 969 1218 a
1002 1152 1164 1241 plerisque
1201 1162 1235 1221 et
1269 1155 1310 1223 ab
1344 1158 1415 1245 ipso

228 1254 453 1323 -uacbmaono
480 1255 526 1344 [et
549 1255 590 1322 ab
612 1257 681 1345 ipso
703 1256 856 1324 lluellero
875 1257 986 1325 Jabn's
1007 1258 1119 1326 Jahrb.
1147 1265 1251 1341 1867,
1275 1283 1306 1351 p.
1332 1264 1411 1354 493]

227 1360 369 1428 »frustra
406 1362 572 1449 temptati,
609 1363 787 1430 mutatione
823 1364 875 1429 vix
914 1363 977 1431 ulla
1011 1363 1093 1431 iacta
1129 1364 1332 1452 perfecimus
1369 1409 1414 1421 -

227 1468 449 1536 »demonstrat
471 1466 615 1534 Lucilius
639 1466 827 1546 rnaniiesto,
851 1468 962 1556 quales
987 1470 1019 1536 in
1044 1469 1218 1539 concubitu
1243 1493 1414 1562 segerens

228 1573 386 1642 »debeant
417 1575 624 1653 meretrices,
658 1574 697 1641 tle
730 1594 792 1661 qua
825 1595 860 1642 re
896 1573 1009 1642 multis
1033 1573 1167 1643 Ovidius
1192 1577 1225 1644 in
1250 1578 1417 1648 lineantis

228 1682 433 1747 »amatoriae
459 1679 539 1747 dicit
560 1681 664 1767 igitur
687 1680 810 1768 puellas
834 1700 903 1757 eas,
923 1699 1007 1768 quae
1028 1701 1102 1747 cum
1127 1703 1188 1749 non
1212 1686 1298 1773 ipsae
1317 1688 1416 1754 senti-

228 1795 304 1854 ‚ant
337 1786 456 1874 gaudia
489 1786 624 1854 Veneris
654 1807 735 1874 opus
767 1795 854 1853 motu
887 1786 1041 1853 adiutare
1075 1808 1136 1855 non
1162 1791 1304 1877 possint,
1328 1800 1417 1860 certe

227 1892 363 1961 ‚dehere
383 1892 496 1959 babitu
516 1893 660 1981 corporis
680 1892 841 1981 placere.'’
874 1893 987 1980 ltaque
1007 1895 1195 1981 comprimit
1214 1895 1293 1964 haec
1314 1918 1415 1966 mere·

226 2001 291 2067 trix
325 2008 458 2088 pectus,
489 2018 684 2075 mammam,
718 2008 752 2064 ut
778 2018 894 2065 nranus
918 2008 1047 2085 tegatur
1071 2001 1178 2089 (sidat)
1203 2000 1336 2070 laetanti
1360 2024 1417 2071 su·

227 2104 335 2174 minei
362 2106 401 2172 tlt
426 2103 478 2170 bie
498 2104 628 2171 babitus
647 2112 717 2183 est,
738 2107 793 2191 qui
815 2105 940 2193 placere
960 2105 1083 2193 possiti
1107 2107 1222 2173 llicine
1241 2117 1290 2175 est
1309 2130 1419 2176 sensus

227 2213 399 2280 communio
431 2210 501 2288 ille,
535 2230 630 2297 quem
664 2212 763 2277 iactat
796 2212 839 2277 Μ.
874 2210 914 2277 al
945 2231 975 2278 v.
998 2210 1053 2278 ut
1078 2210 1163 2292 Quid
1186 2234 1279 2280 sacru
1302 2213 1416 2283 incerto

227 2318 378 2385 macons?
411 2318 470 2384 llic
494 2316 704 2383 mollissimus
728 2317 880 2406 scopulus
904 2315 1034 2384 inlamis
1057 2326 1106 2383 est
1132 2317 1309 2386 multorum
1334 2340 1415 2388 nau·

226 2425 360 2511 fragiis,
395 2442 477 2511 quae
505 2443 592 2490 nunc
618 2443 680 2489 mm
705 2430 798 2490 aucta
826 2430 914 2489 sunt.
964 2422 999 2489 st
1023 2424 1096 2510 quis
1120 2422 1196 2489 velit
1220 2424 1416 2511 periclitari,

162 2554 166 2557 “
226 2531 308 2598 sciat
332 2530 431 2597 libros
455 2528 573 2597 babere
595 2530 623 2594 si
646 2529 737 2595 nulio
760 2565 803 2582 -
827 2538 1011 2616 monentque
1034 2549 1127 2595 aucus
1150 2568 1194 2583 -
1213 2539 1243 2595 et
1262 2552 1307 2598 m.
1327 2532 1417 2599 uberi

227 2637 317 2704 1.-
343 2635 496 2704 &terum
520 2634 561 2703 cl.
587 2634 681 2705 Geni.
706 2636 732 2702 l.
760 2639 813 2701 23.

271 2742 468 2829 bragmento
493 2743 652 2827 proximo:
678 2739 888 2827 »adsequitur
913 2760 1017 2828 neque
1036 2741 1243 2829 opinantem,
1264 2742 1296 2808 in
1318 2748 1416 2831 capnt

229 2848 352 2916 »insilit
373 2851 479 2936 ipsum
495 2845 781 2915 conmanducatur
795 2854 899 2912 totum
913 2844 1093 2934 complexu’
1106 2849 1313 2934 comestque'’
1328 2848 1415 2915 nulla
1537 2851 1539 2854 ’

228 2975 325 3023 nausa
358 2964 407 3021 est
430 2974 530 3042 quare
555 2974 592 3020 ex
616 2954 699 3022 coni.
724 2952 887 3020 scribatur
910 2952 1097 3039 complenti,
1123 2972 1197 3018 cum
1223 2951 1297 3020 iibri
1322 2952 1416 3021 Nonii

229 3082 261 3150 p.
294 3066 334 3129 61
369 3060 532 3146 complexo
562 3059 649 3135 dent,
672 3069 705 3125 et
729 3059 909 3125 subiectum
934 3060 1055 3146 optime
1079 3057 1237 3126 Mandata
1261 3067 1317 3126 aut
1341 3060 1413 3126 sim.

224 3167 303 3256 quid
338 3186 408 3233 esse
442 3168 554 3254 possit.
602 3164 734 3232 lniioeta
771 3173 820 3231 est
852 3165 1024 3253 explicatio
1055 3166 1111 3244 Μ.,
1142 3166 1198 3252 qui
1231 3164 1270 3231 tle
1311 3166 1418 3233 amieo

223 3275 366 3341 amicum
416 3271 648 3360 amplectente,
690 3279 722 3337 et
763 3269 950 3337 »blanditiis
993 3290 1093 3358 paene
1139 3272 1317 3339 enecante'’
1360 3273 1414 3359 agi

224 3380 350 3446 statuit.

273 3484 308 3552 V.
332 3488 364 3550 6.
389 3483 454 3551 Hoc
480 3481 584 3550 nobile
608 3480 824 3567 fragmentum
851 3481 956 3572 (nouo
980 3503 1031 3550 me
1055 3482 1200 3575 babeam¹
1217 3482 1334 3570 paeto’'
1355 3481 1413 3569 -)

227 3591 267 3657 Μ.
292 3588 404 3657 scribit
430 3598 466 3656 ut
488 3598 583 3656 antea
607 3590 646 3655 ab
668 3608 707 3655 eo
729 3588 942 3655 constitutum
968 3597 1050 3656 erat.
1100 3590 1145 3657 lte
1172 3589 1292 3655 iterum
1312 3586 1416 3653 consi·

227 3696 338 3762 derata
363 3715 426 3762 non
450 3695 579 3773 inveni,
605 3714 664 3761 cur
686 3714 705 3760 a
730 3696 890 3761 sententia
915 3694 1003 3761 Cotti.
1028 3695 1053 3762 1.
1079 3700 1132 3762 nt.
1155 3692 1418 3781 propositarece·

228 3799 368 3868 lendum
401 3821 471 3869 esse
496 3801 656 3870 videatur.
705 3801 760 3868 Vs.
785 3805 819 3867 6.
845 3799 930 3887 apud
955 3802 995 3868 Μ.
1023 3820 1102 3867 usus
1125 3806 1185 3867 τῶν
1208 3797 1419 3878 tenemusne

227 3907 365 3974 nolueris
387 3917 419 3973 et
443 3907 587 3974 debueris
605 3907 728 3974 dicitur
747 3926 784 3974 cx
808 3906 962 3992 Scaligeri
986 3907 1165 3972 mutatione
1185 3904 1307 3986 τεχνίον
1327 3902 1419 3970 ll'iso·

229 4014 378 4093 cratium,
410 4023 445 4080 ut
468 4038 498 4082 r.
523 4015 566 4079 sit
591 4032 726 4102 parvum
752 4012 833 4078 actis
856 4012 1037 4098 specimen.
1063 4030 1196 4098 parvum
1223 4007 1421 4098 artifieium3

229 4131 262 4189 at
290 4123 337 4188 sic
361 4121 483 4204 τεχνίον
507 4138 684 4206 numquam
711 4115 968 4205 usurpabimus
995 4116 1122 4185 rhetore
1146 4117 1270 4184 dictum
1295 4140 1326 4183 r.
1357 4116 1420 4202 sig·

212 4227 376 4296 'niliearet
400 4247 533 4315 pomam
560 4227 642 4294 artis
664 4225 842 4292 rhetoricae
867 4223 1110 4311 expositionem.
1150 4222 1256 4290 Libri:
1275 4231 1421 4290 oteasoo.

232 4333 278 4402 ild
309 4332 594 4413 assimilationem,
615 4339 769 4420 quaeest
788 4331 819 4397 io
843 4329 996 4398 vocabulo
1016 4322 1187 4423 bybritlico
1199 4350 1423 4413 sum-prepo-

231 4444 334 4517 κιῶδες
358 4440 401 4507 el.
426 4440 531 4509 Plaut.
558 4441 646 4507 l'e‘rs.
675 4443 752 4508 llio.
778 4458 847 4505 sum
869 4457 991 4505 monuo.
1264 4540 1282 4596 7

386 4538 393 4551 ’
1249 4542 1261 4589 1
