3276 5006
282 354 327 419 86
578 365 750 417 nmnouns
772 364 926 425 sumum
948 365 981 412 ru
1003 362 1167 412 menaeus

283 546 430 630 poterunt
459 543 491 604 st
518 536 628 604 Oioero
659 542 693 603 et
718 536 849 602 iudloes.
901 535 1032 600 Vassis:
1063 552 1136 598 eam
1158 529 1317 616 Scipionis
1339 531 1474 596 Asiatici

285 650 320 712 in
343 643 503 731 Capitolio
522 648 666 708 statuum
687 643 795 706 videre
817 640 939 705 iudices
960 643 1106 725 poterant
1129 636 1281 722 quotidie.

330 750 452 816 Ilodem
483 767 551 832 onp.
583 746 634 823 X,
664 744 728 810 25:
762 748 852 821 „nisi
882 745 1040 810 dioecetes
1068 778 1110 790 —-
1140 740 1201 806 hoa
1231 741 1318 804 enim
1346 742 1477 805 nomine

286 858 391 921 utitur
412 854 466 939 qm·
489 875 524 916 eo
546 850 623 932 repit
646 885 690 898 -
714 854 796 915 esset
818 847 1039 915 constitutus”

334 956 396 1040 Qui
423 981 459 1022 ea
480 957 558 1037 repit
580 960 629 1020 est
650 953 761 1039 pulcra
782 953 945 1041 Madvigii
968 952 1167 1026 eonieoturs,
1190 953 1283 1034 raptu
1305 967 1343 1013 aa
1363 967 1403 1012 ex
1426 967 1478 1013 oe

288 1062 398 1129 dioum
422 1056 609 1146 corruptelis
631 1062 698 1125 sive
720 1060 828 1143 potius
853 1058 998 1142 reliquiis
1019 1055 1218 1120 litteramm:
1243 1053 1405 1138 qar'aretic,
1424 1050 1478 1136 qni

288 1168 416 1244 aritine,
447 1166 500 1252 qai
522 1188 542 1228 a
563 1186 640 1245 repe.
686 1161 724 1226 ln
746 1161 863 1227 Philol.
888 1161 911 1226 l.
936 1183 967 1246 p.
992 1158 1034 1225 97
1059 1157 1206 1243 equidem
1230 1158 1366 1222 conieci:
1393 1157 1480 1240 „qui

287 1272 353 1354 rapi
382 1278 426 1334 est
455 1293 476 1333 α
504 1265 684 1333 reditibus?
730 1266 838 1343 Nune,
869 1285 971 1350 quum
1000 1267 1035 1328 iu
1068 1264 1216 1327 universe
1247 1281 1284 1326 ea
1307 1260 1479 1327 verborum

288 1376 508 1441 oonseeutione
530 1373 603 1437 duri
623 1370 746 1457 aliquid
767 1390 929 1455 superesse
951 1371 1106 1444 sentiam,
1127 1365 1301 1453 legendum
1319 1382 1480 1451 propono:

335 1481 418 1557 „nisi
449 1476 606 1543 dioecetes
638 1512 682 1525 -
711 1475 772 1541 hos
802 1478 889 1539 enim
917 1476 1047 1539 nomine
1076 1472 1181 1537 utitur
1210 1473 1263 1556 qa·
1286 1494 1312 1535 a
1332 1471 1483 1535 reditibus

376 1588 419 1648 est
438 1618 481 1633 ·-
504 1604 523 1645 a
543 1603 611 1664 repe
632 1585 716 1647 esset
737 1579 958 1645 constitutus'’

336 1821 413 1908 (lap.
444 1819 519 1887 XII.
551 1822 574 1884 i.
606 1819 628 1884 f.
663 1818 759 1897 „Neo
788 1819 871 1884 mihi
899 1817 1030 1904 longua
1061 1815 1236 1903 quidquam
1265 1822 1331 1893 est,
1360 1813 1486 1881 iudioss

383 1944 480 2011 quam
502 1922 610 1990 ridere
634 1923 782 1987 lominum
803 1921 944 1988 vultus?

340 2026 501 2095 Horaissm
533 2028 634 2092 nauus
664 2029 884 2112 vituperantur
914 2030 997 2091 certe
1026 2024 1167 2102 dictum,
1200 2021 1254 2089 ssd
1282 2023 1381 2088 nimis
1410 2025 1484 2087 uni·

290 2153 401 2212 verse3
433 2152 496 2198 non
520 2135 605 2201 enirn
629 2131 768 2217 amplius
789 2130 829 2196 de
850 2130 1073 2196 Alexandrinis
1094 2131 1129 2194 in
1151 2148 1266 2216 genero
1286 2146 1392 2194 sermo
1415 2132 1484 2214 est,

291 2237 350 2304 sed
373 2238 412 2302 de
434 2234 552 2322 legatis
572 2234 649 2300 illis.
697 2234 800 2315 Quare
819 2240 960 2319 praestat
982 2233 1107 2321 legere:

340 2342 437 2421 „Nee
466 2341 550 2407 mihi
580 2338 709 2427 longius
736 2343 908 2424 quisquam
931 2344 996 2417 est,
1020 2339 1158 2416 iudices,
1184 2358 1281 2424 quam
1302 2332 1411 2403 ridere
1432 2335 1485 2400 ho.

386 2466 452 2509 rum
473 2443 643 2510 hominum
665 2442 804 2510 vultus!

342 2696 421 2784 Gsp.
452 2696 549 2775 XIII,
582 2695 644 2762 36:
667 2717 782 2774 „nuno
806 2694 927 2763 seilicet
949 2701 1078 2783 tempus
1099 2695 1227 2762 nullum
1247 2701 1306 2762 est
1351 2694 1416 2761 Ubi
1435 2715 1486 2762 se

385 2801 453 2868 mel
474 2804 545 2888 quis
567 2801 773 2887 peierarerit”
796 2838 839 2850 -
862 2806 936 2866 eett.

339 2904 539 2972 Hotomenni
570 2906 667 2971 sodex
698 2906 816 2970 dicitur
844 2906 977 2971 habere:
998 2907 1042 2971 Ar
1063 2905 1121 2971 ubi
1140 2904 1278 2983 semel’';
1303 2904 1343 2971 de
1365 2906 1488 2970 conier-

297 3015 388 3088 tura,
418 3015 457 3074 ut
478 3009 623 3087 videtum
648 3009 796 3094 equidem
817 3015 888 3094 post
911 3016 954 3074 est
975 3009 1090 3075 malim
1111 3011 1173 3074 red.
1198 3046 1241 3059 -
1262 3009 1488 3074 Praeredentis

297 3115 412 3200 sapitis
442 3115 536 3179 initio
566 3112 686 3201 legitur
718 3114 787 3190 „Et
815 3114 861 3177 ait
891 3116 988 3178 etiam
1017 3117 1141 3179 amiens
1170 3114 1297 3193 msus'',
1320 3115 1378 3179 ubi
1398 3114 1487 3179 haud

298 3218 364 3282 scio
387 3236 428 3281 an
449 3219 530 3281 item
551 3216 724 3304 legendum
748 3220 791 3282 sit
814 3218 893 3295 „Sed
913 3219 959 3282 air
982 3220 1081 3284 etiam
1103 3221 1226 3285 amicus
1248 3219 1369 3285 meus’'
1389 3219 1488 3286 Pras·

300 3321 385 3387 sedit
406 3322 489 3385 solet.

342 3557 422 3646 (lup.
446 3558 539 3637 xlv,
563 3560 625 3624 40:
651 3562 724 3637 „At
745 3567 927 3646 permutata
948 3562 1119 3648 aliquando
1139 3563 1273 3648 pecunia
1293 3568 1361 3640 est;
1380 3564 1492 3627 dane

393 3670 490 3732 nares
505 3664 656 3730 Postumi
673 3664 818 3731 Puteolis
838 3672 929 3743 sunt,
951 3668 1078 3732 auditae
1095 3669 1245 3752 visasque
1263 3686 1394 3733 merces.
1418 3667 1487 3733 Fal·

393 3769 478 3836 luoes
507 3769 637 3854 quidem
668 3775 702 3834 et
731 3770 856 3836 fnoosae
886 3771 1004 3836 chartis
1034 3777 1066 3836 st
1094 3771 1204 3837 linteis
1234 3777 1267 3836 et
1288 3774 1373 3838 vitro
1395 3780 1419 3850 †
1439 3774 1489 3839 de·

395 3876 492 3939 latae:
522 3874 640 3958 quibus
669 3895 745 3939 sum
774 3876 896 3940 multae
925 3897 1024 3942 naves
1051 3877 1184 3942 refertas
1210 3877 1361 3954 fuissent,
1382 3884 1407 3955 †
1427 3901 1491 3943 aaa

398 4001 459 4044 non
480 3981 619 4063 pomo
634 4002 743 4063 parvo.
789 3979 942 4066 Cataplus
961 3982 1018 4046 illo
1040 3981 1251 4060 Puteolanus,
1274 4003 1379 4047 sermo
1401 3983 1493 4050 illius

399 4086 569 4169 temporis,
600 4089 827 4170 vectorumque
857 4107 967 4152 aursus
997 4093 1092 4172 atque
1113 4090 1300 4167 ostentatio,
1323 4094 1396 4152 tum
1418 4090 1493 4154 sub-

396 4192 537 4254 invisum
561 4190 645 4275 apud
667 4189 841 4257 malevolos
862 4191 1010 4257 Postumi
1032 4211 1148 4258 nomen
1164 4198 1292 4278 propter
1309 4195 1494 4278 opinionem

397 4298 548 4378 poemiae
569 4296 674 4360 neseio
694 4315 794 4379 ,quem
816 4305 954 4364 matoes
975 4319 1065 4362 anam
1086 4320 1146 4363 aon
1161 4299 1267 4381 plures
1288 4319 1380 4365 surm
1397 4300 1495 4368 refer-

399 4400 442 4463 sit
464 4401 535 4466 istis
556 4400 781 4468 sermonibus.''
