3340 5014
232 339 295 404 tto
629 353 865 403 oesrsrtrronrs
887 353 1022 401 catrices

277 524 375 592 Pauci
398 524 529 592 omnino
549 522 642 591 hodie
667 534 760 603 sunt,
779 526 833 612 qui
855 523 940 589 scire
960 528 1091 597 curent,
1117 516 1194 606 quid
1212 515 1288 583 olim
1301 514 1425 587 liroliei

232 631 434 718 scripserint.
484 630 687 717 Exemplaria
712 630 833 698 Graeca
856 628 975 694 nostris
998 625 1184 692 hominibus
1204 623 1424 691 commendari

234 736 337 803 solent
361 736 401 801 ob
425 734 623 822 singularem
659 737 911 823 praestantiam,
936 752 1032 819 quam
1058 730 1213 797 admirari
1239 749 1426 816 possumus,

235 842 363 929 assequi
398 860 493 908 nemo
526 842 667 927 poterit,
704 840 758 908 sed
792 840 832 907 ab
868 840 929 905 iste
965 836 1059 904 laude
1092 835 1231 903 tentttes
1261 836 1373 902 Tatius
1395 843 1428 901 ot

235 947 365 1034 Longus
389 955 421 1013 et
445 946 560 1033 reliqui
586 947 796 1013 remotissimi
821 952 908 1011 sunt.
959 943 992 1010 ln
1018 943 1077 1009 lroo
1101 942 1289 1029 scriptionis
1312 961 1429 1028 genere

237 1053 331 1140 longe
354 1053 511 1139 longeque
541 1062 665 1118 veteres
689 1071 882 1139 superamus
905 1058 938 1117 et
970 1049 1102 1115 miseret
1135 1068 1192 1114 nos
1215 1047 1353 1115 Graecos
1381 1047 1429 1111 si-

238 1157 315 1225 dere
339 1166 404 1223 tam
430 1156 541 1243 putide
566 1157 752 1225 delirantes.
802 1157 925 1223 Ceteris
958 1163 1066 1221 tamen
1091 1154 1241 1220 omnibus
1265 1173 1336 1219 meo
1359 1152 1431 1238 qui·

238 1263 312 1330 dem
333 1263 457 1349 judicio
480 1271 622 1350 praestat
649 1261 852 1340 Heliodorus,
876 1261 932 1348 qui
958 1261 1033 1327 licet
1059 1280 1121 1326 nou
1146 1260 1284 1326 multum
1316 1257 1431 1324 habeat

241 1369 359 1435 virium
386 1387 444 1435 nec
467 1370 548 1434 satis
571 1388 651 1455 pure
672 1368 815 1434 seribere
838 1366 1007 1443 didicerit,
1033 1386 1090 1432 nec
1115 1365 1350 1432 sententiarum
1371 1361 1432 1430 ele·

241 1474 351 1561 gantis
375 1481 408 1540 et
436 1473 586 1541 acumine
608 1475 802 1561 conspicuus
833 1474 893 1549 sit,
927 1474 1068 1560 primum
1101 1470 1181 1537 niirii
1207 1469 1321 1546 habet,
1348 1467 1431 1556 qnod

242 1588 349 1647 castos
372 1579 537 1646 aurientes
559 1578 720 1646 offendere
745 1579 855 1667 possit.
906 1578 986 1645 ilinc
1010 1596 1095 1644 unus
1121 1578 1206 1644 iuter
1228 1595 1340 1642 omnes
1356 1573 1433 1641 olim

243 1684 284 1752 alr
306 1684 557 1772 elegantioribus
578 1685 779 1765 hominibus,
805 1686 840 1750 in
863 1682 966 1750 Gellia
993 1685 1204 1770 praesertim,
1228 1679 1435 1749 lectitabatur

245 1799 278 1857 et
301 1790 362 1857 init
393 1789 566 1877 aliquando
598 1799 742 1878 tempus,
773 1810 875 1877 quum
909 1790 994 1855 inter
1026 1790 1189 1876 principes
1221 1796 1255 1853 et
1284 1786 1436 1853 classicos

246 1898 422 1983 scriptores
445 1905 689 1976 recenseretur,
715 1896 770 1983 qui
789 1915 875 1961 nunc
889 1914 964 1961 eum
988 1894 1112 1961 intimis
1142 1893 1272 1959 sordere
1295 1891 1435 1959 ridetur.

249 2004 421 2069 Praeterea
443 2000 483 2067 olr
506 2020 616 2067 rerum
642 2021 723 2087 quas
748 2010 858 2067 narrat
882 2002 1072 2068 varietatem
1094 2008 1126 2068 et
1150 1998 1345 2086 probabilem
1370 1995 1437 2063 dis·

248 2107 438 2195 positionem
462 2125 524 2172 non
549 2104 702 2172 mediocri
727 2105 821 2173 lande
843 2104 962 2191 dignus
985 2113 1054 2185 est,
1078 2106 1107 2172 si
1130 2115 1339 2190 comparetur
1361 2121 1437 2170 eum

248 2211 423 2281 Eumaeum
457 2220 491 2277 et
526 2209 691 2278 Theodoro
727 2210 902 2277 Prodromo
935 2218 967 2278 et
999 2209 1111 2277 Niceta
1141 2210 1347 2296 Eugeniano,
1382 2207 1439 2296 qui

248 2327 316 2385 tam
340 2316 471 2383 aniliter
494 2313 658 2403 desipiunt
678 2324 714 2382 ut
740 2315 928 2383 lleliodcrus
948 2315 1042 2403 juxta
1063 2317 1185 2402 positus
1206 2317 1285 2401 ipsis
1307 2313 1440 2380 ttlents

251 2422 369 2490 Atticis
391 2421 508 2487 vixisse
531 2430 564 2488 et
591 2421 761 2509 scripsisse
785 2420 944 2487 rideatur.
992 2419 1039 2487 tt
1063 2420 1123 2487 hoc
1148 2421 1249 2507 igitur
1273 2418 1441 2486 Heliodoro

250 2527 366 2595 iaciunt
393 2527 539 2602 initium,
562 2525 678 2592 deinde
700 2529 844 2612 exceptis
863 2528 1031 2614 pessimis,
1057 2529 1090 2592 in
1111 2527 1229 2614 quilius
1247 2545 1441 2612 cognoscen-

251 2633 322 2714 dis,
347 2631 469 2712 iateor,
491 2632 634 2698 tuediunr
658 2630 810 2698 devorare
835 2652 897 2697 non
919 2634 1027 2719 potui,
1054 2632 1194 2720 reliquos
1210 2633 1328 2698 ceteris
1349 2630 1443 2719 poulo

251 2739 402 2807 meliores
425 2757 635 2825 percurram,
662 2747 829 2824 postquam
854 2737 893 2804 de
924 2736 1093 2804 Heliodoro
1115 2737 1353 2805 obseruationes
1377 2737 1442 2804 lec·

252 2845 377 2913 toribus
401 2863 462 2909 non
487 2842 691 2930 displicuisse
715 2842 911 2910 intellexero.

299 2948 459 3017 lieliodori
486 2947 690 3035 Aethiopica,
714 2948 833 3035 quibus
862 2949 1071 3015 continentur
1104 2969 1232 3017 sorores
1264 2950 1444 3035 Theogenis

253 3065 285 3125 et
308 3053 506 3132 Citarieleae,
526 3052 628 3119 divisa
653 3062 729 3120 sunt
761 3055 794 3120 in
818 3052 918 3120 libros
941 3052 1072 3135 decem,
1095 3057 1135 3123 od
1159 3076 1297 3143 quorum
1321 3054 1442 3121 calcem

254 3162 374 3248 legitur
397 3160 460 3227 sin:
484 3159 607 3225 Τνὶννδα
631 3157 725 3240 αὔρας
750 3157 828 3240 ἔσχε
849 3161 885 3225 τὸ
909 3159 1081 3240 σύνταγμα
1104 3167 1164 3229 τῶν
1193 3163 1259 3242 περὶ
1285 3157 1444 3239 Θεαγένην

255 3268 309 3336 καὶ
334 3266 537 3348 Χαρίκλειαν·
557 3260 840 3346 laurissensium
861 3262 962 3342 Φοίνιξ
981 3265 1165 3344 Ἐμεσηνὸς,
1182 3272 1241 3331 τῶν
1256 3268 1319 3347 αφ’
1339 3265 1443 3329 ‘ilnlou

255 3373 362 3455 ploos,
387 3370 545 3437 ernustes
563 3377 638 3444 παῖς
659 3370 845 3453 Ἡλιόδωρος.
884 3371 1001 3438 Fertur
1020 3371 1082 3438 iste
1104 3369 1292 3438 Heliodorus
1316 3368 1462 3455 Episce·

258 3499 320 3568 pus
340 3476 443 3544 luisse
474 3475 607 3541 Triccae
638 3475 672 3541 in
697 3475 861 3542 Thessalia
884 3485 917 3544 et
941 3477 1060 3544 vixisse
1090 3486 1206 3564 quarto
1228 3475 1296 3544 iere
1318 3472 1446 3542 saeculo

258 3594 329 3675 post
345 3583 511 3651 Cicutam
533 3589 646 3649 natum
659 3600 717 3648 nec
742 3581 842 3649 habeo
859 3602 920 3650 our
940 3581 1035 3649 iidem
1047 3582 1229 3670 denegem,
1248 3601 1444 3670 quamquem

258 3689 371 3759 sedulo
392 3706 552 3775 quaerens
574 3685 659 3752 nulle
686 3687 792 3754 inveni
813 3689 893 3755 setis
912 3696 1000 3755 certa
1021 3686 1162 3769 indicia,
1184 3689 1445 3777 Aethiopiccrum

258 3797 450 3884 scriptorem
471 3792 633 3860 lrotrrinem
656 3790 879 3860 christianum
901 3792 1010 3861 luisse.
1045 3793 1107 3860 Sed
1121 3814 1221 3880 quum
1237 3794 1376 3862 Achilles
1388 3794 1449 3860 Ta·

259 3905 326 3973 tius
349 3910 381 3969 et
405 3897 580 3986 Xenophon
611 3897 771 3985 Ephesius
792 3910 824 3965 et
848 3897 1035 3966 Heliodorus
1057 3898 1245 3966 describunt
1267 3900 1448 3966 amantium

260 4027 395 4076 suorum
407 4006 439 4072 in
458 4006 603 4094 Aegypto
614 4021 742 4071 errores
754 4013 787 4070 et
798 4023 989 4082 aerumnas,
1016 4004 1097 4071 illod
1116 4004 1216 4071 miror
1228 4025 1289 4072 eur
1307 4002 1449 4072 ileliodo·

260 4133 318 4181 rus
336 4112 395 4178 lroe
413 4110 538 4177 tabulae
557 4110 650 4197 quasi
667 4108 795 4178 theatro
813 4111 860 4177 uti
878 4110 1029 4190 voluerit,
1046 4112 1102 4198 qui
1115 4116 1297 4201 Aegyptum
1315 4110 1450 4178 minime

261 4218 394 4285 haberet
425 4218 600 4302 cognitum.
646 4216 695 4284 lix
728 4215 879 4302 plurimis
908 4216 1039 4283 indiciis
1065 4215 1147 4282 dabo
1178 4237 1279 4305 pauca
1303 4210 1449 4299 exempla

263 4324 403 4392 manime
433 4321 585 4407 insignia.
635 4323 675 4389 ln
695 4319 836 4389 editione
861 4320 1034 4408 Hirschigii
1060 4325 1233 4401 nostratis,
1258 4339 1340 4407 quoe
1364 4336 1449 4385 anno

267 4433 353 4497 tatto
372 4426 508 4497 mrtem
524 4425 664 4515 prodiit,
692 4447 771 4495 auur
788 4427 989 4508 lmrrltems,
1013 4426 1100 4514 quod
1119 4430 1240 4508 miror,
1263 4429 1350 4493 inter
1369 4424 1451 4492 ileo·
