3254 5034
732 374 833 421 vsan.
1338 357 1380 420 63

188 536 446 607 calamitate.
494 543 537 610 Et
569 542 630 610 alia
662 543 698 608 in
726 542 859 611 eandem
886 543 1080 611 sententiam
1105 544 1228 630 scripta
1252 542 1382 628 excogi-

189 645 250 709 tari
276 656 423 731 possunt.

235 752 368 818 Retraxi
387 755 579 822 vocabulum
598 753 684 841 quod
703 754 742 821 ad
757 758 949 823 sententiam
966 755 1184 821 necessarium
1196 753 1382 828 ridebatur;

189 856 302 944 ablego
323 867 434 925 contra
452 861 536 948 quod
555 860 670 927 inutile
681 871 730 927 est
741 901 785 911 -
799 883 872 928 nam
889 871 958 948 post
971 870 1256 927 commemoratam
1270 859 1310 926 de
1325 860 1382 924 ini·

189 964 268 1028 mici
289 973 393 1030 morte
417 965 586 1044 laetitiam,
613 969 802 1053 praesertim
826 969 858 1032 in
872 966 988 1032 litteris
1002 973 1044 1031 a⁰.
1062 967 1097 1033 U.
1120 971 1183 1033 702
1197 965 1298 1042 datis,
1311 966 1384 1051 quis

190 1088 254 1134 non
265 1070 296 1134 in
311 1072 420 1137 animo
435 1071 529 1139 babet
542 1072 703 1139 Clodium?
715 1112 752 1123 -
763 1083 795 1139 et
807 1074 839 1138 in
850 1071 909 1139 bac
919 1073 1145 1139 coniunctione
1157 1073 1390 1158 pronominum

191 1177 365 1257 vitiosum,
399 1198 514 1245 nomen
547 1179 745 1246 Clodium.
796 1180 875 1245 Nam
909 1197 1083 1266 pronomen
1117 1176 1175 1243 boc
1207 1177 1275 1242 loco
1307 1176 1382 1242 sim·

190 1281 319 1368 pliciter
343 1305 402 1370 pro
426 1285 495 1372 ipsc
520 1288 648 1352 nomine
673 1288 812 1372 positum
838 1295 907 1365 est;
935 1289 961 1351 si
988 1292 1115 1350 notaret
1139 1282 1286 1349 Clodium
1313 1291 1384 1348 tan·

192 1407 289 1474 quam
317 1399 428 1456 notum
450 1390 613 1457 hominem
634 1401 689 1456 aut
712 1391 866 1470 nobilem,
891 1411 1008 1456 nonren
1028 1410 1045 1456 a
1066 1389 1256 1476 pronomine
1276 1387 1384 1454 divelli

191 1514 256 1559 non
297 1504 437 1582 poterat,
477 1497 532 1563 sed
567 1510 653 1564 recte
690 1508 760 1564 erat
786 1498 909 1563 illum
935 1495 1121 1562 Clodium
1149 1498 1303 1582 ipsum,
1328 1504 1384 1561 aut

190 1601 325 1687 ipsum
353 1602 471 1669 illurn
496 1601 698 1669 clodium.

238 1704 361 1773 Crebro
397 1710 428 1772 in
461 1699 624 1775 Ciceronis
655 1709 799 1796 epistolis
832 1710 962 1775 nomina
995 1707 1161 1773 bominum
1189 1706 1384 1793 interpolata

190 1820 280 1879 sunt.
329 1813 429 1880 Cuius
457 1817 585 1900 generis
616 1816 718 1882 multa
749 1816 813 1881 iam
846 1815 907 1880 riri
939 1813 1025 1879 docti
1058 1812 1272 1878 sustulerunt.
1322 1813 1406 1901 lley

191 1927 280 1985 stant
313 1927 421 1986 tamen
455 1920 611 1998 tollenda,
647 1921 745 1988 veluti
779 1921 818 1986 ad
851 1920 940 1986 Fam.
974 1918 1041 1985 XV.
1074 1923 1105 1986 8.
1138 1917 1271 1999 Quare
1300 1939 1385 2005 gra·

192 2033 277 2090 tum
318 2024 420 2091 mihi
459 2025 617 2094 leceris
658 2030 691 2092 si
728 2028 847 2093 uxori
883 2034 977 2092 tuae
1013 2024 1187 2113 [luciae]
1227 2027 1387 2111 gravis·

193 2132 322 2197 simae
364 2141 488 2219 atque
529 2135 709 2220 optimae
752 2132 933 2198 lemicae
971 2132 1072 2197 meis
1116 2130 1260 2198 verbis
1299 2132 1385 2197 eris

193 2237 452 2324 gratulatus.
510 2238 571 2321 Ad.
611 2238 647 2320 Q.
683 2238 723 2304 lr.
759 2238 800 2305 ll.
845 2238 903 2322 Ep.
941 2242 981 2314 4,
1022 2241 1050 2301 1.
1099 2237 1225 2302 Homo
1263 2246 1384 2324 petu-

193 2343 290 2410 lans
327 2352 368 2410 et
399 2343 537 2410 audax
575 2344 804 2433 [Vatinius]
844 2342 965 2409 valde
1000 2343 1286 2428 perturbatus
1321 2343 1386 2410 de·

195 2449 497 2537 bilitatusque
535 2449 753 2517 discessit.
810 2448 891 2516 lbid.
939 2448 997 2534 Ep.
1028 2453 1066 2525 6,
1099 2456 1129 2514 s.
1166 2449 1281 2516 llune
1315 2451 1386 2536 igi·

198 2566 269 2623 tur
300 2557 527 2645 [Catonem]
563 2554 772 2623 Lentulus
803 2576 820 2619 a
854 2554 1023 2641 legibus
1053 2556 1249 2621 removit.
1305 2556 1385 2622 lbid.

197 2663 254 2729 lll.
278 2668 316 2740 9,
344 2667 375 2729 9.
405 2663 648 2729 Ciceronem
677 2669 716 2729 et
738 2670 780 2726 ut
802 2681 926 2747 rogas
948 2679 1049 2738 amo,
1071 2669 1109 2727 et
1134 2669 1175 2726 ut
1197 2671 1388 2728 meretur

195 2777 235 2835 et
261 2767 407 2849 debeo;
442 2768 613 2834 dimitto
636 2777 771 2834 autem
796 2786 814 2831 a
839 2786 896 2834 ma
922 2777 962 2832 et
986 2777 1028 2831 ut
1053 2787 1070 2831 a
1097 2767 1317 2851 magistris
1342 2787 1388 2834 ne

198 2874 402 2943 abducam
425 2883 463 2940 at
488 2874 597 2961 qnod
617 2873 951 2963 mater[Porcia]
972 2892 1047 2939 non
1069 2870 1269 2949 discedit,
1299 2875 1389 2940 sine

196 3001 274 3069 qua
299 2980 557 3047 edacitatem
582 2981 705 3067 pueri
731 2981 996 3066 pertimesco.
1031 2979 1067 3046 In
1092 3000 1155 3065 quo
1181 2980 1248 3046 loco
1273 2979 1387 3047 laisum

198 3088 315 3154 matris
339 3107 453 3154 nomen
480 3086 741 3173 interpolatorem
766 3088 891 3171 arguit;
916 3084 971 3150 secl
991 3105 1032 3151 ne
1052 3105 1163 3151 rerum
1185 3085 1315 3172 quidem
1335 3107 1389 3153 no·

197 3215 274 3261 men
300 3214 392 3281 posse
415 3192 493 3259 lerri
520 3194 582 3258 iam
611 3191 730 3258 viderat
757 3192 932 3258 llanutius.

246 3300 314 3368 lllis
345 3302 377 3365 in
408 3299 487 3366 locis
519 3299 647 3364 nomina
679 3299 748 3364 sine
782 3297 910 3375 lraude,
951 3298 1174 3363 commonendi
1208 3319 1323 3378 causa,
1355 3301 1388 3366 in

198 3408 347 3492 margine
378 3414 433 3471 aut
464 3407 551 3473 inter
584 3424 695 3471 versus
730 3404 892 3491 adscripta
919 3423 975 3490 per
996 3403 1201 3470 librariorum
1227 3406 1388 3473 inscitiam

199 3516 287 3580 inter
317 3513 487 3599 scriptoris
518 3511 615 3578 verba
646 3509 750 3577 delata
781 3518 866 3575 sunt.
922 3508 993 3575 Alia
1024 3511 1107 3574 ratio
1137 3520 1186 3578 est
1216 3510 1256 3577 ad
1286 3511 1321 3593 Q.
1348 3514 1388 3580 lr.

200 3619 258 3688 lll.
294 3619 423 3706 Epi,
468 3625 497 3685 l.
531 3616 741 3685 Gabinius
772 3616 992 3682 absolutus
1025 3624 1100 3681 est.
1138 3616 1313 3684 Omnino
1338 3620 1390 3685 ni·

200 3724 260 3792 bil
301 3733 553 3790 accusatore
590 3724 766 3789 Lentulo
806 3721 1262 3809 subscriptoribusque
1298 3726 1390 3791 eius

201 3831 430 3908 inlantius‚
457 3828 562 3894 nibil
584 3827 657 3894 illo
676 3829 862 3894 consilio
882 3826 1114 3893 sordidius.
1141 3827 1218 3895 Sed
1241 3840 1390 3910 tamen,

201 3938 286 4003 nisi
323 3934 594 4002 incredibilis
623 3936 837 4001 eontentio
868 3944 906 3999 et
934 3954 1084 4019 preces
1108 3934 1391 4021 Pompei,dic·

201 4053 372 4110 taturae
407 4043 533 4106 etiam
567 4060 707 4105 rumor
739 4039 887 4126 plenus
917 4040 1085 4105 timoris
1110 4038 1283 4119 luisset,
1308 4044 1391 4130 ipsi

203 4147 381 4217 Lentulo
411 4166 487 4211 non
520 4145 831 4232 respondisset,
864 4147 932 4232 qui
964 4155 1098 4211 tamen
1124 4145 1197 4211 illo
1221 4167 1391 4217 accusa·

202 4267 292 4323 tore
329 4252 485 4339 illoque
522 4250 703 4317 consilio
739 4251 969 4318 sententiis
1001 4248 1306 4321 condemnatus
1335 4259 1392 4325 sit

205 4360 340 4437 xxxn,
360 4379 445 4424 cum
469 4358 551 4424 bllll
571 4356 786 4425 tulissent.
808 4358 841 4422 ln
857 4358 977 4423 iudicio
990 4369 1221 4424 accusaverant
1236 4361 1391 4431 Lentulus

203 4478 233 4536 et
260 4465 512 4552 subscriptores,
535 4463 650 4550 [rigide
671 4465 782 4531 cuncti
801 4473 834 4530 et
853 4464 923 4532 sine
942 4465 1071 4551 ingenio
1084 4474 1139 4531 aut
1152 4463 1278 4533 dicendi
1294 4467 1390 4537 lacul-
