3388 5010
593 380 748 429 uncturum
768 381 804 426 rr
829 383 983 430 curruum.
1332 363 1395 431 271

249 548 440 616 Coniectura
462 551 603 636 {tacitam
627 571 685 638 pro
707 551 848 636 [luricam
873 549 955 618 male
979 549 1108 619 detensa
1135 561 1199 628 esta
1224 573 1297 621 uam
1320 572 1395 621 curn

204 656 427 724 Bouterweck.
464 658 496 721 in
533 656 679 738 Quaestt.
729 656 829 725 Lucil.
862 678 892 745 p.
930 662 970 725 19
1005 657 1140 726 dixisset
1172 657 1278 726 »baud
1304 658 1397 727 lacilc

202 761 237 829 1..
272 762 462 830 Muellerum
497 763 644 851 exempla
680 774 911 850 congestarum
947 784 1018 832 essa
1052 765 1123 832 eins
1159 766 1264 846 vocis,
1298 785 1396 853 qnam

204 867 312 936 littera
346 870 609 936 inconvenienter
640 868 787 937 detracta
816 868 1039 951 effinxisset”,
1070 871 1110 938 ad
1136 869 1321 938 »dacitarn”
1346 870 1397 939 de·

202 971 398 1043 tendendum
431 995 518 1042 nunc
548 983 676 1044 tanturn
711 984 860 1064 provocat
893 976 933 1043 ad
962 975 1053 1043 illum
1082 977 1208 1058 locum,
1242 977 1296 1044 ubi
1319 975 1396 1044 olim

204 1079 294 1147 nullo
325 1100 401 1148 cum
433 1080 627 1148 documento
652 1092 805 1169 tanquam
831 1083 863 1148 in
889 1102 923 1149 re
948 1092 1037 1149 certa
1061 1081 1144 1149 dixit
1168 1082 1221 1173 (de
1244 1103 1280 1150 rc
1304 1092 1398 1151 metr.

204 1205 252 1275 p.
273 1186 371 1276 360),
402 1188 455 1254 »in
482 1188 635 1255 descendi
663 1189 758 1255 verbo
783 1187 913 1276 dempta
938 1211 955 1255 c
979 1190 1195 1276 quantitatem
1222 1190 1398 1257 tentavisse

204 1292 402 1361 bucilinm’'.
458 1294 491 1361 ld
534 1314 609 1362 vero
643 1305 692 1361 est
727 1296 956 1362 anctoritatem
991 1315 1151 1383 opponere
1183 1315 1298 1373 snam,
1335 1314 1397 1361 non

205 1399 354 1487 probare.
409 1401 507 1468 Porro
548 1409 585 1467 ut
620 1401 828 1489 participium
864 1402 1008 1489 passivae
1042 1401 1166 1469 lormae
1199 1401 1297 1469 activi
1332 1401 1398 1466 vim

206 1505 354 1574 obtinere
378 1527 470 1594 posse
493 1506 708 1584 demonstret,
728 1506 822 1573 allent
841 1528 967 1574 occano
988 1515 1020 1574 et
1040 1508 1148 1574 obitur.
1188 1505 1230 1572 dt
1250 1513 1399 1573 constare

204 1613 305 1679 etiam
343 1612 437 1679 debet
473 1612 552 1680 illud
589 1613 732 1699 flcoitnm
767 1633 785 1678 a
816 1615 964 1699 floccesro
995 1613 1106 1680 lictum
1138 1611 1304 1699 analogiae
1335 1631 1397 1677 non

205 1737 400 1805 repugnare.
449 1719 594 1805 Speciem
626 1727 713 1787 certe
742 1718 947 1787 conciliasset
970 1720 1101 1786 coalitus
1123 1726 1157 1785 et
1180 1717 1400 1803 complacitum

204 1823 334 1890 odottns
357 1833 389 1891 et
412 1826 552 1892 exoletus
575 1825 714 1892 similem
736 1845 882 1892 normam
903 1834 1096 1913 sequuntur.
1124 1824 1268 1912 (Copiose
1288 1822 1329 1890 de
1348 1821 1399 1889 bis

204 1930 388 2018 participiis
411 1933 479 2017 agit
503 1932 591 2000 Neue
611 1933 641 1999 ll
667 1953 698 2018 p.
721 1936 805 2011 252,
830 1931 925 2021 squ).
952 1929 1151 1998 Praeferrenr
1177 1930 1399 1997 coniecturam

205 2034 369 2103 Duebneri
398 2037 560 2123 pollicum
592 2047 648 2105 ant
674 2038 878 2124 implacidam
908 2037 965 2127 (:
990 2036 1248 2123 turbulentam),
1274 2043 1324 2101 ter
1347 2055 1401 2123 po·

204 2143 270 2209 sito
295 2142 327 2206 in
352 2142 461 2209 eodem
489 2164 583 2211 versu
607 2145 653 2210 in.
703 2143 810 2211 Donec
843 2142 958 2211 melius
984 2146 1151 2209 tarentum
1177 2143 1257 2219 erit,
1282 2160 1400 2228 sequar

204 2247 427 2316 Dueboerum.
468 2249 532 2327 One
553 2270 614 2315 non
639 2259 686 2316 est
708 2248 963 2324 sollicitandum
988 2248 1075 2315 aliud
1094 2249 1180 2317 enim
1201 2247 1397 2314 adiectirnm

205 2363 282 2423 ante
313 2356 475 2443 conirrpeor
508 2359 648 2444 positum
673 2376 744 2423 esse
768 2357 887 2445 potuit,
921 2376 994 2422 cnm
1028 2374 1092 2443 quo
1121 2357 1268 2422 iunctum
1301 2352 1400 2420 luerit

204 2461 352 2549 infidam.

255 2573 310 2636 rto.
338 2567 429 2634 eruc
454 2567 639 2654 ignobilitis
664 2567 714 2635 bis
739 2570 858 2635 mirum
884 2570 923 2635 dc
946 2565 1220 2633 monstrificibila.

255 2675 328 2740 Post
361 2675 478 2740 mirum
509 2674 631 2762 aliquid
664 2674 823 2742 excidisse
854 2674 982 2739 numeri
1014 2673 1139 2738 docent.
1187 2671 1229 2737 Μ.
1254 2679 1399 2736 taetrum.

118 2778 133 2789 ’
205 2780 284 2848 Post
305 2782 424 2846 mirum
447 2783 602 2847 ornissum
628 2801 697 2848 esse
721 2780 833 2846 uitium
857 2777 1054 2867 probabilius
1077 2786 1136 2844 est.

254 2893 309 2954 cs.
345 2886 462 2954 Contra
487 2886 646 2975 flagitium
673 2889 797 2954 nescire
821 2885 902 2953 bello
926 2886 1012 2951 vinci
1039 2905 1055 2950 a
1082 2882 1218 2969 barbaro

345 2991 469 3059 Viriato
493 2993 648 3061 Annibale

207 3096 293 3168 Olim
322 3098 362 3166 bl.
388 3099 544 3179 »bellurn,
569 3099 655 3167 vinci
678 3137 724 3150 -
743 3098 886 3176 Viriatc,
913 3094 1111 3165 Hannibale''
1131 3096 1239 3163 llouui
1260 3096 1309 3164 sic
1329 3097 1398 3184 plu·

207 3226 262 3274 res
293 3204 393 3273 duces
425 3213 694 3274 commemoratos
726 3204 1134 3292 rosaemannus.
1183 3201 1397 3272 Scribendnm

207 3313 361 3402 proposui
385 3313 521 3379 sarcire
552 3313 633 3379 bello
658 3350 704 3362 —
726 3312 838 3378 viriato
869 3311 1063 3387 Hannibale,
1098 3318 1134 3376 rrt
1158 3308 1400 3396 intellegeretur

207 3417 275 3485 dun
299 3417 430 3504 quidam
456 3417 633 3499 barbarus,
658 3420 727 3486 sive
750 3417 907 3503 iugurtha
928 3418 995 3484 sive
1016 3415 1117 3493 alius,
1143 3416 1198 3502 qui
1219 3414 1400 3483 armillatus

208 3522 341 3612 quidam
369 3523 527 3592 Hannibal
553 3534 659 3611 posset
683 3525 847 3613 appellari.
883 3522 976 3590 Nunc
995 3523 1187 3590 sententiam
1209 3521 1304 3588 aliam
1327 3540 1398 3608 pro·

208 3628 274 3696 lert
297 3649 380 3717 qnae
404 3652 468 3717 quo
493 3632 596 3717 magis
619 3631 717 3698 dubia
737 3640 800 3709 est,
821 3650 859 3696 eo
875 3630 998 3696 maiore
1018 3649 1092 3696 cum
1114 3625 1308 3694 confidentia
1329 3645 1400 3714 pro·

208 3733 325 3803 fertur.
376 3735 576 3813 »Lucilium
600 3737 728 3824 inquit,
753 3745 843 3802 carto
862 3734 1002 3823 spondeo
1020 3734 1147 3801 dedisse
1167 3741 1281 3819 utputa
1303 3729 1399 3798 baec:

337 3852 450 3909 contra
474 3841 635 3929 flagitium
661 3843 786 3910 nescire
812 3840 945 3920 bellum,
969 3841 1055 3906 vinci
1079 3860 1097 3906 a
1122 3837 1259 3906 barbaro

337 3947 481 4025 Viriato,
507 3947 684 4016 Hannibale
708 3947 837 4016 inerant
861 3949 916 4034 qni
941 3949 1125 4034 superiores
1148 3943 1265 4022 duce'’,

211 4054 333 4123 addens
365 4063 506 4141 quatuor
537 4054 711 4131 vocabula,
741 4072 879 4141 quorum
905 4054 936 4118 iu
963 4051 1063 4119 Nonio
1088 4071 1146 4119 nec
1170 4050 1239 4117 vola
1265 4071 1323 4118 uec
1347 4070 1401 4118 ve·

80 4224 84 4229 ,
211 4163 358 4249 stiginm.
407 4163 455 4228 lle
479 4182 541 4227 uon
568 4173 633 4229 tam
654 4161 872 4249 perspicacem
895 4179 964 4226 esse
985 4156 1105 4236 lateor,
1126 4170 1223 4246 atque
1244 4156 1322 4224 adeo
1343 4155 1400 4224 du-

211 4266 315 4335 bitare
339 4287 418 4334 num
445 4268 580 4334 llomani
608 4286 749 4355 unquam
774 4275 841 4333 tarn
867 4265 1018 4353 ambigue
1041 4265 1141 4332 locuti
1167 4266 1251 4333 sint:
1279 4264 1401 4332 Hanni·

212 4371 281 4441 bale
297 4372 380 4441 duce
401 4373 531 4441 lucrant
551 4374 733 4462 superiores
754 4372 826 4463 (boc
847 4371 916 4440 vult
936 4371 1094 4459 intellegi:
1109 4372 1292 4461 superiores
1303 4391 1400 4460 qnam

211 4479 275 4549 dux
302 4480 356 4570 ll.)
