3340 5014
672 349 886 398 raonronnm.
1337 332 1380 396 aa

178 523 291 583 autem
324 536 360 583 ea
395 516 640 604 magnitudine,
673 525 710 585 at
737 519 792 586 tali
818 517 911 585 modo
936 516 1048 584 reterri
1075 527 1198 605 posset,
1230 516 1377 584 nonnisi

179 621 316 689 deorum
339 624 540 690 marinorum
561 622 684 708 effigies
702 623 870 695 hatrelrant.
903 622 1119 706 Quamobrem
1142 644 1249 692 reram
1268 624 1378 691 lectio·

180 749 257 797 nem
278 749 349 795 esse
368 733 518 817 suspicor
537 731 670 799 eandam
691 731 812 797 Glanci.
839 731 945 798 Testis
962 728 1041 797 milri
1059 728 1294 817 quodammodo
1309 728 1378 796 Vel·

180 834 267 902 leins
297 845 368 914 est,
400 837 456 922 qui
489 836 553 924 (ΙΙ,
585 837 642 927 85)
667 835 799 912 scribit,
829 836 983 903 Plancum
1010 837 1042 900 in
1068 837 1215 903 convivio
1238 835 1376 922 qnondam

181 940 309 1008 nudum
343 950 505 1030 caputque
542 941 727 1009 redimitum
760 941 920 1009 arnnrline
953 952 984 1008 et
1021 939 1157 1008 candem
1196 938 1377 1007 trahentem

180 1045 342 1113 Glaucum
378 1047 524 1114 saltasse.
571 1046 617 1116 m.
651 1048 745 1115 Nerei
775 1046 898 1135 effigies
924 1046 1008 1136 apotl
1042 1047 1241 1123 Paenitetne,
1269 1045 1379 1112 llasee

179 1151 306 1228 Blacas,
336 1152 402 1219 tab.
429 1157 484 1219 20.

234 1257 390 1345 Deinceps
422 1258 501 1325 hacc
524 1257 693 1345 tegamur:
717 1258 764 1326 ila
787 1260 841 1325 isti
865 1280 959 1324 anam
983 1257 1174 1346 condempno
1197 1257 1381 1324 sententiam

181 1363 381 1429 nrnlrimodir
403 1365 545 1452 sacr'anr,
569 1364 736 1440 ventilant,
760 1375 959 1432 coarmatant.

231 1479 270 1534 ln
298 1469 470 1558 dissociant
502 1469 609 1535 nescio
640 1490 680 1536 an
712 1471 903 1557 dispendant
937 1471 1051 1549 lateat,
1083 1469 1168 1557 qnod
1193 1477 1282 1536 certe
1304 1487 1379 1534 cnm

179 1572 248 1640 loci
272 1579 431 1642 scatentia
457 1576 542 1642 haud
568 1578 676 1662 inepte
700 1596 879 1662 congruere
902 1576 1040 1644 ridetur.

233 1678 282 1745 tta
306 1684 427 1747 amicos
451 1682 484 1761 1,
514 1690 551 1761 l,
578 1702 607 1768 p.
636 1687 710 1748 173·
759 1682 918 1748 Parrlalim
942 1682 1075 1771 deniqne
1098 1682 1156 1747 isle
1183 1680 1218 1770 [i.
1244 1698 1272 1745 e.
1294 1698 1381 1744 corrr-

182 1783 375 1876 rnendandi]
410 1809 477 1854 mos
505 1809 692 1874 proprerras
723 1797 788 1867 est,
820 1798 854 1852 or
878 1788 972 1854 etiam
996 1810 1063 1865 cos,
1094 1787 1150 1875 qai
1164 1835 1172 1852 .
1264 1783 1382 1850 indicio

180 1892 414 1977 disceptarem,
444 1914 505 1958 raon
539 1904 642 1960 tamen
665 1892 807 1980 improba
830 1914 882 1960 res
906 1893 1063 1960 or'deretar
1085 1892 1243 1959 indicibus
1256 1938 1381 1957 ......

182 1998 414 2066 commendare.

235 2104 322 2170 later
344 2103 478 2192 deniqne
500 2114 529 2170 et
554 2105 614 2170 iste
639 2104 845 2172 intercidisse
870 2103 998 2170 ridetur
1021 2126 1067 2171 eo.

236 2210 398 2296 Principia
430 2210 603 2286 historiae,
636 2232 664 2297 p.
700 2214 777 2279 207.
825 2209 954 2277 Primos
985 2210 1052 2296 ipse
1081 2211 1115 2276 in
1142 2210 1268 2298 apmine
1297 2209 1382 2275 laesa

184 2318 313 2404 saepias
341 2338 422 2405 equo
454 2317 524 2384 aelii
555 2337 649 2405 paam
679 2317 813 2404 pedibas
842 2317 972 2406 fatisci:
1003 2326 1068 2382 tam
1100 2315 1196 2382 solem
1228 2315 1381 2382 torridam

184 2423 287 2513 focile
310 2444 406 2511 qnam
428 2422 512 2490 diem
535 2444 679 2490 serenam
702 2428 807 2511 serre:
828 2424 993 2512 pulverem
1016 2427 1191 2510 consertam
1208 2442 1267 2508 pra
1288 2420 1383 2487 neber-

186 2530 232 2596 lis
253 2531 332 2616 peti.

238 2637 349 2724 Inepte
374 2634 434 2701 hoc
458 2634 544 2702 laudi
569 2635 667 2702 datar
692 2634 812 2714 Lucio,
835 2633 918 2721 quotl
943 2635 1039 2702 solem
1064 2633 1216 2701 torniolnm
1244 2643 1309 2699 tam
1336 2630 1383 2698 la·

186 2741 252 2809 cile
276 2742 349 2808 tnlit
373 2760 471 2829 qoam
495 2740 580 2809 diem
607 2761 771 2809 serenam.
822 2740 901 2807 Nam
925 2761 1025 2829 qrtum
1049 2741 1111 2806 nisi
1132 2739 1184 2807 die
1205 2758 1318 2805 sereno
1337 2720 1383 2803 ml

188 2858 316 2915 torrere
346 2867 409 2914 non
443 2846 558 2925 soleat,
593 2850 649 2935 qni
682 2847 781 2914 solem
816 2855 992 2915 torrentem
1025 2847 1104 2924 lert,
1128 2856 1161 2915 et
1185 2845 1248 2913 lert
1271 2844 1385 2932 opinor

187 2954 276 3022 diem
301 2973 464 3022 serenum.
512 2955 573 3021 l‘ro
601 2954 698 3020 solem
722 2952 878 3020 torridam
901 2954 1025 3020 scribas
1050 2953 1144 3019 aelim
1170 2951 1293 3020 coelam
1317 2961 1386 3017 ror·

189 3063 298 3130 bidom
332 3063 352 3129 i.
384 3081 414 3127 e.
448 3061 541 3127 triste
570 3069 602 3127 et
635 3059 776 3126 anilibus
807 3059 1027 3127 obscuratum.
1075 3058 1121 3125 et.
1152 3056 1234 3125 Plio.
1263 3058 1318 3145 Ep.
1343 3063 1385 3135 8,

192 3175 253 3237 17:
276 3167 398 3234 immite
420 3177 449 3233 et
472 3166 633 3233 turbidam
657 3166 801 3243 coelam·
827 3165 909 3233 l‘lin.
935 3163 973 3232 Ν.
999 3165 1036 3232 Η.
1062 3170 1120 3242 ll,
1149 3169 1206 3243 10,
1235 3169 1291 3232 10:
1316 3174 1385 3229 terr·

191 3275 259 3342 oroi
280 3274 357 3340 dies.

240 3380 365 3448 Laudes
384 3378 604 3465 neglegentiae
625 3397 655 3464 p.
676 3382 752 3445 215.
777 3376 1117 3465 Adoecms.dilipenris
1131 3426 1138 3443 .
1154 3426 1184 3444 ..
1206 3388 1235 3444 er
1256 3377 1386 3443 circrsm·

190 3496 312 3577 specim
338 3496 366 3552 el
390 3485 578 3553 resultantis
601 3485 710 3573 opibns
731 3482 862 3570 [rander
885 3492 916 3549 et
938 3485 1096 3571 emptiones
1120 3493 1149 3550 el
1172 3484 1308 3549 insidiae
1328 3505 1387 3570 po·

189 3602 315 3659 rantur.

238 3698 347 3766 ilalim
373 3696 595 3775 conculcantis,
624 3694 710 3783 quod
735 3694 795 3761 loci
820 3696 923 3762 tenori
948 3693 1223 3763 accommodatius
1247 3692 1384 3760 viteam.

240 3804 286 3872 lle
310 3803 392 3871 bello
416 3803 562 3890 partlrico
586 3823 615 3889 p.
642 3806 717 3869 221.
767 3800 831 3868 Fac
854 3800 1034 3868 memineris
1057 3813 1086 3868 et
1111 3822 1180 3869 cnm
1205 3800 1311 3867 animo
1335 3810 1387 3865 tna

192 3911 329 3999 sopitas,
366 3910 401 3976 G.
436 3909 599 3976 Caesarem
628 3907 822 3974 atrocissimo
850 3906 931 3973 bello
960 3906 1080 3975 Gallico
1104 3928 1176 3975 enm
1198 3907 1263 3975 alio
1288 3907 1387 3973 malta

192 4017 367 4097 militaria,
402 4026 468 4082 tom
500 4016 595 4081 etiam
625 4013 703 4079 dnos
733 4014 772 4079 de
802 4012 956 4100 Analopia
980 4013 1076 4080 libror
1098 4013 1389 4098 scrupulosissimos

192 4123 378 4210 scripsisse:
407 4123 489 4188 inter
511 4121 572 4187 tela
596 4119 731 4186 volantia
755 4118 793 4184 rie
815 4119 993 4185 nominibus
1016 4119 1230 4199 declinandis,
1255 4119 1295 4185 eie
1319 4140 1388 4186 aar·

195 4230 306 4295 boram
329 4228 572 4315 aspirationibus
594 4234 624 4292 el
646 4225 819 4291 rationibus
841 4225 922 4290 inter
945 4224 1076 4292 classica
1100 4235 1129 4292 cl
1152 4226 1252 4293 tabas.

243 4335 404 4401 Docemnr
437 4332 495 4399 lroc
526 4332 613 4409 loco,
643 4331 810 4398 Caesarem
838 4330 918 4397 mtto
941 4330 1062 4398 Gallico
1085 4341 1117 4397 et
1142 4331 1242 4400 multe
1267 4334 1387 4419 scripta

198 4439 352 4507 militaria
384 4449 417 4507 et
448 4438 528 4506 dnos
559 4437 598 4506 de
632 4436 784 4524 Analogia
819 4435 916 4503 libros
949 4438 1129 4525 scripsisse.
1177 4436 1303 4527 Scripta
1336 4437 1388 4505 illa
