3276 5006
272 313 336 378 128
661 332 703 379 sn
727 334 881 384 rnsroure
905 334 1054 385 sononia.

269 506 302 565 et
325 504 433 565 eontra
452 497 546 564 κακύν
570 504 603 564 et
623 499 748 581 βλάβη.
785 503 895 589 Itaque
916 506 945 568 si
965 503 1097 581 βλάβην
1119 501 1218 568 semel
1237 503 1451 567 nominaveris

269 622 501 691 supervacuum
532 608 579 669 ost
609 611 642 671 et
671 606 797 672 fatuum
824 606 918 672 κοινάν
941 605 1070 685 addere,
1102 627 1203 693 neque
1225 607 1259 672 id
1281 605 1449 673 Platonem

269 706 427 774 addidisse
448 706 540 773 iaeile
563 709 712 775 inducam
735 713 769 776 in
792 713 945 776 animum.

312 916 391 1003 Peg.
416 914 492 981 479.
516 935 546 980 s.
571 916 682 998 σχεδὸν
714 916 777 997 γάρ
808 927 896 983 ΠΟΥ
929 927 1032 984 ΟΤτοι
1063 920 1160 985 ταύτὸ
1183 919 1446 1000 διατετρανμὲνοι

267 1020 327 1086 εἰσί
344 1019 366 1107 .]
392 1018 507 1102 σχεδόν
530 1029 575 1084 TI
606 1021 810 1089 Platonicum
839 1029 906 1100 est,
939 1024 1145 1109 quamobrem
1176 1024 1308 1089 emenda
1339 1022 1448 1102 σχείἰν

266 1122 329 1206 γάρ
352 1132 398 1189 TI
421 1120 510 1190 ούτοι.
1015 1128 1021 1161 '·

313 1223 470 1294 Continuo
503 1232 662 1314 sequitur:
699 1226 798 1309 ύστερ
828 1230 866 1296 άν
897 1230 925 1295 εἰ
953 1255 1000 1303 τις
1031 1240 1095 1304 τοῖς
1124 1233 1264 1309 μεγίτοις
1299 1234 1446 1310 νοσήμασι

266 1330 483 1414 συνισχύμενος
519 1330 725 1414 διαπράξαιτο
759 1336 804 1415 μὴ
838 1333 950 1402 ἰιίύναι
984 1336 1067 1410 δίκην
1100 1342 1160 1401 τῶν
1194 1336 1261 1416 τερί
1291 1338 1327 1403 τὸ
1358 1342 1446 1414 σῶμα

266 1435 502 1517 ἁμαρτημάτων
525 1444 588 1510 τοῖο
612 1437 725 1517 ἰατροῖς
745 1437 830 1522 [μηδ’
851 1437 1054 1528 ἰατρεύεσθαι]
1071 1439 1264 1522 Φοβούμενος
1282 1443 1446 1520 ὡσπερανεὶ

266 1548 342 1614 ταῖς
372 1540 409 1607 τί
437 1542 568 1606 ιιάεσύαι
598 1542 650 1606 καί
681 1543 716 1607 τά
747 1541 910 1621 τίμνεσύαι
941 1542 988 1610 ἰτι
1015 1542 1188 1629 άλγεινύν]
1235 1543 1327 1625 Quod
1356 1545 1447 1611 Plato

266 1646 373 1710 iocans
396 1646 509 1713 festive
530 1652 564 1712 et
587 1648 665 1712 scite
688 1647 810 1713 dixerat
838 1644 948 1713 διίύναι
971 1648 1055 1723 ἰίιιορν
1078 1656 1141 1721 τοῖς
1164 1651 1277 1728 ἰατροῖς
1298 1654 1358 1715 τῶν
1380 1649 1445 1729 τερί

266 1748 302 1812 τὸ
332 1755 423 1827 σῶμα
455 1750 706 1830 ἁμαρτημάτων,
741 1751 776 1816 id
806 1755 911 1818 neseio
940 1757 1011 1837 quis
1037 1756 1262 1838 interpretatus
1283 1758 1332 1818 est
1353 1754 1447 1819 verbo

148 1880 156 1894 ·
267 1853 470 1934 ἰατρεύεσθαι.
516 1854 610 1920 Nune
632 1860 665 1919 et
689 1854 833 1922 Platonis
854 1857 969 1923 facetia
990 1864 1023 1922 et
1044 1859 1125 1923 aeria
1146 1860 1364 1941 interpretatio
1385 1875 1447 1921 uno

266 1964 372 2025 tenore
394 1961 578 2025 continuata
601 1959 761 2047 leguntur.

311 2168 391 2255 Pag.
416 2166 493 2233 480.
516 2187 547 2233 Δ.
572 2170 620 2234 lei
640 2171 696 2246 μὲν
720 2170 783 2249 γάρ
806 2170 841 2243 tt
866 2207 908 2218 —
932 2169 1026 2236 αὐτὸν
1049 2170 1157 2236 ἑαυτὸν
1179 2169 1304 2248 adarca
1323 2170 1444 2252 Φυλάτ·

266 2297 329 2339 τειν
352 2268 432 2343 ison
454 2272 499 2349 μίι
523 2271 651 2353 disesiae
674 2272 750 2360 (leg.
774 2311 817 2323 -
842 2275 923 2358 cel)
942 2275 981 2347 εἰς
1000 2277 1175 2339 ἹΚΑΝΟΝ
1198 2273 1292 2338 κακίν
1311 2269 1445 2356 ἕξοντα]

267 2378 370 2459 Quid,
395 2396 525 2461 quaeso,
549 2377 609 2443 hoe
632 2382 679 2442 est
700 2378 802 2443 ἰκανὸν
824 2374 934 2443 κακάνί
979 2377 1077 2443 Estne
1095 2362 1331 2465 dittographia‘l
1353 2379 1447 2444 κακὸν

264 2481 352 2565 ἔχειν
372 2486 485 2546 notum
508 2486 556 2546 est
578 2501 614 2546 ao
635 2483 694 2546 trit
753 2527 760 2545 .

311 2587 479 2673 Sequitur:
511 2586 565 2650 ἐάν
595 2585 627 2650 δέ
659 2588 692 2663 γ’
714 2585 844 2668 sidentia
867 2587 885 2661 ἢ
909 2585 1002 2657 αύτὸρ
1026 2587 1044 2661 ἣ
1068 2583 1165 2656 ἄλλος
1193 2583 1232 2650 ὧν
1261 2586 1444 2661 altuini,

265 2696 430 2758 imovero
453 2687 586 2755 ύνἋΝ
609 2689 749 2765 κήδονται.
796 2690 936 2778 Vulgata
963 2689 1084 2756 soloeoa
1107 2694 1155 2755 est
1177 2694 1209 2754 et
1230 2691 1324 2754 utin
1345 2709 1379 2752 re
1399 2690 1448 2752 in·

265 2794 395 2862 delinita
416 2792 454 2859 άν
476 2796 649 2860 necessario
678 2794 868 2860 addendum.
916 2791 964 2860 Oi.
987 2814 1061 2881 pag.
1086 2790 1162 2858 488.
1186 2811 1215 2858 s.
1240 2789 1274 2858 ού
1292 2790 1368 2858 *ΛΝ
1390 2790 1447 2865 κά·

265 2901 376 2979 δηται,
400 2903 502 2965 etsie
525 2898 603 2964 alibi
623 2901 751 2984 passim.

311 3110 391 3197 Pag.
416 3106 492 3172 480.
517 3123 545 3172 0.
569 3108 613 3182 μίι
644 3108 823 3172 άτοδειλιάν
846 3107 935 3173 άλλά
959 3105 1107 3185 παρέχειν
1127 3104 1276 3183 μύσαντα
1301 3102 1368 3188 [καί
1389 3105 1445 3179 εἰν·

267 3211 382 3299 δρείονο]
417 3209 515 3290 ύστερ
545 3209 665 3288 τάμνειν
686 3210 741 3285 καὶ
766 3211 850 3277 κάειν
873 3212 974 3291 ἰατρῷ.
1021 3209 1115 3285 Erat,
1146 3209 1255 3285 ored0,
1285 3210 1319 3272 in
1341 3212 1446 3273 vetere

266 3317 349 3384 libro
371 3317 417 3382 sie
439 3318 610 3400 seriptum:

491 3417 580 3484 άλλά
603 3418 751 3502 παρέχειν
775 3417 924 3496 μύσαντα
967 3430 1100 3500 despalx

491 3522 590 3603 ύστερ
614 3523 736 3602 τέμνειν
762 3525 827 3589 xri.

265 3631 396 3708 deinde,
420 3632 470 3695 uti
488 3627 539 3707 fit,
563 3632 883 3714 interpretamentum
902 3648 976 3694 eum
993 3626 1107 3713 oopula
1125 3625 1177 3692 ιιιιί
1196 3623 1334 3705 άνάρείιοι
1353 3626 1447 3707 irrep

265 3740 309 3804 sit
339 3740 373 3802 in
404 3741 540 3800 textum.
587 3734 698 3800 Μύσαι
728 3735 853 3820 proprie
882 3732 1032 3798 dicuntur
1059 3734 1115 3817 qui
1142 3731 1242 3795 οοινίοι
1268 3730 1446 3793 chaam.

168 3924 173 3931 .
265 3842 422 3909 Aristides
453 3839 545 3906 Tom.
570 3837 623 3903 Il:
642 3858 715 3926 pag.
741 3836 817 3903 573.
851 3834 950 3916 ύστερ
981 3835 1020 3901 άν
1052 3833 1158 3906 εἰτινες
1193 3832 1279 3907 aiilon
1312 3832 1447 3908 ααύαρῶι

265 3947 440 4029 Φλέγοντος
463 3943 668 4022 μύσαντες
695 3942 814 4020 λέγοιεν
843 3942 879 4007 τί
910 3940 1093 4024 Φαινύμενον
1115 3939 1169 4002 ούιι
1192 3932 1281 4002 εἰναι.
1329 3933 1448 3999 Deinde

266 4050 372 4130 μύσαι
402 4055 568 4134 tamquam
598 4049 764 4133 proverbio
794 4047 833 4113 de
862 4066 899 4112 eo
930 4046 1048 4111 dieitur
1077 4045 1133 4128 qui
1154 4038 1321 4107 obfirmato
1343 4041 1448 4103 animo

266 4155 429 4241 quodlibet
457 4154 593 4239 perferre
616 4174 653 4218 ac
674 4154 741 4239 pati
764 4157 892 4238 paratus
914 4154 972 4217 est.
1018 4146 1192 4214 Menander
1214 4143 1299 4229 apud
1320 4141 1447 4208 Stobse·

265 4279 324 4323 um
346 4258 454 4324 Floril.
481 4256 542 4335 74,
567 4254 621 4321 27.
