3244 5012
261 314 328 381 276
758 332 945 382 sinuosius.

263 498 374 567 cadus
402 505 535 587 possunt
563 521 660 587 quam
689 503 725 567 in
754 521 846 590 reges
875 496 1125 586 Spartanorum?
1163 500 1346 567 Herodotus
1383 501 1396 585 (
1447 549 1456 563 .

263 601 345 684 204)
366 606 437 678 τοὺς
460 602 615 683 ’lyrbes
639 612 805 672 enumerat
824 623 902 683 m,
926 609 960 670 et
978 603 1048 676 τοὺς
1067 605 1303 685 Εὐρυπωντίδας
1316 607 1458 672 totidem

265 707 347 791 (ιιιι.
376 707 468 798 131.)
492 708 601 793 Quum
622 710 701 776 haec
722 709 816 777 Plato
839 711 991 775 scriberet
1013 714 1103 773 erant
1123 727 1203 775 xxc.

310 813 409 881 Vetus
430 814 586 881 mendum
607 814 732 881 obsidet
752 813 852 881 libros
873 812 1019 879 Platonis
1042 833 1117 900 pag.
1144 810 1219 879 175.
1244 830 1272 880 c.
1297 813 1459 890 οὶδνμννῶν

263 943 299 982 τι
321 918 374 982 καὶ
399 918 518 998 απορῶν
541 919 594 985 καί
616 918 831 1000 βαΡΒΑρίζων
853 917 981 997 γέλωτα
1006 919 1166 1002 Θρᾴτταις
1189 917 1246 996 μδν
1263 919 1299 984 οὗ
1317 917 1457 999 ταρίχει

264 1058 307 1072 -
320 1030 384 1097 τοῖς
407 1021 439 1089 ti
462 1022 603 1097 έναντίως
623 1023 641 1100 δ
660 1026 700 1096 ὥς
720 1020 917 1103 οίνδραπίδοις
936 1020 1246 1103 ramosissimis.
1270 1020 1329 1089 Nil
1345 1029 1459 1090 mutat

262 1126 474 1205 lamblichus,
498 1127 554 1194 sed
575 1149 633 1214 pru
655 1128 791 1194 absurdo
812 1127 1010 1207 βαρβαρίζων
1032 1127 1112 1193 olim
1133 1128 1274 1195 Pisrson
1298 1127 1339 1193 ad
1363 1127 1459 1195 Moc-

146 1258 149 1263 “
262 1231 324 1297 rid.
347 1252 421 1320 pag.
449 1228 525 1297 197.
548 1231 677 1299 Platoni
698 1252 795 1298 suum
816 1231 1015 1313 βατταρίζων
1037 1232 1185 1299 reddidit.

218 1338 225 1347 '
308 1334 411 1402 Miror
428 1334 650 1402 Heindorflum
668 1335 868 1417 βαρβαρίζων
887 1339 986 1401 tueri:
1010 1337 1160 1403 omnibus
1179 1338 1266 1402 enim
1283 1335 1458 1422 locisquos
1597 1392 1603 1403 .

218 1464 220 1467 ·
264 1439 376 1505 attulit
405 1439 524 1507 dicitur
545 1439 647 1506 cleiis
669 1444 725 1526 qui
746 1439 832 1507 male
854 1438 975 1507 Graece
997 1439 1217 1525 loquebantur.
1252 1441 1356 1506 Nemo
1379 1442 1457 1516 αδν·
1596 1418 1602 1463 ⁵

263 1550 360 1622 μονῶν
388 1568 424 1610 τε
454 1545 507 1611 καὶ
539 1546 656 1626 οίπορῶν
686 1542 763 1611 suae
790 1545 923 1632 linguae
952 1565 1049 1610 usum
1080 1547 1214 1611 amittit.
1258 1545 1456 1613 Notabimus

264 1655 373 1716 autem
394 1655 464 1716 tam
486 1654 632 1736 apertum
654 1669 794 1714 errorem
813 1652 880 1715 iam
902 1650 937 1714 in
958 1647 1050 1714 libris
1072 1648 1243 1716 Iamblichi
1263 1652 1404 1734 reperiri.

308 1753 541 1842 Perantiquum
568 1757 649 1821 item
679 1756 799 1820 vitium
827 1753 908 1820 latet
938 1754 974 1819 in
1004 1775 1071 1839 sqq.
1096 1749 1118 1836 ᾧ
1142 1754 1330 1830 ἀνεμέσητα
1352 1757 1455 1829 atilae

263 1858 358 1926 δοκεῖν
388 1860 440 1925 καὶ
471 1860 570 1926 οὐδενί
600 1856 689 1925 είναι.
735 1857 932 1925 lamblichus
969 1878 1094 1943 quoque
1124 1859 1238 1925 habat:
1269 1859 1323 1924 καὶ
1355 1861 1453 1926 οὐδενί

263 1961 359 2040 ιίναι,
390 1965 446 2031 scd
471 1970 617 2031 constans
641 1968 674 2029 et
695 1968 849 2048 perpetua
869 1961 1064 2029 Graecorum
1087 1966 1232 2028 omnium
1255 1966 1454 2033 consuetudo

262 2068 404 2156 postulat
424 2074 463 2135 ut
484 2068 568 2134 οὐδέν
588 2088 645 2155 pro
668 2067 764 2133 οὐδενί
785 2071 969 2151 reponatur,
993 2072 1031 2132 ut
1052 2074 1138 2133 recte
1160 2071 1196 2132 in
1218 2068 1385 2135 Menoeceo
1404 2070 1454 2136 le·

262 2176 353 2262 gitur
374 2193 448 2261 pag.
472 2171 548 2239 247.
573 2190 605 2238 n.
631 2173 677 2259 (et
698 2172 783 2257 apud
805 2169 919 2236 Iambl.
939 2191 1013 2259 pag.
1037 2169 1130 2258 268.)
1151 2172 1233 2251 ανδρδ
1258 2172 1379 2254 οἰομένῳ
1403 2182 1452 2239 Ti

263 2274 343 2344 εἶναι
365 2280 418 2344 οὐκ
441 2277 503 2347 ieta
527 2278 650 2357 αἴσχιον
673 2275 771 2350 οὐδέν,
793 2280 826 2341 et
848 2277 978 2360 passim.
998 2275 1064 2341 vid.
1083 2275 1241 2342 Mnemon.
1255 2274 1354 2343 1874.
1374 2299 1452 2367 pag.

265 2382 341 2451 159.
375 2383 490 2450 Mirati
519 2378 670 2450 Graeculi
700 2381 796 2456 εδίίει
827 2385 859 2446 et
890 2379 973 2445 οὐδέν
996 2383 1143 2466 componi
1162 2382 1312 2448 dativum
1333 2384 1454 2450 substi-

262 2494 403 2556 tuerunt.

306 2593 476 2680 Deprensis
497 2593 564 2658 iam
586 2596 635 2658 tot
658 2590 861 2657 emblematis
882 2592 917 2656 in
935 2589 1027 2658 libris
1044 2594 1240 2678 perantiquis
1259 2595 1454 2678 suspicacior

260 2697 364 2765 hctus
393 2698 517 2764 furtum
546 2696 768 2762 huiuscemodi
793 2697 1025 2763 animadvertes
1047 2717 1123 2783 paga
1148 2696 1223 2763 175.
1247 2717 1278 2764 ιι.
1300 2699 1450 2776 ἀναβάλ-

260 2803 368 2867 λοσίαι
392 2801 424 2867 δέ
446 2802 500 2867 οὐκ
523 2801 708 2880 έπιςαμένου
731 2799 870 2877 ἐπιδέξια
892 2799 1061 2880 έλευίέρως.
1089 2801 1184 2868 Plato
1202 2806 1290 2868 enim
1309 2802 1450 2879 ἐπιδέξια

260 2911 389 2973 tantum
418 2906 543 2972 meras
571 2911 604 2972 et
625 2904 741 2971 sciolus
762 2906 868 2971 nescio
892 2908 964 2991 quis
986 2905 1144 2985 ἐλευθέρως
1168 2907 1208 2972 de
1230 2928 1287 2973 suo
1309 2908 1447 2974 addidit.

259 3011 412 3079 liiusdem
444 3010 584 3077 hominis
617 3015 666 3077 est
696 3009 737 3077 ad
768 3017 898 3094 Θρᾷττα
928 3010 1104 3077 adscribere
1134 3012 1310 3088 tepescente
1342 3019 1377 3078 et
1407 3013 1450 3079 ad

259 3115 399 3194 ίπιδέξια
421 3114 589 3196 lassasset.
624 3115 697 3181 Non
719 3115 813 3181 aliter
834 3121 943 3180 tamen
965 3115 1000 3179 in
1022 3113 1193 3181 Iamblichi
1211 3114 1304 3181 libris
1322 3115 1452 3204 legeba-

259 3227 330 3298 tur,
355 3240 417 3285 non
440 3218 533 3285 aliter
554 3221 589 3284 in
610 3217 753 3284 Pollucis
776 3217 801 3283 1.
827 3217 910 3284 159:
934 3224 1023 3285 eram
1045 3220 1132 3286 enim
1155 3219 1233 3286 haec
1255 3220 1451 3288 emblemata

259 3326 422 3412 aliquanto
443 3324 495 3389 his
517 3323 666 3389 omnibus
688 3326 877 3409 antiquiora.

155 3466 157 3472 =
303 3428 383 3495 Post
410 3447 512 3515 pauca
540 3447 613 3515 pag.
640 3424 714 3492 175.
738 3446 771 3493 a.
804 3429 890 3508 ὀρθῶς
922 3427 1055 3505 ὑμνῆσαι
1086 3429 1157 3494 θεῶν
1187 3453 1233 3494 τε.
1253 3430 1305 3495 καὶ
1334 3432 1448 3510 οίνδρῶν

258 3532 444 3612 εὖδαιμίνων
466 3533 534 3611 βίον
559 3533 699 3617 [elisii]
735 3530 814 3597 Delo
837 3533 947 3607 οδλνίῆ.
983 3531 1092 3601 Habet
1109 3538 1141 3598 et
1159 3532 1371 3613 lamblichus,
1390 3536 1448 3602 sed

259 3644 332 3706 ante
361 3636 576 3704 lamblichum
606 3636 724 3721 aliquis
753 3636 888 3721 probans
917 3635 1055 3703 Socratis
1084 3637 1208 3703 dictum
1237 3642 1272 3705 in
1295 3660 1349 3707 ora
1369 3640 1446 3706 libri

257 3744 478 3829 adsumpserat:
509 3742 618 3816 αλνίῆ.
653 3740 753 3807 Recte
782 3741 919 3820 iudicat,
945 3743 1000 3809 sed
1021 3744 1129 3827 inepte
1151 3742 1211 3808 hoc
1233 3747 1296 3829 ipsi
1317 3744 1446 3812 Platoni

257 3848 450 3916 obtruditur.
486 3845 582 3913 Hunc
612 3849 720 3932 ipsum
749 3845 894 3913 Platonis
923 3847 1032 3914 locum
1063 3847 1242 3913 describens
1264 3850 1445 3915 Athenaeus

257 3974 332 4042 pag.
363 3951 419 4018 21.
452 3970 473 4017 Β
514 3951 592 4018 haec
622 3951 727 4017 dedit:
758 3950 864 4016 ποίντα
896 3952 1076 4030 δυναμένους
1107 3952 1196 4027 ὀξέως
1219 3977 1255 4018 τε
1278 3954 1331 4019 καὶ
1355 3949 1456 4034 τορῶς

257 4058 421 4134 διακονεῖν,
444 4055 683 4135 διαβάλλεσθαι
709 4055 740 4121 δέ
759 4056 813 4120 οὐκ
833 4056 1035 4133 έπιςαμένους
1056 4056 1184 4133 ἐπιδέξι’
1205 4057 1362 4138 ἐλευθέρως
1382 4058 1444 4124 οὐδ’

257 4162 403 4245 ἁρμονίαν
432 4161 532 4239 λίνων
554 4159 697 4239 λαβίντα
721 4162 807 4241 ίρίῶς
832 4161 964 4239 ὑμνῆσαι
988 4158 1065 4225 θεῶν
1081 4185 1118 4226 τε
1141 4163 1194 4226 καὶ
1218 4164 1376 4243 οίνίροίπων
1394 4166 1442 4228 εὖ·

258 4266 408 4346 δαιμίνων
438 4267 516 4345 βίον.
558 4266 656 4332 Recte
684 4266 782 4341 οίλιρίοῑ
806 4267 946 4344 omittit,
971 4266 1205 4347 rediissetque
1229 4268 1388 4334 lamium
1409 4270 1443 4331 in

256 4378 383 4439 textum
394 4375 570 4456 irrepserat.
584 4371 679 4455 Apud
690 4370 933 4456 Aristophanem
946 4373 1000 4435 Αο.
1019 4370 1115 4436 1567.
1128 4393 1213 4438 nunc
1223 4378 1308 4439 recte
1320 4372 1441 4435 editur:
