3340 5014
563 337 757 387 rnreoeoorou
780 337 817 383 nr
839 334 967 384 carruca.
1301 314 1363 381 tto

165 506 311 590 βοοιλίοι
333 506 585 582 νίτοιιτοίνοντοςί
610 517 642 576 el
664 509 733 596 ipse
756 505 941 575 Demetrius
965 503 1089 573 foedam
1111 503 1362 571 assentationem

168 626 339 704 pertaems
373 614 478 701 palam
516 615 599 682 dixit
634 611 680 682 ίτι
711 614 808 688 οὐδεὶς
841 613 891 679 ἔτ’
924 614 1020 679 edroi
1051 610 1217 689 ’Δθιρνοιίιιν
1251 609 1363 692 plynos

167 722 278 803 μέχρις
301 721 354 788 κοί
378 721 466 805 diple
490 722 545 798 riv
564 724 692 804 ψυχήν,
717 732 753 788 ut
778 719 953 788 memoriae
979 717 1120 806 prodidit
1145 714 1237 784 testis
1256 716 1363 783 ocula·

169 840 227 897 tus
259 827 472 896 Demochares
501 826 607 916 paullo
634 828 771 895 caeteris
807 825 924 894 melior
955 822 1041 913 apud
1077 823 1277 892 Athenaeum
1307 822 1366 889 Vl.

169 957 205 1025 p.
228 938 294 1002 2113
318 945 360 1002 Α.

217 1146 256 1214 ln
286 1144 504 1235 psephismate
536 1143 576 1212 da
605 1144 804 1233 Antiphonta
835 1164 934 1233 supra
965 1164 997 1232 p.
1023 1145 1082 1209 111
1111 1142 1269 1230 scriptum
1294 1160 1367 1208 esse

171 1252 330 1320 vidimus:
354 1256 462 1319 τοῦτο
493 1250 525 1317 δὲ
555 1251 681 1335 ρρθψοιι
713 1253 744 1320 ἓν
774 1254 855 1337 solip
884 1259 996 1336 χαλκᾶ
1019 1249 1072 1316 sol
1097 1246 1173 1334 ρίτερ
1196 1254 1299 1315 miror
1321 1247 1366 1314 roi

170 1360 375 1443 ψηφίσματα
408 1358 452 1424 τοὶ
486 1357 554 1440 περὶ
589 1357 737 1441 Φρυνίχου
768 1359 821 1425 eal
857 1363 949 1425 τοῦτο
978 1355 1093 1423 totas.
1142 1352 1364 1444 Phrynichnm

172 1474 300 1532 constat
323 1463 363 1532 nh
388 1463 547 1530 Hermone
570 1483 609 1530 ex
632 1463 761 1532 insidiis
785 1463 994 1530 interiectum
1017 1462 1116 1530 etiam
1138 1467 1365 1548 postmortem

173 1569 405 1660 perduellionis
426 1588 498 1637 esse
515 1569 720 1638 damnatum.
770 1566 963 1636 Plutarchus
985 1569 1018 1634 in
1039 1564 1205 1634 Alcibiade
1224 1585 1295 1652 cap.
1310 1569 1366 1632 na.

173 1679 199 1744 οί
223 1676 377 1754 Ἀθηναῖοι
396 1712 441 1728 -·
460 1677 593 1756 τοῦμὲν
619 1676 769 1760 Φρυνίχου
792 1674 952 1758 τροδοτίοον
977 1674 1240 1756 κατεψηφίσαντο
1262 1673 1366 1746 τεθνιι·

174 1782 280 1861 νθτος,
315 1783 367 1850 τὸν
399 1784 426 1850 δ’
448 1782 595 1864 'Eponae
625 1783 678 1848 νιοιί
712 1782 782 1857 τοὺς
813 1783 886 1862 μετ’
917 1783 1012 1848 edroi
1037 1777 1250 1865 ίςεφοίνυοοον.
1298 1777 1366 1843 llos

173 1910 302 1977 quoquo
333 1891 489 1973 ψήφισμα
524 1908 542 1954 a
573 1888 706 1955 Cratero
733 1891 777 1963 είς
800 1888 856 1964 riv
880 1887 1075 1968 Σννογωχνίν
1097 1904 1168 1952 esse
1199 1891 1365 1970 receptum

173 2005 206 2063 et
231 2016 287 2083 per
317 2015 352 2063 so
384 1996 464 2061 satis
494 2003 621 2061 certum
647 2003 696 2060 est
723 2002 756 2061 et
786 1993 909 2082 liquido
939 2000 1073 2081 apparet
1104 2010 1142 2058 ex
1172 1988 1294 2057 scholio
1326 1986 1367 2056 ad

176 2099 402 2188 Aristophanis
426 2100 637 2187 Lysistrotom
660 2119 707 2166 rs.
730 2105 806 2168 313.

265 2208 313 2282 τίς
335 2204 523 2286 ξυλλάβοιτ’
547 2204 587 2272 δν
610 2210 664 2270 τοῦ
688 2203 783 2283 ξύλου
805 2214 864 2273 τῶν
888 2207 919 2272 ίν
943 2203 1044 2288 Σοίμρ
1068 2210 1251 2288 τροτνχῶνς

175 2313 310 2391 Δίδυμος
340 2312 394 2379 κοί
425 2310 576 2395 Κρατερός
608 2317 689 2394 Φοιοι
722 2317 830 2379 τοῦτο
854 2312 1043 2379 οοίνίττεοθοιι
1074 2313 1118 2384 είς
1144 2312 1293 2393 Φρύνιχον
1315 2313 1368 2377 τίν

176 2419 401 2500 Στρατωνίδου.
436 2415 678 2494 ἔνοικοιςθοιίτοοτο
709 2418 773 2499 γὰρ
801 2422 875 2500 τρίς
906 2417 1078 2496 rivisiacus
1106 2417 1137 2483 ίν
1162 2415 1263 2499 trino
1291 2438 1368 2498 spa·

174 2531 295 2605 τνχῶν,
328 2522 387 2595 ὅτι
419 2523 600 2607 ίψιςφίτοοτο
633 2524 705 2589 κοτ’
744 2526 840 2591 αὐτοῦ
872 2524 886 2589 θ
915 2526 1010 2602 δῆμος
1041 2522 1176 2602 διιροίοιοι
1211 2519 1288 2589 eluar
1324 2522 1368 2590 rai

176 2632 326 2715 Φρυνίχου
351 2630 507 2713 χρήματα
530 2628 583 2695 καί
606 2636 662 2705 τῆς
688 2630 753 2696 θεοῦ
779 2631 815 2696 ri
845 2629 973 2698 δίκροτον
994 2628 1084 2711 μέρος
1107 2627 1160 2694 eal
1185 2628 1240 2703 τδρν
1271 2628 1370 2695 otoo

176 2737 396 2822 νοτετνιοίφθοιι
436 2738 532 2802 αὐτοῦ
565 2735 617 2801 uel
650 2733 738 2801 ἄλλοι
773 2738 881 2803 πολλοὶ
915 2737 988 2802 νοντ’
1019 2736 1116 2801 αὐτοῦ
1161 2732 1300 2817 ἔγραψεν
1339 2733 1370 2798 ἐν

175 2844 256 2927 situ
272 2852 395 2927 χαλκῇ.
443 2841 528 2907 llaec
544 2850 580 2907 ut
600 2840 662 2907 alia
687 2840 828 2928 plurima
853 2843 885 2907 in
910 2839 1041 2908 scholiis
1064 2839 1104 2906 ad
1121 2838 1367 2927 Aristophanem

175 2971 215 3018 ax
238 2951 371 3037 antiqua
394 2954 427 3013 et
449 2946 578 3015 erudita
598 2948 806 3015 annotatione
827 2947 956 3038 Didymi
981 2966 1000 3013 a
1020 2947 1199 3013 recentiore
1212 2946 1370 3032 magistro

175 3055 216 3123 ad
238 3053 322 3123 hanc
347 3073 456 3122 rerum
480 3052 658 3120 exilitatem
681 3062 712 3120 et
737 3055 892 3122 orationis
917 3052 1086 3119 infantiam
1111 3050 1368 3140 compendifacta

177 3169 264 3229 sunt.
313 3161 350 3228 ln
376 3159 440 3226 illis
463 3157 594 3225 scholiis
617 3178 679 3224 non
700 3178 752 3227 res
777 3161 864 3247 ipsae
887 3167 1044 3247 apparent
1074 3157 1130 3225 sed
1159 3177 1269 3225 rerum
1296 3177 1370 3225 um·

179 3268 266 3336 brae.
313 3264 398 3348 Quid
434 3264 577 3332 ieiunius
609 3283 705 3352 quam
730 3264 975 3343 ίνονονθειίοοιτο
1010 3264 1083 3346 τρδς
1117 3266 1170 3332 τὸν
1206 3265 1301 3344 δῆμον
1334 3262 1373 3331 da

175 3374 359 3463 proditore?

224 3478 307 3563 Quid
343 3476 560 3564 negligentius
595 3495 692 3563 quarn
729 3476 865 3559 Δίδυμος
894 3476 947 3543 sal
978 3474 1129 3558 Κροοτερίς
1161 3483 1280 3560 φασιν,
1320 3475 1374 3543 uhi

179 3585 337 3676 Didymus
354 3582 476 3650 Crateri
497 3582 683 3649 testimonio
700 3583 807 3650 luerat
827 3582 926 3650 usus?
951 3583 1017 3649 lloc
1035 3582 1147 3649 saltem
1167 3601 1206 3648 ex
1224 3581 1375 3649 mutilato

179 3690 300 3758 scholio
329 3698 399 3757 tulo
430 3687 613 3775 colligimus
643 3688 812 3757 Craterum
845 3688 940 3756 rerba
974 3687 1197 3776 Aristophanis
1222 3696 1309 3755 recte
1333 3686 1374 3755 ud

180 3794 402 3887 Phrynichum
434 3795 585 3861 retulisse
616 3803 648 3861 et
682 3796 852 3883 explicatis
885 3795 1026 3869 breviter
1064 3793 1240 3883 Phrynichi
1277 3794 1375 3861 rehus

179 3906 223 3973 rai
245 3903 313 3984 περὶ
338 3907 391 3969 τοῦ
416 3900 567 3983 Φρυνίχου
590 3901 791 3984 ψηφίσματα
816 3901 1002 3969 subiecisse.
1053 3898 1285 3987 Psophismali,
1312 3917 1376 3985 quo

180 4006 387 4099 Phrynichus
423 4027 497 4073 reus
530 4005 636 4073 lactus
668 4019 737 4088 est,
774 4006 884 4074 addita
912 4015 983 4073 erat
1016 4004 1235 4086 ἠκοτοδίνν,
1260 4003 1374 4072 iisdem

180 4116 288 4183 verbis
311 4123 484 4201 concepta,
508 4132 590 4200 quae
615 4114 647 4179 iu
676 4114 897 4202 Psophismale
920 4111 960 4178 de
991 4110 1188 4198 Antiphontis
1211 4109 1373 4177 vidimus:

181 4222 316 4302 δυροίοιοι
339 4217 415 4287 είνοιι
444 4219 488 4285 τοὶ
520 4219 670 4301 Φρυνίχου
702 4220 857 4302 χρήματα
889 4218 942 4285 sol
966 4225 1022 4294 τῆς
1050 4219 1115 4285 θεοῦ
1138 4221 1174 4285 τί
1198 4216 1377 4284 ἕτοδίιιοιτον

182 4339 214 4395 et
239 4326 361 4413 reliqua
386 4344 468 4412 quae
489 4323 597 4390 rerhis
620 4323 777 4411 legitimis
799 4345 837 4391 ac
861 4324 1059 4392 solemnibus
1083 4326 1210 4412 concipi
1220 4322 1375 4390 solehant

185 4432 400 4501 haecomnia
430 4429 592 4519 Didymus
620 4450 659 4496 er
692 4433 824 4499 Cratero
856 4429 1029 4518 diligenter
1060 4431 1296 4518 descripserat,
1321 4427 1378 4495 sed
