3340 5014
608 366 796 415 nnttoaocrm
822 366 858 413 ετ
880 367 1007 414 οιιιτιολ.
1330 352 1393 416 139

253 534 289 601 ln
310 526 382 623 cap.
409 538 464 602 28.
490 536 504 600 ὁ
529 543 678 618 Περικλής
703 535 805 621 -(τοὺς
829 535 980 623 Σαμίους)
1005 538 1148 618 χρήμασι
1172 545 1299 609 πολλοῖς
1324 536 1394 618 ἔζη·

206 642 337 721 μίωσεν·
363 637 401 707 ὦν
424 642 468 708 τὸι
487 641 544 719 μὲν
561 644 648 716 rotor
672 642 808 719 ήνεγκαν
828 645 853 707 oi
875 640 1007 720 Σοίμιοι,
1029 643 1073 708 τὸι
1097 642 1123 707 δ’
1147 644 1178 707 ἐν
1200 642 1297 725 χρόνῳ
1317 643 1393 724 ρ’κτῷ

206 745 379 827 ταξάμενοι
402 749 610 813 κατοίσειν
633 749 759 829 ὁμήρους
784 745 907 814 ἔδωκαν.
950 749 1071 813 Vitium
1097 756 1147 814 esi
1172 750 1202 813 iu
1221 749 1393 826 κατοίσειν,

209 872 348 939 namque
373 861 409 919 ut
433 863 586 919 ΦΕΡΕΙΝ
613 857 768 935 χρήματα
794 854 975 920 rectissime
999 854 1121 918 dicitur
1145 861 1181 918 ut
1210 854 1313 936 φέρειν
1341 853 1394 918 δα·

208 958 303 1037 σμὸν,
326 957 436 1041 φὸρον,
457 958 619 1037 σύνταξιν,
637 959 750 1041 ἔρανον,
770 961 817 1025 sic
841 959 1063 1042 ΚΑΤΑφίρειν
1085 977 1187 1044 neque
1206 958 1289 1025 dixit
1309 959 1396 1044 quis·

208 1083 304 1149 quam
331 1084 435 1150 neque
458 1085 495 1131 eo
519 1085 614 1131 sensu
634 1066 697 1130 dici
721 1073 834 1151 potest.
872 1064 955 1146 Quid
976 1065 1054 1131 latet
1073 1065 1176 1150 igitur
1197 1065 1228 1129 in
1247 1074 1396 1131 ΚΑΤΟΙ·

211 1169 329 1235 celtu?
366 1170 523 1236 Graecum
558 1180 606 1237 esi
630 1173 807 1248 ἀποτίσειν,
841 1171 896 1237 sed
924 1169 1086 1236 Plutarchi
1112 1169 1282 1249 ταξάμενοι
1306 1172 1396 1236 cicro-

209 1276 334 1341 τίσειν
357 1276 397 1341 ob
422 1274 545 1341 hiatum
573 1275 693 1342 vitabat
711 1276 830 1343 dicere.
868 1277 973 1361 igitur
989 1285 1265 1343 ΚΑΤΑΘΗΕΕΙΝ
1283 1294 1395 1341 verum

211 1380 357 1457 uidetur,
382 1382 457 1467 quia
489 1382 688 1449 κατατιθέναι
713 1383 913 1469 prominere
944 1381 1027 1469 apud
1053 1374 1211 1469 optimum
1237 1398 1398 1468 quemque

210 1489 367 1555 usitatum
393 1496 462 1567 cst,
489 1496 523 1554 ut
549 1490 580 1553 in
605 1486 746 1554 Nubibus
770 1497 844 1553 noio
871 1486 938 1554 ioco
964 1508 1008 1553 vs.
1034 1492 1098 1553 245

861 1594 967 1672 μισὸὁν
989 1594 1014 1659 δ’
1038 1590 1126 1659 ὁντιν*
1151 1592 1189 1658 ὁιν

345 1697 467 1783 προίττή
489 1702 527 1779 μ’
550 1701 689 1780 ὁμοὸμαί
711 1725 755 1766 σοι
779 1699 1024 1776 καταὸήσειν
1049 1700 1119 1773 τοὺς
1144 1695 1239 1771 ὁεοιίς.

256 1908 291 1976 ln
311 1931 382 1997 cap.
405 1916 460 1978 50.
485 1911 610 1991 λέγουσι
630 1914 661 1979 ὁὸ
674 1952 718 1962 -
731 1913 828 1978 εἰπεῖν
850 1911 1019 1988 Πολυοίλκκ
1036 1912 1096 1978 τῶν
1115 1909 1273 1993 πρέσβεων
1292 1907 1400 1987 τινοί,

212 2036 269 2103 pro
290 2016 361 2082 τινα
391 2015 540 2103 loquendi
573 2037 651 2084 usus
685 2014 738 2083 ἕνα
758 2018 922 2111 requirit,
945 2027 980 2084 ut
1003 2018 1114 2084 Latine
1138 2037 1200 2083 non
1225 2016 1399 2103 lecatorum

211 2122 345 2209 aliquis,
369 2121 424 2189 sed
449 2145 530 2188 uuus
555 2145 572 2189 ο
595 2124 718 2211 iconiis

256 2334 290 2401 in
305 2353 374 2420 cap.
389 2338 443 2400 ὁὸ.
458 2332 676 2416 Ἀναξαγόραν
692 2335 749 2413 μὲν
767 2331 816 2401 οὖν
828 2333 987 2417 ἐξέπεμψε
1007 2334 1069 2400 καί
1091 2334 1345 2417 προῦπεμψεν
1365 2334 1400 2400 ἐκ

210 2445 265 2513 τῆς
289 2438 417 2513 πὸλεως.
466 2439 689 2528 Dittograpiria
721 2442 753 2506 in
787 2440 837 2506 iris
870 2442 971 2516 inest,
1005 2460 1107 2526 raeque
1132 2449 1180 2507 cst
1205 2441 1273 2507 neri
1295 2440 1400 2506 simiic

212 2543 365 2612 Periclem
393 2544 493 2631 palam
517 2546 651 2612 Athenis
682 2544 852 2613 abeuntem
875 2552 1095 2632 Anaxagoram
1121 2568 1186 2612 esso
1202 2557 1398 2633 prosecutum

213 2651 438 2741 (προπέμψαι).
487 2650 573 2716 Πίστιν
599 2660 631 2718 ct
654 2650 767 2717 furtim
793 2651 1015 2739 philosophum
1042 2651 1120 2719 urbe
1140 2652 1294 2718 emissum
1319 2653 1400 2718 ratio

212 2755 314 2823 (locet.
362 2757 447 2844 Ergo
478 2756 720 2825 rescribendum
746 2757 894 2839 φοβηθείς
918 2756 1171 2839 ὑπεξέπεμψεν
1195 2758 1229 2823 ἐκ
1252 2766 1309 2835 τῆς
1342 2756 1399 2823 πί·

212 2878 300 2939 λεοις.

258 3073 293 3140 itt
319 3095 389 3161 cap.
419 3080 459 3140 53
492 3077 534 3157 τῷ
565 3076 596 3140 ὁὸ
627 3081 774 3157 Περικλεῖ
799 3072 892 3139 ὁεινὸν
922 3073 1067 3155 ἐφαίνετο
1091 3075 1163 3156 πρὸς
1187 3076 1257 3151 τοὺς
1279 3077 1400 3159 ἑξακισ-

213 3189 403 3247 MTPIOTC
423 3182 668 3259 Πελοποννησίων
688 3183 740 3249 καί
763 3186 895 3247 Βοιωτῶν
914 3179 1046 3255 ὁπλίτας
1060 3218 1105 3230 -
1116 3179 1227 3261 μοίχκν
1248 3181 1400 3265 σννοίψαι.

214 3286 296 3368 Quid
321 3287 437 3354 audioi
462 3286 670 3370 ἑξακισμύριοι
694 3288 821 3353 ὁπλῖται
843 3287 874 3351 in
896 3286 1036 3351 Atticam
1066 3286 1257 3353 introierant
1278 3298 1307 3353 ct
1333 3308 1402 3373 spe·

216 3390 328 3458 rabant
357 3414 391 3458 se
415 3392 626 3461 Athenienses
650 3392 689 3458 ad
717 3413 856 3482 pugnam
881 3390 996 3459 eiicere
1022 3412 1134 3478 nosse,
1159 3395 1198 3467 ὁς
1226 3399 1285 3459 τῶν
1309 3395 1401 3468 ’λίκ-

215 3499 303 3564 ναίων
334 3499 391 3566 ὁπὸ
422 3500 616 3582 Φρονήματος
652 3500 911 3580 διαμαχουμένων
946 3501 1018 3581 πρὸς
1054 3499 1179 3572 αὐτούς.
1236 3499 1401 3565 Dementia

174 3616 178 3623 ’
213 3601 292 3670 hacc
315 3605 447 3691 quidem
470 3614 531 3673 est.
570 3605 632 3673 Sed
658 3616 833 3671 nouerant
855 3603 977 3670 viribus
1002 3615 1067 3671 tam
1094 3605 1258 3692 dispares,
1279 3604 1403 3670 scribae

214 3709 306 3776 nobis
330 3710 553 3797 imposuerunt
572 3721 604 3779 et
629 3732 665 3779 cx
692 3712 759 3798 ipsa
784 3713 829 3779 rei
857 3721 971 3777 natura
997 3709 1214 3777 rescribemus
1237 3708 1404 3788 ὁξακισΧΙ-

213 3818 559 3893 Λιοτοὲιπιιπας.
1438 3811 1444 3824 “

261 4027 295 4094 ln
321 4048 390 4114 cap.
405 4033 453 4095 st
478 4030 618 4116 primum
641 4028 680 4094 de
706 4028 873 4097 Sintcnisii
895 4029 1053 4096 sententia
1071 4025 1276 4094 scribendum
1298 4028 1405 4111 torta-

214 4136 310 4212 ὁνρσαν
334 4135 407 4216 πρὸς
429 4136 481 4201 τὸν
503 4135 657 4218 Περικλία
677 4136 818 4218 καὸοίπερ
842 4136 915 4217 πρὸς
935 4134 1037 4216 ίατρὸν
1057 4134 1109 4199 καί
1133 4134 1254 4216 πατέρα
1272 4145 1311 4219 τῇ
1332 4136 1404 4220 ιιὸσρι

214 4242 508 4323 παραφρονήσαντες
541 4242 593 4308 καί
628 4242 743 4309 aaron
767 4242 990 4325 ἐπεχείρησαν.
1016 4260 1074 4326 pro
1098 4239 1228 4326 vutgata
1250 4243 1404 4322 Περικλέα

217 4346 300 4436 [καί]
331 4346 472 4429 καὸοὸπερ
505 4349 606 4431 ίατρὸν
632 4387 671 4398 -
699 4348 992 4432 παραφρονήσαντες
1025 4346 1141 4414 οὸὁικεῖν
1179 4348 1404 4430 ἐπεχείρησαν.

215 4452 330 4521 deinde
353 4452 388 4521 in
411 4455 617 4536 ἐπεχείρησαν
638 4454 914 4531 ἈΝΑπεισὸίντες
930 4453 1124 4542 praepositio
1142 4462 1234 4520 ANA
1255 4475 1293 4521 ex
1316 4475 1403 4543 prae·
