3244 5012
277 334 342 399 334
610 351 653 398 ιω
676 350 905 400 urruouosrmr
929 351 1123 399 rrmrmsu.

368 520 529 596 Στέλλεν,
556 518 651 597 ἀνοιξ,
676 519 754 594 δήεις
779 523 809 585 δὲ
834 522 925 603 Φόβῳ
949 520 1182 601 κεχοιλοισμένοι
1205 518 1305 597 τόξον,

412 632 549 704 Κοιῖσκρ·
576 624 722 707 ποιτρῴων
744 625 771 689 δ’
792 624 911 707 ἀρξοιι
936 629 991 692 ἀπ’
1017 608 1178 691 ἀντολέων.

320 732 461 797 Annotet
482 730 668 796 Duebnems
693 731 764 809 „Ad
787 719 958 797 'linianum
981 733 1020 798 eb
1039 733 1146 798 Aenea
1165 738 1197 798 et
1213 731 1289 798 Julo
1307 730 1476 816 originem

275 835 406 903 fortasse
428 837 596 922 respicitur
603 857 611 914 ;
636 836 691 902 sed
714 837 793 921 quid
814 839 877 903 sibi
900 836 973 903 vult
996 835 1128 918 ἀρξωι3”
1148 837 1206 905 Nil
1223 858 1314 913 sune,
1327 834 1384 901 sed
1406 834 1477 900 Au·

276 959 412 1008 rrrsrue
433 941 545 1027 procul
568 942 665 1008 dubio
689 944 870 1027 scripserat:

655 1043 800 1126 ποιτρῴων
824 1046 850 1111 δ’
874 1045 989 1126 ἄρξον
1011 1048 1074 1112 ἀπ’
1098 1047 1268 1124 ἀντολέων,
1295 1044 1398 1131 (pro)

366 1151 484 1230 Ῥἀμην
506 1155 535 1216 τ’
560 1151 629 1239 (pro
641 1153 694 1239 δ’),
717 1153 837 1233 ὦκεοινῷ
863 1152 1064 1233 περιτέρμονοι
1084 1151 1254 1224 πάντοθεν,
1280 1152 1375 1221 adsis

412 1264 526 1338 πρῶτος
550 1255 742 1337 ἀνερχομένῳ
766 1257 943 1339 σφράχισοιι
969 1257 1075 1340 ἠελίῳ.

268 1364 372 1445 patrio
401 1385 469 1428 vero
498 1380 604 1428 nudus
628 1361 727 1449 (inde)
753 1363 789 1426 ab
813 1369 882 1427 ortu
905 1366 979 1429 eett.
1016 1362 1169 1441 Librarii,
1194 1359 1371 1444 σφράγισοοι
1396 1380 1475 1425 eon·

273 1467 440 1535 fundentes
463 1488 538 1534 cum
560 1465 724 1533 infinitivo
748 1467 945 1550 σφριινισοιι,
968 1488 1026 1552 pro
1048 1464 1136 1547 ἀρξον
1157 1466 1311 1532 dederunt
1328 1462 1439 1546 ἀρξοιι.

319 1572 429 1661 Epigr.
455 1571 540 1651 301,
566 1570 598 1637 3.

366 1680 384 1754 ἢ
408 1681 468 1759 οὐχ
492 1677 579 1755 ἀλιι,
603 1674 669 1763 dm
692 1674 801 1756 μάλοιο
823 1677 999 1760 περίδρομον
1022 1675 1127 1760 ἀχθος
1150 1676 1328 1755 ἀνάγκης

410 1783 567 1864 σπειρηδδν
589 1781 724 1855 σκοτόεις
747 1783 964 1857 κωκλοδιωκτος
989 1780 1063 1863 ἔχω.

319 1889 389 1954 Imu
417 1889 595 1970 ἀνάγκη,
627 1892 649 1953 i.
674 1909 702 1953 e.
735 1890 908 1953 νιοοωισνὶο.
955 1888 1066 1954 Finale
1095 1898 1206 1953 Icum
1231 1895 1254 1950 C
1278 1907 1370 1971 saepe
1395 1906 1473 1953 eon·

275 1993 366 2060 fundi
389 1999 502 2061 nutum
526 1997 583 2059 est.

319 2098 430 2187 Epigr.
456 2096 539 2178 307,
565 2097 596 2163 3.

954 2204 1108 2278 Λητοΐδην
1131 2204 1194 2283 γὰρ

364 2307 588 2391 ἕχθνὶροισμ
610 2306 727 2373 θέλει
751 2316 835 2382 Ζηνοι
858 2309 911 2374 τὸν
935 2307 1095 2384 Λῖνεάδην.

273 2415 346 2500 Ipse
368 2416 523 2500 oppositio
546 2413 684 2479 declaret
706 2435 820 2479 verum
843 2435 908 2479 esse
931 2420 1053 2494 φιλεῖ
1073 2418 1203 2494 (distel
1226 2433 1283 2497 pre
1308 2420 1469 2493 ΘΕΛΕΙ),

274 2519 370 2605 idque
396 2521 504 2605 ipsum
534 2537 674 2584 servasse
704 2504 806 2583 vides
828 2516 1024 2595 Plenudem‚
1056 2518 1110 2584 sed
1140 2517 1179 2584 de
1210 2537 1299 2582 more
1327 2516 1471 2584 editores

274 2630 460 2709 spreverunt
482 2627 638 2709 optimam
660 2622 839 2689 lectionem.

321 2729 431 2817 Epigr.
457 2727 532 2794 333.

368 2840 495 2912 Στῶμεν
518 2835 707 2917 ἀλιρράντοιο
731 2835 818 2915 πσρά
839 2834 1023 2915 χθονμοιλάν
1043 2833 1173 2913 χθόνά
1197 2833 1348 2900 πόντον.

274 2937 437 3003 Lseuuum
459 2943 627 3005 statuerim
650 2940 784 3006 absurde
807 2939 967 3024 expletam
991 2961 1009 3005 a
1032 2940 1153 3005 scribis.

321 3040 358 3106 In
380 3048 507 3109 vetusto
529 3043 611 3109 libro
634 3049 812 3130 supererat:
895 3026 903 3035 ¹

367 3154 495 3225 Στῶμεν
519 3148 705 3229 ἀλιρράντοιο
732 3150 818 3228 ποιρά
841 3146 1025 3228 χθονμμλάν
1047 3148 1129 3230 χθο
1142 3173 1155 3212 ν
1167 3150 1187 3188 *
1199 3150 1218 3187 i
1230 3151 1249 3186 ⁸

274 3249 431 3334 Equidem
456 3253 687 3339 suppleverim:
712 3251 870 3333 χθο(νδς
892 3254 1047 3342 ἀκτάν).

320 3355 430 3444 Epigr.
455 3355 537 3435 359,
564 3358 584 3423 5
606 3380 651 3444 sq.

832 3461 915 3543 ἔχεις
940 3466 1059 3544 χάμον;
1084 3466 1138 3529 οὐκ
1161 3462 1326 3545 ἀμέριμνον

411 3565 566 3644 ἕσσεοιι,
591 3570 623 3633 οὐ
647 3568 798 3647 rupium
822 3568 891 3650 ζῇς
915 3567 966 3636 ἔτ’
992 3567 1186 3650 ἐρημότεροι.

274 3671 343 3739 imo
365 3693 440 3740 vero
464 3672 592 3753 ζήσει,
614 3675 698 3758 quod
717 3674 851 3741 totidem
879 3674 982 3742 literis
1005 3676 1155 3741 exhibent
1177 3673 1307 3741 Stobsei
1329 3674 1467 3742 codices.

272 3777 459 3865 Requiritur
482 3781 566 3843 enim
592 3778 752 3843 Futurum
776 3784 808 3845 et
825 3778 868 3844 ἔτι
888 3787 935 3845 est
954 3801 1233 3866 supervacaneum.
1268 3779 1359 3847 Idem
1377 3800 1469 3848 error

272 3883 384 3949 eodem
406 3883 502 3948 medo
526 3885 730 3969 castigandus
752 3886 786 3948 in
809 3886 909 3972 epigr.
935 3884 1016 3964 360,
1042 3886 1061 3950 5
1085 3906 1131 3971 sq.

318 3989 428 4077 Epigr.
455 3986 537 4067 363,
564 3988 607 4053 14
630 4009 675 4074 sq.
775 4042 779 4049 .

659 4093 711 4158 κοιδ
735 4094 862 4177 σίμβλῳ
884 4095 1079 4176 ἐφήμενοι
1106 4094 1287 4179 ε’ρχάζοντοιι

407 4196 505 4267 λενκά
528 4199 724 4278 πολντρὴτοιο
749 4199 889 4282 νεόρρντοο
912 4200 1036 4268 κάλλεοι
1060 4206 1159 4281 κηροῦ.

316 4300 483 4371 imovero
506 4303 711 4382 ἕνημενοιι.
