3276 5006
571 369 614 416 nn
636 368 790 417 sunnonis
813 368 963 417 ιιιιιιυιιιι.
1300 353 1363 420 157

176 538 290 611 τάτους
314 544 440 603 tantum
470 543 530 602 τῶν
556 539 672 604 τιιίδυν
695 543 741 604 sic
763 538 966 621 διυφίείρεινί
1000 539 1100 604 Nullo
1121 545 1250 607 omnino
1274 563 1363 609 exeo

176 646 276 732 giteri
304 644 438 728 poterit,
473 664 573 727 quum
603 647 646 709 sit
674 647 803 711 omnino
833 643 932 709 nulls.
978 643 1101 710 Deinde
1129 666 1209 729 quae
1235 652 1284 711 est
1305 647 1364 714 ills

176 750 324 833 pertitio:
349 747 402 812 ιιοιί
428 756 601 814 mose
621 748 673 812 coci
693 750 763 820 τοὺς
783 747 950 819 νεωτάτους
971 748 1053 826 ὑμῶν
1073 749 1260 830 διοιφίείρειί
1285 751 1364 833 Quis

176 850 356 938 excipitur?
401 852 504 917 Nemo
534 852 648 918 hercle.
695 853 862 918 Praeterea
892 853 969 937 quid
999 854 1062 917 sibi
1091 853 1163 920 vult
1191 858 1225 919 in
1248 855 1306 921 teli
1328 877 1363 922 re

175 958 303 1038 ἀπορεῖν
323 955 425 1021 ποιεῑί
469 955 558 1022 Num
581 960 652 1042 quis
675 959 731 1042 qui
754 958 953 1023 amarissima
974 957 1207 1024 medicamenta
1229 960 1363 1026 sititet

176 1062 261 1126 ieme
295 1067 422 1127 enectus
456 1067 505 1127 est
533 1067 566 1127 et
595 1064 649 1127 siti
681 1063 804 1143 ἀπορεῖν
827 1083 846 1127 s
868 1082 943 1127 seno
977 1062 1106 1128 homine
1140 1065 1204 1129 diei
1236 1064 1363 1149 potest?

176 1165 267 1231 Unde
291 1171 416 1244 sutem,
442 1166 559 1232 dixeris
568 1214 580 1246 ,Ι
601 1171 710 1253 inepta
730 1168 808 1233 heee
831 1167 1048 1232 additamento
1069 1168 1130 1233 hue
1148 1169 1362 1256 irrepserunt?

176 1269 299 1355 Nempe
329 1292 367 1335 ex
396 1272 438 1334 iis
461 1292 541 1355 quae
564 1274 675 1338 stetim
697 1277 769 1357 post
791 1292 810 1336 s
832 1269 969 1336 Socratis
991 1279 1170 1339 accusatore
1192 1274 1360 1342 dicuntur:

176 1373 230 1440 ε’ἀν
262 1376 309 1447 τίς
340 1398 381 1451 ροε
405 1374 422 1449 ἢ
446 1376 516 1447 τοὺς
546 1376 703 1456 νεωτέρους
734 1382 781 1458 φῇ
813 1375 997 1457 διαφθείρειν
1026 1376 1149 1457 ἀπορεῖν
1172 1380 1360 1457 ποιοῦντιιῆ

174 1479 245 1552 τοὺς
276 1479 497 1560 πρεσβυτέρους
530 1489 712 1562 κακηγορεῖν
731 1480 867 1559 strom
890 1481 1013 1561 πικροὺς
1036 1480 1158 1558 λόγους.
1206 1483 1361 1570 Opinstus

175 1588 224 1649 est
254 1583 370 1669 uliquis
399 1604 478 1670 quse
508 1588 543 1650 in
574 1584 736 1651 Socratem
766 1586 945 1651 dicerentur
975 1586 1086 1651 eedem
1114 1588 1149 1651 in
1170 1588 1230 1653 irse
1259 1590 1360 1657 facete

175 1692 407 1774 comparatione
429 1692 463 1754 in
486 1691 648 1756 medicum
672 1691 736 1755 dici
752 1690 910 1756 debuisse:
935 1696 969 1756 et
987 1690 1169 1771 διαφθείρειν
1186 1672 1218 1758 et
1236 1695 1360 1775 ἀπορεῖν

174 1801 289 1859 τοιεῑνι
313 1795 420 1879 itaque
441 1794 520 1859 dum
541 1794 615 1861 urit
634 1816 751 1883 sugere
773 1797 880 1860 iocum
901 1795 1112 1875 ἀπειροκάλως
1134 1802 1274 1885 corrupit
1292 1821 1360 1866 cm·

173 1900 235 1963 nie.
282 1897 331 1964 Er
362 1900 455 1982 coqui
482 1918 614 1983 persons
636 1898 675 1964 sd
698 1919 812 1984 pueros
833 1900 911 1964 heec
933 1906 1060 1966 tentum
1083 1900 1163 1967 salse
1186 1902 1250 1968 dici
1271 1911 1359 1989 potc-

172 2007 261 2068 runt:
285 2000 307 2067 d
330 2003 462 2077 ποιῖάες,
485 2004 591 2069 πολλοὶ
614 2005 697 2081 ὑμᾶς
720 2003 772 2068 καί
797 2002 951 2069 candid*
974 2004 1120 2085 είργοιςοιι
1144 2007 1217 2086 ἀνίρρ
1238 2009 1357 2085 τίμιον

172 2131 209 2172 τε
240 2107 292 2172 κονί
323 2107 405 2173 κάοιν
435 2108 488 2172 ιιοιί
520 2108 684 2187 ίοχνιιίνωυ
714 2108 766 2173 καί
800 2109 917 2185 τοίνυν
938 2111 1111 2190 πικρίτοοτά
1135 2120 1194 2176 Te
1217 2115 1357 2193 πάροοοτοι

172 2212 267 2298 διδοὺς
299 2213 351 2277 ssi
383 2222 488 2288 πεινῆν
518 2213 570 2279 κοιί
599 2214 691 2293 διψῆν
713 2212 910 2294 ἀνοιγκάζοιν.
956 2214 1028 2280 Duo
1051 2214 1168 2282 ultime
1189 2220 1357 2304 participis

171 2318 267 2390 διδούς
291 2324 324 2381 et
345 2316 532 2409 ἀνοιγκάζων
559 2339 598 2384 ex
621 2319 738 2396 τοίνυν
761 2339 911 2404 suspense
932 2325 1025 2384 sunt:
1058 2319 1162 2401 πνίγει
1186 2322 1249 2403 esp
1273 2307 1356 2402 ὑμᾶς

170 2422 345 2503 πικρίτοιτά
368 2430 426 2486 ΤΕ
448 2424 588 2503 ποίμοιτοι
610 2423 707 2498 διδούς
731 2423 794 2487 κτὲ.

217 2632 297 2719 Peg.
322 2632 397 2698 522.
421 2651 452 2697 s.
486 2633 598 2699 Editor
626 2635 753 2699 scribit:
785 2633 811 2698 εί
840 2633 916 2698 είποι
948 2634 1002 2709 τὴν
1027 2635 1173 2710 ἀλήθειαν
1195 2638 1240 2687 -’-
1265 2635 1356 2703 τόσον

172 2737 224 2801 eise
255 2736 293 2801 ἀν
323 2736 499 2814 ἀντιβοῆσαι
529 2739 599 2809 τοὺς
628 2738 780 2811 τοιούτους
811 2737 960 2816 δικοιςάςς
998 2739 1030 2803 οὐ
1062 2738 1167 2819 μένου
1201 2779 1244 2791 -
1263 2747 1355 2818 Ἴσως

171 2841 287 2906 sirete!
308 2865 348 2918 γε
370 2841 442 2921 κοί·
489 2842 560 2908 Non
590 2848 637 2907 est
668 2840 788 2908 Graeco
818 2844 1003 2928 compositio
1026 2842 1118 2909 πίνον
1140 2843 1192 2909 οίει
1216 2844 1255 2909 ἀν
1277 2847 1355 2913 ἀνοι-

170 2947 286 3024 βοῆσαι
294 2965 303 3024 ,·
338 2946 393 3027 sed
424 2946 515 3011 πίσον
546 2946 584 3010 ἀν
615 2946 677 3012 οίει.
709 2942 956 3033 Ἰηίθττοςυίίνυ
982 2947 1048 3023 τίς,
1071 2948 1124 3027 τί,
1148 2955 1230 3029 πῶς,
1255 2948 1356 3029 τίθεν,

172 3050 280 3125 τόσος,
304 3057 387 3122 ποῖος
411 3055 484 3116 cett.
508 3051 656 3118 vocnlsm
680 3050 718 3116 ἀν
741 3051 905 3117 sttruhunt
927 3052 966 3117 sd
989 3073 1074 3132 sese,
1099 3053 1147 3126 τίς
1169 3051 1222 3130 ἀν,
1246 3058 1279 3122 τί
1302 3055 1357 3134 ἀν,

172 3158 235 3228 πῶς
260 3153 309 3231 ἀν,
338 3155 429 3219 πίνον
453 3154 501 3233 ἀι,
526 3162 558 3222 et
580 3158 652 3220 sim.
676 3156 842 3221 Praeterea
863 3158 898 3220 in
917 3144 1138 3224 huiuscemodi
1156 3160 1357 3249 interrogeti-

172 3280 231 3323 one
261 3261 325 3330 πῶς
357 3259 471 3335 δοκεῖς,
506 3260 598 3326 πίτυν
627 3260 741 3339 δοκεῖς,
773 3260 865 3327 πίνον
889 3260 927 3325 ἀν
950 3262 1022 3337 οἴει,
1054 3266 1248 3349 responsioni
1268 3266 1358 3332 loeus

170 3363 280 3427 nullus
309 3369 375 3428 est:
408 3386 484 3430 nem
514 3368 542 3431 si
572 3368 644 3450 quis
665 3368 714 3430 its
735 3365 814 3432 dicit
837 3373 900 3440 πῶς
925 3365 1020 3440 δοκεῖς
1043 3368 1243 3450 redemtum
1274 3370 1358 3436 nihil

172 3489 211 3532 ex
231 3467 330 3532 altero
349 3472 490 3552 quaerit,
515 3469 569 3534 sed
588 3470 671 3554 qnod
694 3470 791 3535 sentit
811 3473 879 3556 ipse
901 3474 1042 3538 animose
1064 3472 1152 3537 dicit.
1200 3472 1358 3553 Quamob-

170 3593 239 3637 rem
272 3573 305 3635 οὐ
336 3571 441 3650 atym
477 3576 583 3659 inepte
613 3575 754 3640 abundat
784 3580 816 3640 et
845 3575 1015 3642 delendum
1050 3581 1107 3641 est.
1155 3576 1239 3642 Tum
1272 3583 1357 3643 recte

171 3675 284 3741 Editor
307 3682 463 3761 expuncto
485 3675 556 3751 ίνιυς
578 3682 695 3745 retinet
717 3679 832 3744 υίεσίιιί
854 3704 893 3757 νε
915 3681 995 3760 χρή,
1019 3687 1057 3744 ut
1079 3686 1128 3746 est
1147 3681 1231 3765 opud
1252 3681 1358 3747 Plato

171 3802 245 3845 nem
277 3784 459 3846 sexcenties.
506 3781 630 3847 Mirum
661 3788 709 3847 est
738 3803 800 3868 qno
827 3788 920 3869 pecto
943 3784 1120 3869 irrepserit,
1153 3785 1208 3850 sed
1229 3789 1359 3852 retineri

171 3906 234 3950 non
256 3904 346 3969 posse
369 3888 572 3971 perspicuum
595 3892 651 3952 est.

216 4094 296 4183 Peg.
321 4095 397 4161 522.
418 4116 447 4162 e.
472 4097 542 4162 οὔτε
564 4098 696 4174 τάληθὲς
719 4095 776 4174 ἔξω
799 4100 896 4165 εἰπεῖν
918 4098 963 4166 ὅτι
987 4101 1121 4175 Διιοοιίυς
1139 4100 1247 4168 πάντοι
1266 4106 1357 4169 τοῦτ’

172 4202 235 4279 ἐγὼ
267 4199 352 4278 λίνον
385 4201 438 4266 xci
469 4202 611 4284 τράττΩ
635 4202 670 4267 τί
695 4203 836 4286 ὑμέτερον
859 4204 894 4279 tt
917 4209 1026 4285 τοῦτο,
1050 4203 1072 4271 ὦ
1095 4205 1198 4287 ἀνδρες
1221 4206 1358 4277 tenaces.
1413 4199 1415 4202 ’

172 4343 214 4355 —-
241 4304 305 4371 οὔτ’
337 4304 417 4372 ἀλλο
450 4307 542 4372 οὐδέν.
590 4307 835 4393 Ωυοοὶεειίιιοιιο
863 4309 971 4376 locum
1005 4310 1113 4400 relego
1144 4331 1201 4398 pro
1231 4312 1358 4392 τράττω

171 4412 297 4493 requiro
327 4411 533 4498 perticipium
565 4414 756 4496 πράττΩΝ,
789 4415 824 4480 id
854 4422 902 4481 cst
932 4420 1038 4482 τοῦτον
1068 4416 1164 4484 πάντ’
1193 4419 1253 4498 ἐγὼ
1275 4418 1358 4498 λέγω
