3254 5034
727 302 927 351 HISGBLLANBA

413 471 502 537 άλλά
526 470 665 552 νεάτεράς
687 472 766 548 iro.
793 475 935 552 θμηλικῖη
959 476 986 543 δ’
1009 475 1075 556 ἐμοὶ
1099 477 1202 560 αιἰτῷ·

414 575 544 664 τοῦνεκα
568 579 614 644 σοὶ
639 578 769 662 προτέρῳ
793 579 874 647 διθσω
897 582 1039 665 χρύσειον
1062 579 1198 650 άλεισον.

276 680 445 747 Scholion:
478 682 572 764 θχρῆν
599 686 758 766 θρθοτονεῖν
788 689 844 762 την
875 689 944 755 σοθ.
992 688 1155 766 Ζηνόδοτος
1187 689 1217 756 δὲ
1249 690 1419 759 τοῦνεκά

228 812 291 858 τοι
314 792 433 874 γράφει
449 798 542 858 νοῶν
564 789 611 856 ὅτι
634 791 683 855 ἐπὶ
708 800 763 866 τῆς
787 792 931 869 διατολνῖο
953 792 1246 875 παραλαμβάνεται
1270 799 1287 873 ri
1311 821 1384 864 τοι.

278 898 355 963 Boni
379 895 502 963 iiirrurii
520 896 569 961 iris
588 898 788 962 contrarium
811 896 969 965 dederunt
988 920 1085 987 quatu
1108 900 1191 986 quod
1213 901 1419 968 Aristarchus

231 1004 425 1091 scripserat,
447 1020 574 1088 nempe:
593 1004 746 1081 άχνοῶν
765 999 810 1070 ὅτι
824 1005 874 1071 ἐπὶ
892 1014 948 1083 τῆς
969 1004 1113 1083 διαςολῖμ
1126 1006 1418 1089 παραλαμβάνεται

232 1109 346 1186 rioci.

276 1320 437 1394 ’Τπάθεσις
460 1317 534 1384 titri
559 1316 720 1408 Odysseae
746 1329 791 1385 0:
815 1319 1046 1401 άναγνοιρισμθν
1069 1325 1122 1386 τοῦ
1143 1320 1315 1396 Ὀδυσσέως
1335 1337 1418 1401 λαμ·

231 1426 323 1506 βάνει
346 1425 399 1490 καὶ
422 1422 515 1498 οὕτως
531 1426 618 1504 μετά
641 1425 675 1491 τδ
700 1426 715 1490 ἒ
723 1450 738 1490 ν
761 1428 905 1511 Ἀθηνᾷ
930 1428 982 1492 τδν
997 1425 1192 1506 Τηλέμαχον
1211 1426 1254 1506 τῶ
1273 1425 1423 1491 Ὀδυσσεῖ

231 1531 318 1596 κατά
340 1536 399 1594 τῶν
422 1532 579 1610 μνηςάρων
602 1529 718 1612 ὄλεθρος
741 1532 875 1609 γίνεται.

277 1635 409 1700 Monstri
432 1633 553 1722 aliquid
579 1636 678 1702 niitur
701 1638 732 1700 in
754 1637 860 1703 neritis
880 1639 911 1702 ἐν
930 1637 1065 1721 Ἀθηνᾷ,
1091 1637 1123 1700 in
1149 1635 1267 1722 quihus
1287 1655 1420 1722 prorsus

232 1742 320 1804 omni
346 1760 441 1806 sensu
469 1743 578 1806 raonis
603 1743 737 1829 antiqno
761 1753 792 1809 et
815 1762 891 1808 sona
911 1740 1004 1808 lectio
1029 1750 1099 1807 tuto
1118 1740 1297 1819 delitescit,
1319 1738 1420 1808 donec

232 1844 316 1911 [elici
341 1846 528 1912 coniectura
549 1848 581 1911 io
603 1848 705 1914 iucem
732 1868 769 1915 nc
795 1850 893 1913 ritum
916 1854 1096 1913 revocetur.
1145 1846 1315 1913 Faciamus
1339 1847 1419 1933 peri·

231 1950 351 2017 cniunr.
400 1950 483 2032 Quid
516 1952 643 2017 teodoro
672 1954 770 2019 iotrre
803 1961 955 2040 putemus
981 1953 1012 2016 in
1041 1952 1287 2017 ΕΝΑΘΗΝΑΙῖ
1334 1951 1419 2019 Nihil

230 2057 316 2124 oiiuti
351 2078 448 2145 quom
481 2059 631 2124 infinitivi
663 2060 818 2124 ouristorn
853 2057 992 2144 aliquem
1019 2057 1050 2122 iu
1077 2094 1118 2111 -·
1145 2065 1279 2124 ΘΗΝΑΙ
1303 2078 1419 2125 exeun·

231 2173 313 2229 leur:
338 2167 423 2243 μετά
445 2165 480 2229 ri
503 2166 695 2230 *⁴*ottttnt
714 2164 765 2230 rin
782 2162 977 2243 Τηλέμαχον
999 2164 1040 2246 τῷ
1059 2163 1215 2228 Ὀδυσσεῖ.
1250 2164 1418 2251 liciiquuru

231 2279 279 2335 est
306 2270 469 2355 otiosum
497 2270 628 2335 urrinni
654 2267 803 2336 aiicuntic
829 2272 1043 2355 expiscenrur.
1092 2267 1258 2335 Sententia
1285 2268 1345 2335 ioci
1370 2289 1420 2334 rc-

231 2376 333 2462 quirit
356 2376 400 2449 εῖα
426 2374 540 2441 ταύτδν
572 2377 669 2441 ἐλθεῖν
692 2385 747 2441 aut
778 2374 901 2460 uiiquid
933 2373 1179 2441 eiusdemmodi.
1229 2374 1275 2440 En
1300 2375 1419 2441 enricut

230 2490 323 2548 uetus
345 2489 376 2546 ci
399 2480 567 2547 ctnendutu
590 2481 684 2546 iuctio
710 2488 963 2560 ΕΝΩΘΗΝΛΙ,
988 2481 1073 2561 μετά
1097 2479 1132 2545 τδ
1156 2481 1345 2555 ἓνωθῆναι
1367 2482 1420 2547 τδν

230 2585 427 2668 Τηλέμαχον
458 2589 500 2669 τῷ
532 2590 689 2656 Ὀδυσσεῖ.
738 2587 910 2653 Veteribus
942 2586 1105 2671 incognita
1138 2587 1236 2660 ἑνοῦν,
1259 2586 1418 2661 ἐνοῦσθαι,

232 2693 391 2768 ἑνωθηνιιι,
417 2694 561 2769 ηνιῖσθαι,
593 2690 694 2767 ἔνοσις
718 2701 780 2758 cct.
805 2691 888 2779 antid
919 2692 1083 2777 sequiores
1105 2711 1217 2757 ornnes
1239 2692 1419 2758 sexcenties

231 2807 416 2864 recurrunt.
453 2796 497 2862 Er
521 2799 686 2884 piurimis,
705 2817 787 2883 «runo
810 2798 841 2861 in
861 2808 985 2884 pronrtu
1002 2805 1096 2873 sunt,
1114 2816 1299 2883 expromunt
1318 2816 1418 2863 unum

231 2924 268 2970 ex
294 2904 457 2970 Cicrncutc
481 2903 695 2969 Alexandrino
719 2903 872 2968 Stronrnt.
900 2903 940 2969 ΙΙ.
972 2923 1044 2989 pag.
1070 2907 1134 2969 465
1158 2902 1242 2969 Pctt.
1268 2905 1322 2968 οὐκ
1343 2905 1418 2968 άνα-

231 3014 377 3088 τάσσηται
394 3011 419 3076 ei
437 3010 492 3086 ἤδη
508 3010 753 3088 κατεγνωσμένοι
777 3010 821 3081 εἰς
838 3009 873 3074 τδ
893 3010 938 3086 μὴ
957 3009 1148 3082 ἑνωθηναι
1170 3016 1235 3081 τοῖς
1255 3009 1418 3080 amatque

231 3117 435 3196 βεβιωκόσιν,
469 3115 521 3180 uiri
547 3115 676 3202 pianum
702 3123 751 3181 est
775 3116 915 3189 ἑνωθηναι
939 3126 967 3180 et
995 3116 1038 3187 εἷς
1061 3114 1176 3180 ταῦτδν
1198 3113 1296 3180 ἐλθεῖν
1319 3114 1418 3199 sigui·

233 3223 380 3289 ficatiunc
404 3220 481 3287 nihii
503 3220 651 3298 differre,
675 3219 729 3286 seri
756 3219 814 3285 itcc
837 3227 979 3286 retcrurn
1005 3230 1037 3286 et
1057 3218 1262 3306 probatorum
1284 3221 1420 3307 scripto·

231 3348 305 3395 ruru
329 3338 396 3407 est¹
424 3326 500 3393 iiiuti
526 3327 768 3395 Graeculorum.

277 3536 392 3628 Odyss.
417 3549 457 3605 Δ.
483 3542 558 3604 216.

368 3642 405 3719 ὣς
430 3643 538 3728 ἔφατ’,
563 3643 746 3727 Ἀσφαλθων
771 3644 799 3709 δ’
822 3643 871 3727 άρ’
895 3642 969 3727 ὕδωρ
993 3644 1044 3709 ἐπὶ
1068 3651 1178 3725 χεῖρας
1202 3641 1310 3724 ἔχευεν

369 3751 487 3832 ὀτρηρὸς
510 3751 646 3832 θεράπων
668 3750 833 3817 Μενελάου
856 3752 1047 3831 κυδαλθμοισ.

281 3855 445 3923 Scholion:
470 3858 574 3923 οἰκεῖον
599 3856 633 3921 τδ
654 3854 750 3932 ὄνομα
771 3855 934 3923 Μενελάου
959 3856 1136 3939 θεράποντι.
1159 3861 1291 3930 τοιοῦτος
1314 3857 1346 3923 δὲ
1367 3856 1419 3923 καὶ

234 3964 454 4037 δἘτεωνεθς.
487 3965 539 4029 οὐκ
560 3961 809 4034 άνεπισκέπτως·
841 3964 902 4029 άπδ
927 3964 991 4045 γάρ
1019 3970 1077 4029 τῶν
1100 3962 1343 4043 συμπτωμάτων
1365 3963 1417 4028 καὶ

234 4070 279 4136 τά
301 4069 440 4149 θνάματα
469 4078 533 4143 τοῖς
565 4068 697 4141 οἰκέταις
722 4067 836 4135 τιθέναι
863 4069 1030 4149 εἰώθαμεν,
1062 4070 1101 4143 ric
1124 4070 1178 4135 καὶ
1202 4070 1216 4132 δ
1240 4064 1419 4143 Πηνελόπης

237 4174 358 4255 δόμος
382 4174 433 4242 διά
454 4174 507 4241 τδν
529 4172 637 4256 τράποι
660 4178 718 4238 τῶν
741 4173 902 4240 δεσποτῶν.

280 4281 316 4347 1η
341 4278 509 4347 codicibus
537 4276 767 4344 uetustioribus
793 4288 901 4344 otrurn
934 4295 965 4345 λι
991 4300 1032 4346 an
1059 4302 1085 4357 μ
1117 4277 1275 4366 scriptum
1300 4279 1343 4345 sit
1366 4277 1419 4343 rix

233 4386 335 4455 ccuiis
358 4385 547 4472 dignoscere
571 4386 683 4471 possis.
731 4383 785 4451 Sic
811 4383 869 4450 irco
893 4383 961 4450 ioco
992 4393 1160 4472 peccatum
1183 4393 1252 4464 est,
1278 4402 1418 4471 namque
