3242 5014
271 308 335 373 190
773 326 944 375 uounsrcr.

373 493 421 575 όψ
456 496 602 567 Ὀδυσεὺς
628 497 713 560 κατὰ
736 500 837 575 κρᾶτα
862 491 1084 575 καλυψάμενος
1114 493 1184 579 (Od.
1210 503 1248 557 θ.
1275 489 1343 571 92.)

316 597 408 665 Iliad.
431 619 463 665 r.
489 598 565 666 567.
590 596 684 665 οἰσσον
707 600 793 666 too:
817 595 864 665 ότι
885 598 1044 673 Ζηνόδοτος
1065 599 1184 679 νροίΦει
1207 592 1324 662 οἰσσον
1346 595 1456 662 ἰόντε.

272 706 325 769 οιίκ
349 702 394 772 ἔτι
418 704 449 770 δὲ
473 706 546 770 ἀλλ’
569 707 639 773 οἰντί
664 710 717 771 τοῦ
740 705 880 777 ἰόντος.
907 713 1029 785 συγχεῖ
1049 703 1079 768 δὲ
1102 702 1154 767 καί
1177 703 1212 767 τό
1235 701 1307 774 διός.
1341 700 1458 766 Emen-

272 809 329 875 da:
355 809 422 873 όντί
446 814 500 875 τοῦ
523 808 626 876 ἰόντΛ.
651 818 773 891 συγχεῖ
794 809 825 874 δί
848 810 900 873 καί
923 809 958 872 τό
982 808 1136 883 δυίκόν,
1160 829 1235 872 cum
1254 806 1410 871 Bellero·

316 913 422 978 Facile
452 920 581 999 apparet
603 936 713 979 omnes
734 915 791 979 hae
814 913 965 978 Zenodoti
987 914 1158 997 scripturas
1180 913 1312 977 vitiosas
1334 932 1402 975 esse
1424 916 1458 975 et

271 1038 449 1102 perversas,
482 1019 535 1083 sed
566 1040 628 1084 non
658 1021 720 1103 ipsi
750 1018 907 1084 Zenodoto
935 1019 1155 1103 imputandas,
1187 1017 1243 1082 sed
1264 1016 1356 1081 libris
1380 1035 1458 1099 qnos

271 1123 477 1207 sequebatur,
509 1123 543 1188 id
572 1145 694 1209 quoque
724 1126 802 1188 satis
832 1144 980 1207 apparere
1002 1124 1147 1187 arbitror.
1192 1122 1266 1187 Non
1286 1120 1344 1185 ille
1365 1120 1458 1185 bonis

271 1226 460 1292 lectionibus
490 1227 592 1293 malas
620 1228 846 1312 anteponebat,
876 1228 930 1293 sed
953 1249 1015 1293 non
1037 1228 1173 1293 habebat
1194 1226 1352 1291 meliores.
1396 1223 1458 1289 Re

271 1330 462 1416 prehendere
494 1337 602 1397 autem
632 1330 828 1398 Zenodotum
859 1333 941 1417 quod
970 1332 1029 1398 illa
1050 1338 1178 1397 vetusta
1199 1331 1355 1396 librorum
1376 1331 1459 1395 vitia

271 1455 334 1501 nou
364 1435 495 1502 sustulit
516 1436 645 1522 perinde
669 1443 716 1501 est
738 1457 774 1501 ac
796 1440 824 1501 si
846 1440 918 1521 quis
939 1437 1038 1503 vellet
1059 1436 1255 1502 Zenodotum
1277 1437 1459 1520 vituperare

272 1539 355 1625 quod
377 1562 440 1606 non
462 1545 544 1606 esset
566 1541 778 1605 Aristarchus.
813 1540 924 1626 Itaque
947 1541 1107 1617 Ζηνόδοτος
1131 1539 1249 1621 νροίφει
1268 1539 1353 1604 nihil
1370 1537 1460 1603 aliud

271 1643 431 1732 significat
461 1666 558 1730 quam
585 1646 630 1707 cic
651 1645 792 1727 cereptum
816 1668 876 1709 care
897 1649 931 1710 in
953 1646 1104 1712 Zenodoti
1125 1645 1263 1710 editione
1285 1664 1325 1708 ex
1347 1643 1456 1719 libris,

272 1752 327 1834 qui
350 1748 408 1814 ills
436 1754 539 1815 aetate
568 1749 794 1834 suppetebant,
826 1753 1010 1835 composita.
1057 1749 1173 1814 Omnia
1193 1750 1271 1815 haec
1294 1748 1459 1812 mesdavit

272 1854 475 1919 Aristarchus
506 1860 539 1919 et
568 1852 660 1919 libris
693 1852 788 1939 longe
820 1853 966 1937 pluribus
997 1859 1029 1918 et
1057 1853 1244 1918 melioribus
1274 1853 1403 1917 adiutus
1425 1858 1459 1916 et

272 1977 349 2020 usus
378 1957 435 2022 illa
467 1957 649 2023 admirabili
679 1958 848 2040 ἀγχινοίᾳ.
879 1957 982 2041 qualis
1003 1962 1222 2041 praeterquam
1244 1957 1279 2021 in
1301 1937 1458 2022 nmernmo

273 2063 307 2125 in
329 2060 419 2125 nullo
443 2060 505 2126 alio
527 2081 684 2146 umquam
705 2062 777 2126 fuir.

318 2163 356 2228 In
379 2183 442 2228 uno
472 2169 598 2228 tantum
626 2164 703 2230 libri
723 2167 821 2251 primi
842 2165 911 2231 loco
933 2167 1134 2232 Aristarchus
1155 2164 1348 2230 Zenodoteae
1368 2162 1459 2227 lecti·

273 2271 341 2334 onis
365 2268 618 2334 emendationem
641 2271 804 2356 ingeniose
826 2277 859 2336 et
881 2275 972 2335 acute
991 2273 1133 2335 institnit
1149 2273 1256 2356 magis
1273 2287 1371 2353 quarn
1388 2287 1458 2351 per-

273 2373 360 2439 fecit.
409 2371 500 2438 Iliad.
522 2390 554 2441 l.
581 2372 655 2439 129.

883 2477 912 2542 εἰ
933 2478 967 2544 αἰ
990 2479 1057 2543 ποόι
1081 2477 1156 2549 Ζειίς

500 2583 570 2662 δῷσι
596 2582 685 2647 πόλιν
707 2584 816 2660 Τροίην
838 2583 993 2661 εὐτείχεον
1015 2583 1229 2660 ἐξαλαπάξαι.

317 2688 404 2752 Audi
425 2687 663 2753 Aristarchum:
696 2689 727 2765 (ἡ
752 2687 846 2759 διπλῆ
870 2686 1097 2773 περιεςινμένη)
1123 2683 1168 2751 ότι
1192 2685 1353 2760 Ζηνόδοτος
1376 2686 1458 2762 γραί-

272 2797 327 2873 Φει
351 2793 516 2872 Τροίην,
549 2793 587 2863 οἰς
619 2791 668 2855 ε’πί
700 2794 754 2866 την
775 2794 868 2856 Ἴλιον
889 2792 1073 2869 βουλόμενος
1097 2792 1238 2870 γενέσθαι
1260 2793 1316 2865 τίην
1339 2792 1458 2872 οἰναφο·

272 2897 337 2976 ροίν.
361 2897 528 2970 οἰπιόοίνως.
561 2895 672 2970 οἰδηλον
703 2898 766 2975 γὰρ
790 2892 824 2969 ἦν
846 2899 872 2961 εἰ
897 2897 1142 2971 {scicrisscieris
1168 2895 1229 2965 ἔςιν
1253 2893 1302 2962 οὖν
1326 2898 1340 2961 ό
1363 2896 1458 2971 λόγος

273 3003 339 3081 περί
371 3005 445 3079 μιοίς
477 3002 594 3071 πόλεως
624 3003 683 3065 τῶν
714 3003 876 3078 περιοίιιων.
901 3001 1022 3073 ταύτας
1046 3002 1109 3083 γαρ
1133 3000 1248 3080 ἐπόρθει
1271 2998 1457 3080 Ἀχιλλεύς.

273 3107 315 3172 διό
347 3107 399 3173 καί
425 3107 455 3171 όν
478 3115 507 3171 Τ
510 3114 588 3172 PICI
620 3109 801 3184 συλλαβαῖς
825 3106 1081 3183 ἀναγινώσκεται.
1126 3105 1215 3175 Haeo
1237 3106 1455 3181 Aristonicus,

272 3212 328 3295 qui
353 3211 442 3275 addit
464 3211 503 3276 ad
526 3232 572 3278 νε.
599 3208 673 3275 164.

898 3315 1008 3380 ὁππότ’
1034 3314 1163 3394 Ἀχαιοί

499 3421 606 3503 Τροίων
631 3418 795 3500 ἐκπέρσαντ’
819 3418 1007 3499 εόυαιόμενον
1029 3420 1213 3500 πτολίεθρον.

273 3527 304 3614 (εἰ
328 3524 435 3612 διπλῆ)
467 3522 514 3591 ότι
540 3524 672 3607 Φανερίν
695 3526 729 3589 εἰι
752 3524 859 3590 τοιίτον
882 3526 920 3597 οἰς
946 3523 997 3591 καί
1022 3525 1052 3589 ἰν
1075 3532 1138 3597 τοίς
1162 3520 1263 3589 ἐποίνω
1285 3524 1357 3606 περί
1377 3546 1455 3597 τνος

271 3637 330 3698 τῶν
354 3632 526 3712 περιχώρων
550 3631 594 3700 er
619 3630 736 3695 πόλεων
760 3630 774 3694 ό
798 3627 898 3705 λόγος.
945 3629 1122 3694 Aristarchi
1143 3629 1369 3695 correctionem
1386 3649 1456 3715 pro

272 3738 362 3803 bavit
393 3742 425 3802 et
455 3756 537 3800 novo
560 3724 749 3821 argumento
771 3731 928 3797 stabilivit
948 3731 1149 3799 Herodianus
1172 3733 1212 3798 ad
1233 3752 1280 3797 vs.
1307 3732 1381 3798 129.
1405 3734 1455 3797 bis

271 3843 395 3908 verbis:
427 3841 592 3920 Τροίης;
624 3836 715 3909 οὕτως
740 3838 923 3917 ’λρίςαρχος
953 3836 1246 3916 τρισυλλάβως
1275 3838 1327 3903 καί
1352 3837 1455 3903 όνόοίδε

272 3945 324 4010 καί
350 3947 380 4009 ἰν
403 3954 441 4025 τῇ
466 3954 495 4009 Λ
520 3950 575 4016 τῆς
603 3942 787 4013 Ὀδυσσείας
812 3941 916 4027 (510.)

407 4048 470 4124 ἦτοι
495 4044 540 4112 ότ*
564 4046 651 4128 ιίμφί
676 4046 765 4112 πόλιν
789 4046 933 4126 Τροίην
957 4043 1149 4126 φραζοίμεθα
1173 4043 1304 4122 βουλάς.

271 4152 323 4214 καί
360 4152 483 4227 όπείσόη
516 4152 601 4232 αὐτῷ
626 4154 643 4226 ἡ
668 4150 846 4230 παροίδοσις.
879 4146 923 4217 ἔτι
951 4149 983 4214 δὲ
1006 4149 1058 4212 aa>
1090 4148 1125 4213 τό
1153 4157 1209 4223 τῆς
1239 4148 1378 4230 χρήσεως
1399 4156 1454 4225 τῆς

272 4253 439 4332 Ὁμηρικῆς
464 4255 575 4333 ἰδίωμα
598 4252 830 4335 παραφυλάξαι
854 4249 946 4324 οὕτως
968 4254 1006 4322 ὥς
1028 4250 1074 4318 ότι
1094 4251 1180 4319 εἰπου
1198 4252 1285 4332 λέγει
1305 4255 1341 4321 τὸ
1358 4254 1456 4332 Τροία

273 4354 377 4439 (Τροίη
403 4356 480 4440 leg.)
504 4356 701 4433 δισυλλοίβως
725 4357 867 4422 οὐδέποτε
891 4342 1027 4437 ε’πόφέρει
1048 4354 1083 4419 τό
1107 4355 1223 4429 πόλις
1247 4353 1324 4422 οἰον·
