3340 5014
304 315 366 382 126
719 333 723 341 ·
794 331 996 379 urseracarrr

300 501 474 589 magister,
506 502 562 589 qul
601 521 639 568 ca
664 500 697 567 in
733 499 863 567 brevius
886 500 1065 577 contraxit,
1102 517 1204 586 pauca
1228 495 1317 563 dedit
1338 492 1489 561 mendose

298 609 418 695 scripta
443 616 476 675 et
499 607 656 675 festinans
677 605 804 674 addidit
827 606 879 672 καί
904 605 994 674 ἄλλα
1016 606 1123 672 τολλίι
1144 607 1216 671 κατ’
1234 605 1329 670 αὐτοῦ
1350 599 1488 685 ἔγραψεν

299 716 329 780 ἐν
352 715 433 797 τήλρ
456 724 579 797 χαλκῇ.

347 819 500 885 Videmus
523 839 594 885 esse
627 817 753 886 tabulas
775 839 813 884 ex
846 838 943 898 aero,
969 820 1001 884 in
1027 817 1145 905 quihus
1169 816 1393 884 damnationes
1417 833 1489 879 reo·

300 946 372 992 runa
397 924 474 990 olim
495 923 771 1012 insculpehantur.
810 923 958 991 Vidimus
976 926 1073 1001 rinno
1091 931 1218 1007 χαλκῆν
1236 923 1269 989 in
1291 919 1489 1007 Antiphcute

298 1041 330 1098 et
355 1030 619 1117 Archeptolcm0‚
646 1029 792 1096 ridemus
816 1031 848 1095 in
876 1030 1075 1120 Phrynicho,
1101 1032 1197 1096 tertia
1221 1038 1270 1096 est
1295 1031 1325 1093 in
1352 1027 1488 1113 Diagora

301 1135 392 1204 idalio
415 1135 500 1222 apud
526 1134 724 1221 Scholiaslen
759 1135 983 1222 Aristophanis
1013 1135 1053 1202 ad
1086 1136 1167 1202 Λυοε
1193 1141 1291 1203 1075.
1316 1132 1489 1205 Μελάνθιος

300 1245 331 1309 ίν
362 1244 404 1325 τῷ
437 1243 505 1322 περὶ
529 1242 692 1324 Μυτιιρίιον
715 1242 900 1325 προφέρεται
929 1250 984 1319 τῆς
1007 1249 1134 1323 χαλκῆς
1155 1242 1252 1318 ςιίλιις
1274 1242 1488 1323 ἀντίγραφον,

301 1349 332 1414 ἐν
356 1345 375 1431 ᾗ
399 1346 587 1428 ἐπεκήρυξαν
610 1348 665 1439 (τῷ
689 1346 845 1435 Διαγόρα)
870 1349 935 1414 κτὲ.
1334 1350 1338 1357 ’

344 1454 497 1519 Craterus
519 1453 596 1520 dum
621 1473 730 1521 rerunr
752 1454 933 1520 Atticarum
959 1455 1107 1520 notitiam
1133 1472 1171 1519 ex
1203 1451 1302 1519 variis
1325 1451 1489 1538 scriptori·

301 1557 360 1625 hus
382 1557 493 1624 sedulo
524 1557 646 1645 colligit
674 1570 706 1626 et
731 1562 799 1646 ipsa
824 1562 1025 1643 ψηφίσματα
1050 1579 1212 1646 apponens
1238 1558 1398 1633 illustrat,
1420 1554 1490 1622 deri

300 1684 363 1729 non
387 1672 491 1751 polest
514 1664 592 1750 quin
617 1663 793 1752 plurimum
819 1685 934 1753 operae
957 1665 990 1730 in
1016 1666 1120 1752 poetis
1143 1664 1281 1731 Cornicis
1305 1662 1490 1729 lectitandis

299 1778 332 1836 ct
356 1770 388 1834 in
414 1791 480 1836 rem
506 1789 597 1836 suam
623 1770 833 1858 excerpendis
859 1771 1013 1857 posuerit.
1064 1771 1168 1837 liuius
1189 1771 1236 1837 rci
1258 1790 1344 1836 nunc
1363 1769 1489 1834 coicum

302 1873 457 1941 indicium
479 1884 626 1960 superest
652 1876 682 1940 in
704 1876 786 1942 rurale
807 1876 947 1942 mulcato
968 1875 1095 1943 Scholia
1117 1876 1155 1942 ad
1179 1876 1409 1964 Lysistratus,
1434 1872 1489 1941 sed

302 1980 382 2046 mihi
414 1979 543 2066 quidem
575 2001 668 2068 saepe
700 1983 842 2069 suspicio
873 1983 1017 2048 animum
1046 1981 1145 2048 suhiit
1171 1982 1272 2048 multa
1296 1980 1380 2068 apud
1418 1980 1489 2046 Plu·

301 2085 450 2153 tarohum
474 2086 676 2151 Conricorum
703 2096 847 2155 veterum
874 2088 1058 2154 testimonia
1083 2108 1146 2154 nou
1166 2108 1205 2155 ex
1232 2089 1375 2174 ipsorum
1400 2085 1489 2153 labu-

299 2192 340 2259 lis
363 2214 381 2259 a
406 2213 440 2259 sc
464 2191 556 2257 lectis
577 2193 675 2277 petita
696 2191 803 2259 sedet
824 2193 897 2260 aliis
915 2203 947 2260 et
967 2194 1098 2261 Cratero
1114 2193 1258 2261 sublecta
1279 2192 1488 2259 Plutarchum

301 2298 488 2385 protulisse,
522 2299 577 2383 qui
610 2307 641 2363 et
677 2298 922 2387 Aristophanem
951 2298 1062 2366 oderat
1085 2309 1119 2366 et
1140 2299 1280 2386 reliquos
1305 2308 1414 2386 poetas
1434 2298 1491 2363 Co·

303 2403 448 2470 nroedian
481 2403 599 2469 veteris
630 2423 742 2470 nutries
768 2407 936 2487 οίνίρίιτους
962 2408 1141 2487 σατυρικοὺς
1164 2414 1227 2479 τοίς
1250 2407 1329 2485 βίοις
1354 2406 1406 2471 καί
1430 2405 1489 2478 τοὶς

300 2511 387 2577 κατὰ
409 2516 469 2576 τῶν
491 2508 665 2590 κρειττόνων
695 2511 911 2593 βλασφημίας
943 2508 1042 2594 ι’ίστερ
1070 2514 1189 2591 δαίμονι
1216 2512 1301 2592 κακῷ
1324 2511 1367 2591 τῷ
1392 2510 1490 2592 Φίίνῳ

299 2623 359 2684 τῶν
377 2622 500 2682 πολλῶν
523 2616 712 2691 οίτοίείοντας
737 2616 886 2696 ἑκοίςοτε,
910 2625 946 2682 ut
969 2618 1083 2683 scrihit
1116 2618 1148 2684 in
1175 2619 1238 2683 rita
1265 2613 1397 2687 Periclis
1420 2635 1488 2701 cap.

304 2729 356 2790 lh.
380 2722 422 2789 cl.
451 2722 586 2800 Occasu.
611 2723 732 2790 υοιιυίυ.
761 2723 830 2789 vll.
855 2729 887 2790 8.
912 2744 943 2810 p.
969 2727 1045 2790 tlt.
1072 2736 1111 2790 A.

347 2829 459 2896 Finem
481 2826 597 2894 faciam
631 2831 661 2894 ἐν
690 2836 754 2902 τοῖς
776 2834 831 2896 τοῦ
855 2831 1021 2910 'apicellae
1052 2831 1259 2912 ψηφίσμασι,
1292 2848 1375 2917 quae
1406 2825 1491 2915 apud

303 2932 512 3001 Plutarchum
539 2933 689 3001 feruntur
712 2936 745 3000 in
772 2935 836 3002 rita
861 2934 1017 3002 Aristidis
1040 2956 1111 3022 cap.
1134 2940 1170 3002 ht
1199 2945 1231 3002 et
1256 2940 1311 3002 ht.
1338 2935 1491 3001 Alcmona·

301 3040 364 3107 hile
389 3041 549 3126 imprimis
571 3048 619 3106 est
644 3039 727 3127 quod
752 3062 823 3128 cap.
852 3046 890 3106 tt
920 3041 1055 3128 legitur:
1080 3042 1218 3123 ἔγραψεν
1241 3043 1409 3123 Ἀριςείδντ
1432 3043 1492 3122 doi-

301 3154 409 3232 Φισμα
433 3147 563 3213 συνιέναι
594 3147 652 3225 μὲν
683 3147 726 3219 είς
759 3148 929 3221 Πλαταιὰς
952 3150 1021 3215 καί·
1045 3146 1154 3218 ἕκατον
1178 3149 1315 3215 ἐνιαυτὸν
1337 3150 1408 3221 τοὺς
1430 3147 1494 3214 ατί

301 3263 357 3329 τῆς
380 3253 531 3326 Ἑλλάδος
563 3251 750 3336 προβούλους
781 3255 833 3318 καί
867 3254 1009 3335 ίειοροιίς,
1042 3253 1176 3333 σίνεσθαι
1205 3255 1237 3321 δὲ
1260 3254 1496 3335 τενταετνριιιίν

302 3361 411 3440 synon
434 3366 494 3424 τῶν
522 3358 733 3439 Ἐλευίερίυν.
766 3355 844 3424 εἶναι
877 3360 908 3426 δὲ
931 3358 1076 3438 σύνταξιν
1098 3360 1280 3437 Ἑλληνικὴν
1302 3362 1414 3440 μυρίας
1438 3359 1495 3439 μίν

302 3465 460 3541 ciendae,
494 3465 616 3544 χιλίους
649 3464 679 3530 δὲ
709 3461 841 3544 ἵστους,
874 3471 948 3541 ναῦς
980 3467 1007 3532 δ’
1039 3466 1149 3532 ἑκατὸν
1179 3467 1229 3532 ἐντί
1253 3467 1306 3532 τίν
1329 3465 1402 3546 τρίς
1424 3467 1495 3537 τοὺς

301 3571 479 3653 βαρβοίρσυς
502 3569 658 3649 τίλεαον,
683 3579 857 3644 Πλαταιεῖς
881 3571 912 3637 δὲ
935 3571 1069 3645 οὶσιίλους
1092 3572 1145 3637 καί
1169 3573 1263 3654 ίεροὺς
1287 3571 1437 3652 οίφεῑσίαι
1451 3571 1493 3651 τῷ

301 3680 355 3761 θεῷ
379 3680 504 3753 ίύοντας
529 3677 603 3758 tcto
626 3686 681 3754 τῆς
706 3675 870 3750 Ἐλλοίδος.
918 3676 1074 3759 Quoniam
1112 3677 1326 3757 Plutarchus,
1359 3685 1395 3742 ut
1420 3695 1495 3741 mox

302 3784 489 3863 ostendam,
526 3785 594 3871 ipsa
630 3782 782 3849 Aristidis
817 3784 1018 3865 ψηφίσματα
1044 3783 1180 3850 habehat
1204 3783 1243 3850 ch
1276 3783 1408 3861 oculos,
1441 3781 1495 3847 illa

304 3910 431 3979 quoque
456 3890 551 3957 verba
576 3888 650 3955 inde
674 3898 781 3954 sumta
806 3908 876 3955 essa
901 3888 986 3954 haud
1013 3887 1234 3976 improbabilis
1259 3888 1403 3974 suspicio
1425 3896 1494 3963 est,

304 4018 367 4085 quo
399 3995 563 4063 lubentius
599 3993 714 4062 menda
752 3993 902 4061 nonnulla
938 4014 976 4062 ex
1015 3996 1073 4074 iis,
1111 4015 1193 4082 quae
1227 3994 1368 4064 νίττιιιιςί
1401 4000 1496 4060 erant

302 4104 447 4189 scripto,
481 4101 639 4169 eluamus.
690 4101 750 4167 Pro
781 4101 1017 4183 τενταετνρικίν
1050 4121 1168 4187 repone
1201 4099 1432 4182 τεντετνρικίν,
1464 4108 1497 4165 et

302 4210 471 4281 Πλαταιᾶς
510 4226 567 4293 pro
597 4215 771 4280 Πλαταιεῖς
801 4216 834 4273 el
866 4208 1012 4283 ίύσοντας
1043 4227 1101 4295 pro
1124 4209 1261 4282 ίιίνντας.
1309 4205 1495 4274 Meudosuur

303 4323 352 4381 est
375 4315 474 4378 eliam
497 4315 620 4394 χιλίους
645 4314 676 4380 tt
699 4312 833 4393 ἵττους,
859 4316 932 4400 quis
956 4316 1041 4381 enim
1063 4315 1095 4380 in
1125 4314 1179 4387 tali
1205 4333 1318 4398 repro
1342 4311 1497 4399 equitibus

301 4420 448 4490 nominat
470 4419 587 4508 νρυοεί
635 4417 794 4487 Aristides
824 4420 994 4509 scripsisse
1026 4419 1156 4487 ridetur
1178 4419 1326 4503 μορίαν
1350 4419 1407 4499 μὲν
1430 4417 1497 4483 cic·
