3296 5022
667 360 880 409 sauciamur.
1096 358 1098 362 ⁴
1326 344 1369 408 27

61 602 64 609 ¹
179 529 305 610 partem
337 527 426 610 ripae
459 525 624 592 duxerant.
671 530 782 616 Itaque
811 527 964 613 Strymon
995 548 1056 593 non
1087 529 1227 609 περιέρρει
1257 530 1371 595 urbem

179 629 234 695 sed
268 628 406 710 ιτονρέρρει
435 635 468 694 et
488 631 539 697 aut
563 631 598 696 rt
621 633 773 715 περιέχειν
797 634 895 709 αὐτήν
917 652 980 696 non
1002 632 1097 698 modo
1118 653 1175 717 per
1197 654 1231 698 se
1252 632 1371 698 falsum

180 738 227 798 est
249 733 305 798 sed
328 735 396 799 sive
420 734 460 799 nd
482 736 700 818 praecedentia
723 741 790 803 sive
813 737 853 801 ad
875 739 1038 820 aequantia
1060 736 1176 802 referas
1197 758 1255 802 nec
1277 757 1373 803 causa

180 843 248 903 erat
282 857 339 902 our
373 836 526 924 Strymon
560 839 624 904 huc
657 840 711 905 vel
739 839 817 906 illuc
846 840 976 917 flueret,
1012 860 1069 904 nec
1099 841 1210 904 ideirco
1238 861 1371 904 murum

180 939 352 1017 duxerant,
382 943 435 1006 oni
457 945 485 1006 si
506 944 710 1029 Amphipolis
731 945 863 1008 flumme
887 943 1083 1008 circumdata
1106 950 1187 1008 esset
1208 943 1299 1009 nulla
1321 965 1371 1010 oc·

180 1045 264 1110 casio
297 1045 365 1110 imo
396 1045 505 1111 nullus
536 1046 627 1113 locus
658 1047 905 1132 relinquebatur.
959 1046 1022 1112 His
1056 1047 1233 1113 rationibus
1262 1052 1373 1112 motus

180 1147 383 1213 scribendum
404 1168 532 1216 censeo:
555 1147 601 1216 det
622 1151 671 1216 ἐπ’
690 1149 859 1233 ἀμφότεροι
883 1148 1100 1231 παραρρέοντος
1119 1155 1172 1215 τοῦ
1198 1148 1370 1230 Στρυμόνος

181 1248 201 1332 ᾖ
224 1250 283 1316 ἔδει
310 1257 373 1321 ,τοῦ
395 1253 548 1333 περιέχειν
569 1255 666 1331 αὐτόν
688 1256 753 1321 ert.
801 1255 891 1334 Quod
912 1255 1030 1320 fluvius
1051 1255 1275 1340 imperfectum
1296 1254 1370 1319 reli·

182 1361 293 1439 querat
321 1357 356 1421 id
384 1354 524 1444 Hagnon
551 1379 645 1424 muro
675 1358 770 1425 ducto
800 1380 863 1426 nou
888 1359 991 1425 effecit
1013 1365 1050 1424 ut
1074 1365 1155 1425 esset
1178 1362 1368 1441 περιφανής,

182 1458 236 1524 sed
257 1458 342 1524 unde
362 1464 469 1525 evenit
489 1467 527 1527 ut
546 1464 686 1548 undique
704 1464 818 1528 munito
837 1470 919 1529 esset
965 1461 1029 1529 Sed
1051 1484 1107 1528 cur
1126 1464 1185 1529 hoo
1207 1484 1265 1548 per
1285 1485 1368 1543 περι·

184 1563 285 1641 <peste
309 1564 483 1649 expressit?

319 1771 428 1857 &deep
1065 1774 1323 1854 (emetincctiter).

234 1894 276 1937 m.
299 1874 397 1941 Maio.
423 1874 520 1944 1873.

653 2224 895 2238 m

548 2516 674 2566 tonum
695 2515 796 2565 nocua
819 2482 1028 2567 oouarcnuss‘

232 2708 379 2775 Julianus
401 2708 441 2773 ad
462 2707 678 2773 themistium
704 2706 842 2772 scribens
863 2727 936 2794 pag.
960 2706 1036 2773 264.
1061 2713 1099 2773 ut
1120 2709 1297 2775 ostenderet
1319 2710 1371 2776 τὸν

187 2813 357 2895 φιλόσοφον
380 2813 449 2888 βίον
469 2814 626 2896 potiorem
648 2832 714 2876 esse
736 2831 833 2895 quam
851 2809 903 2875 cdo
922 2811 953 2874 έν
968 2809 1097 2891 πράξεσι
1114 2816 1275 2896 componit
1293 2816 1377 2878 inter

188 2938 222 2983 ae
244 2917 406 2982 Socratem
429 2922 461 2981 et
482 2915 701 2981 Alexandrum
728 2920 823 2998 atque
845 2916 893 2978 ita
915 2914 1010 2979 dicit:
1045 2915 1107 2993 ἐγὼ
1129 2915 1187 2993 μὲν
1209 2911 1257 2981 οὖν
1280 2917 1375 2981 Ἀλε-

188 3021 313 3102 ξάνδρου
336 3020 421 3103 Φημὶ
444 3018 569 3098 μέέζονον
592 3020 644 3085 τὸν
668 3018 880 3101 Σωφρονίσκον
903 3018 1169 3099 κατεργάσασθαι.
1194 3026 1264 3085 tum
1283 3042 1376 3107 quae·

187 3129 249 3191 rit:
283 3126 331 3197 rte
364 3133 455 3191 NTN
490 3125 582 3200 toton
618 3124 670 3190 dcet
703 3125 758 3200 νὺν
792 3121 996 3205 Ἀλεξάνδρου
1034 3126 1135 3201 oleam
1171 3162 1214 3173 -
1248 3124 1310 3192 ὅσοι
1344 3126 1376 3191 δὲ

189 3229 334 3312 σώζονται
358 3235 409 3295 νῦν
433 3231 468 3293 ἐκ
483 3230 674 3310 ΦιλοσοΦένιο
693 3228 744 3294 tte
761 3228 997 3310 τὸνΣνικρνὶτνιν
1015 3228 1173 3312 σώζονται.
1202 3229 1374 3315 Interpres:

192 3335 316 3398 Ονὶνναννι
348 3334 442 3399 hodie
467 3335 593 3399 sautem
621 3333 789 3398 Alexandri
813 3334 941 3398 victoria
962 3334 1106 3418 peperit?
1140 3335 1298 3420 Lepidum
1327 3341 1377 3402 est

186 3439 274 3503 todc'e
303 3442 376 3524 post
404 3437 530 3505 saecula
558 3442 689 3523 septem.
735 3436 784 3503 De
805 3436 977 3503 Alexandri
1003 3438 1189 3524 aequalibus
1210 3438 1287 3504 haec
1311 3438 1376 3504 dici

186 3541 295 3628 palam
324 3548 372 3607 est
400 3548 433 3609 ot
460 3534 572 3607 statim
600 3543 706 3609 addit:
741 3543 829 3606 multi
856 3549 927 3609 cetat
955 3564 1027 3629 queat
1055 3543 1235 3608 aerati*
1249 3542 1377 3606 vietor-is

186 3646 361 3713 reddiderit
382 3648 524 3724 ditiores,
547 3648 601 3711 aed
616 3668 699 3732 quens
719 3646 926 3730 septenttterem
940 3647 1058 3732 fecerit
1081 3653 1110 3711 ct
1133 3646 1374 3711 continentiorem

187 3774 270 3817 ιιενινο
291 3760 343 3818 eet.
389 3751 499 3837 Itaque
520 3772 576 3836 pro
598 3752 647 3824 rte
669 3759 760 3817 NTN
784 3755 897 3839 corrig.
921 3752 969 3824 τέο
993 3759 1094 3817 ΟΤΝ.

1144 3895 1180 3964 G.
1205 3895 1245 3965 (i.
1270 3895 1306 3964 O.
