3242 5014
690 413 862 461 nonanes.
1312 395 1375 462 169

188 587 353 652 suaserint.
400 583 462 651 Sed
491 584 568 669 quid
599 584 677 649 haec
708 586 816 648 omnia
841 582 992 647 adsersus
1015 583 1179 666 antiquam
1202 583 1237 645 in
1260 580 1319 647 tali
1342 602 1377 647 ra

187 692 360 771 παρρητὶαν
381 713 418 754 τε
441 689 493 753 καὶ
513 685 789 768 εὐθνρριιμοούνιινὶ
812 685 858 750 Ut
876 687 1060 774 cogitabant
1078 688 1126 751 ita
1144 690 1250 770 aperte
1268 685 1376 772 loque·

186 794 318 871 bantur,
350 799 384 859 et
415 812 477 878 quo
506 798 620 857 natura
649 791 785 857 ducebat
807 790 894 856 ultro
916 791 1127 875 sequebantur
1148 790 1231 855 nihil
1252 796 1377 875 praeter

188 900 289 963 animi
310 917 440 963 sensum
462 894 663 976 οἱκκιζὶμενοι.
698 896 819 962 Deinde
838 897 961 960 ποὶντοον
980 896 1245 977 ἀσυμφορώτατον
1264 895 1377 961 idesse

187 990 372 1067 hominibus
393 1005 462 1067 rita
484 1000 576 1067 molli
599 1006 631 1066 et
654 1000 790 1066 delicata
808 1007 839 1067 et
859 1000 1023 1067 luxuriosa
1046 1003 1203 1067 enervatis
1223 998 1378 1066 facillime

187 1128 271 1172 nunc
293 1105 510 1194 intelligimus
532 1111 565 1171 et
587 1106 763 1183 credimus,
787 1105 843 1171 sed
866 1106 944 1191 quid
966 1106 1111 1172 homines
1133 1101 1186 1171 οἱοι
1204 1110 1255 1170 νῦν
1273 1104 1377 1185 aaran

187 1213 326 1276 strant
293 1218 326 1276 et
349 1211 458 1296 quales
478 1213 555 1277 rivo
582 1211 765 1276 Aristarcho
786 1213 907 1275 erant
898 1232 932 1274 1n
955 1212 1104 1297 Aegypto
1125 1229 1200 1295 prae
1221 1208 1288 1274 illis
1310 1208 1377 1274 Ho

188 1317 269 1382 meri
298 1312 468 1381 heroibus?
502 1314 595 1380 Nihil
623 1336 760 1400 prorsus.
808 1315 886 1395 Quis
916 1320 1025 1381 autem
1054 1314 1215 1380 Achillem
1237 1316 1377 1402 wgitare

187 1425 291 1506 potest
331 1421 433 1484 nimia
466 1386 585 1485 Vebere
627 1419 819 1508 languidum
859 1425 892 1485 et
922 1440 1005 1505 quan
1007 1422 1129 1487 tumris
1159 1422 1224 1485 acri
1255 1418 1377 1504 prosho

187 1525 309 1590 lassum
331 1529 364 1589 et
386 1522 563 1609 imparem?
586 1525 644 1589 Est
666 1526 726 1591 hoc
749 1526 966 1591 diversissima
987 1531 1132 1610 tempora
1154 1544 1190 1589 ac
1208 1544 1313 1589 mores
1331 1529 1377 1588 te·

187 1650 275 1695 mere
308 1627 537 1694 confundentis.
584 1626 687 1694 Sed
677 1651 712 1693 m
741 1630 927 1695 Ptolemaei
948 1633 1037 1717 regia
1071 1632 1170 1694 etiam
1204 1628 1378 1694 fastidiosis

187 1733 400 1800 foeminarum
431 1734 560 1799 auribus
587 1739 654 1798 erat
676 1731 914 1798 consulendum.
962 1733 1047 1798 Hinc
1070 1736 1104 1797 in
1127 1731 1285 1819 Odysseae
1306 1752 1376 1798 ver

188 1839 289 1904 sioqu
313 1848 352 1903 0.
377 1835 453 1902 373.

346 1948 404 2007 τῶν
427 1939 550 2023 ἔφαγόν
573 1948 603 2008 τ’
626 1940 708 2007 έπιέν
732 1966 767 2007 τε
791 1942 843 2006 καὶ
869 1943 1020 2011 αἱδοὶοιοιν
1043 1942 1161 2020 έδιοκα,

187 2068 227 2112 ne
249 2046 457 2113 mulierculae
480 2047 710 2115 offenderentur
728 2049 901 2112 commenti
920 2052 995 2112 sunt
1013 2049 1218 2134 grammatici
1236 2045 1375 2133 aliquid,

189 2152 273 2237 quod
295 2151 424 2217 difficile
447 2157 495 2218 est
519 2155 586 2217 siue
607 2155 675 2216 risu
698 2152 816 2216 audire.
863 2151 986 2237 Nempe
1010 2153 1165 2217 αἰδοίοισιν
1187 2151 1285 2217 έδωκα
1309 2173 1376 2217 esse

188 2255 306 2327 ἱκέταις
326 2259 378 2322 καὶ
404 2257 507 2328 αἱδοῦο
530 2254 627 2332 οἱξὶοιο
652 2255 760 2322 ἔδωκα.
785 2256 859 2321 vids
879 2254 1008 2322 Scholia
1030 2257 1070 2322 ad
1093 2255 1205 2343 Odyss.
1231 2264 1271 2321 O.
1299 2252 1374 2322 373.

188 2366 222 2425 et
243 2360 333 2426 Iliad.
367 2370 404 2425 X.
437 2359 512 2426 124.
544 2367 577 2426 et
608 2369 654 2425 n.
680 2359 757 2425 208.
804 2360 934 2425 Poterat
962 2361 1124 2427 Eumaeus
1153 2368 1291 2441 πτωχοῖς
1313 2383 1376 2425 τιοι

189 2464 242 2530 καὶ
259 2465 392 2540 αλιὶταιο
418 2465 540 2550 aliquid
563 2465 701 2543 dedisse,
727 2470 760 2529 et
782 2465 883 2528 ἱκέται
907 2464 1012 2531 αἱδοὶοι
1035 2468 1152 2530 usitate
1171 2465 1375 2543 dicebantur,

188 2575 226 2633 ut
249 2568 362 2657 Odyss.
386 2579 425 2634 H.
452 2568 526 2634 165.
551 2568 684 2649 ἱκέτῃσιν
707 2567 766 2647 οἶμ’
790 2568 941 2633 αἱδοὶοιοιν
964 2569 1084 2647 ἱπνιδεῒ,
1108 2569 1249 2634 sednon
1270 2570 1376 2634 αἱδοΐοι

187 2695 244 2759 per
272 2694 306 2739 se
331 2675 478 2758 supptices
507 2672 717 2760 significabat.
764 2672 827 2738 Sed
850 2673 950 2738 honos
972 2678 1040 2739 erat
1061 2672 1224 2737 habendus
1248 2672 1379 2737 auribus

186 2782 422 2852 matronarum,
445 2779 480 2841 in
502 2797 637 2862 quarum
660 2779 801 2865 gratiam
820 2779 854 2840 in
874 2776 986 2864 Odyss.
1008 2788 1045 2842 Θ.
1068 2774 1247 2842 aaa-342
1267 2778 1377 2842 decem

186 2902 297 2947 versus
319 2883 354 2945 in
375 2881 468 2947 libris
490 2881 682 2966 quibusdam
701 2882 949 2946 emittebantur:
974 2881 1004 2944 έν
1023 2881 1106 2954 ένὶοις
1126 2881 1329 2963 αντιγμὶφοις
1350 2882 1376 2946 οἱ

186 2985 262 3052 δέκα
286 2986 370 3067 ςὶχοι
394 2987 427 3050 οὐ
448 2984 594 3068 φέρονται
617 2983 668 3050 διὰ
688 2984 723 3049 τδ
741 2987 998 3049 ἈΠΡΕΠΕΙΑΝ
1019 2985 1193 3066 έμφαὶνειν,
1212 2985 1267 3051 sed
1285 3006 1376 3050 num-

186 3112 284 3177 quam
313 3094 376 3156 ista
405 3090 540 3157 artificia
567 3090 659 3157 bonis
688 3091 831 3155 moribus
863 3089 1038 3175 quidquam
1060 3089 1245 3175 proficerunt
1268 3095 1302 3155 et
1324 3091 1376 3156 de·

186 3195 377 3281 sperandum
397 3195 436 3260 de
452 3215 505 3271 eo,
529 3198 582 3260 cui
603 3215 714 3261 versus
734 3194 899 3260 Homerici
921 3194 1071 3260 hbidines
1093 3214 1222 3261 movere
1243 3198 1374 3281 possint.

185 3299 278 3366 Plato
301 3299 359 3365 illo
381 3306 523 3385 tempore
547 3303 639 3365 anxie
662 3298 890 3365 reformidabat
911 3320 951 3363 ne
974 3298 1038 3364 loci
1059 3298 1190 3383 quidam
1209 3299 1375 3367 Homerici

185 3407 388 3470 iuventutem
419 3406 453 3468 in
481 3407 601 3471 sitium
632 3403 811 3480 flecterent,
845 3424 946 3488 quum
968 3404 1111 3469 moribus
1133 3403 1256 3469 dudum
1278 3404 1375 3471 disse

185 3508 264 3573 lutis
284 3528 320 3573 ac
341 3508 475 3592 perditis
497 3508 586 3573 nulla
609 3508 747 3594 amplius
770 3510 913 3574 remedia
930 3510 1075 3594 prodesse
1095 3500 1231 3593 possent.
1263 3507 1375 3594 Itaque

185 3612 387 3677 Aristarchus
409 3613 551 3689 αἱετιὶοει
573 3634 657 3679 nune
680 3614 810 3698 quidem
831 3634 894 3679 uon
915 3615 1161 3698 acquiescemus.
1207 3611 1280 3677 Non
1301 3632 1374 3678 mu·

186 3714 391 3780 liercularum
414 3737 508 3782 causa
530 3716 608 3783 olim
627 3718 704 3783 haec
724 3719 948 3793 cantabantur,
973 3716 1061 3781 οἱλλοὶ
1077 3724 1132 3791 τῆς
1150 3717 1371 3797 ανδρονὶτιδος,

185 3819 243 3884 ubi
264 3838 333 3884 rem
356 3839 414 3884 suo
435 3823 563 3886 nomine
587 3820 745 3907 appellare
769 3826 837 3887 erat
859 3827 1056 3885 consuetum.

229 3923 431 3989 Enumerabc
461 3942 545 3989 nunc
575 3925 684 3991 ordine
715 3925 894 4012 complures
924 3923 1003 3990 alios
1023 3920 1158 3992 Homeri
1180 3926 1282 4006 locos,
1314 3929 1372 3993 nbi

185 4028 294 4094 doctos
312 4025 448 4095 Oriticos
469 4028 593 4095 videbis
615 4030 732 4096 chorda
755 4031 934 4095 oberrantes
956 4030 1076 4094 eadem.
1112 4029 1203 4097 Iliad.
1225 4042 1266 4097 A.
1294 4032 1370 4099 345.

184 4133 241 4198 ubi
263 4135 486 4221 Agamemnon
507 4133 730 4201 Menestheum
754 4141 787 4201 et
808 4134 958 4222 Ulyssem
982 4135 1147 4221 increpans
1171 4137 1306 4221 „pum
1320 4161 1373 4205 οοο

184 4241 227 4303 cd
246 4242 350 4324 epulas
371 4241 450 4304 soleo
472 4238 601 4317 occore”,
625 4241 747 4325 inquit,

342 4341 410 4409 ἔνθα
434 4344 505 4426 Φὶλ’
528 4342 671 4409 δπτοολέα
694 4343 768 4424 κρέα
791 4342 914 4423 ἔδμεναι
939 4344 988 4418 ἠδέ
1012 4344 1157 4410 κύπελλα

266 4534 270 4539 ι
343 4448 417 4514 οἱνον
441 4448 599 4529 πινέμεναι
622 4449 803 4529 μελιηδέος,
827 4449 895 4532 ὄφρ’
920 4450 1068 4525 ἐθέλητον.
