3276 5006
573 397 616 446 no
639 396 794 447 mironis
817 396 969 447 sosoma.
1306 372 1370 440 139

182 589 247 647 ρους
279 561 355 633 είναι
387 569 458 641 τοὺς
490 569 632 646 κοσμίους
663 576 722 635 τῶν
752 568 934 646 θκολοίςοιι,
967 569 984 644 ἢ
1016 568 1118 643 οὐδὲν,
1155 569 1231 633 ἀλλ’
1255 568 1292 632 oio
1318 567 1369 632 καί

181 672 289 737 τολλιδ
320 677 453 739 τοιαῦτα
484 675 665 754 ριυθολογῶ,
701 675 782 740 οὐδέν
813 697 844 739 τι
874 679 998 753 μᾶλλον
1029 672 1215 753 paratiore:
1250 673 1372 739 Inooum

181 776 266 843 hono
289 779 484 865 impeditum
507 785 540 846 et
562 780 728 845 turbatum
746 779 859 846 Editor
877 780 1004 846 silentio
1021 780 1245 865 praetermisit.
1280 778 1372 845 Nihil

182 885 298 950 attinet
319 906 404 951 nuno
426 884 630 951 difficultates
648 887 745 951 huius
763 884 827 951 loai
844 904 1110 962 commemorare,
1135 886 1210 969 quia
1228 884 1373 951 Platonis

181 1010 297 1056 manus
317 996 442 1075 reperta
464 996 522 1057 est.
557 990 594 1056 In
615 989 709 1057 libris
731 997 798 1056 est:
822 992 840 1066 θ
865 992 975 1056 οθδΕΝ
1000 989 1087 1056 θλλοι
1111 990 1218 1055 πολλοὶ
1240 995 1371 1055 τοιαῦτα

183 1098 354 1179 poenino.
400 1096 487 1162 Hinc
518 1093 554 1162 (ί.
579 1096 614 1162 F.
639 1096 791 1163 Hermen.
823 1097 884 1162 οὐδ’
910 1106 948 1162 ΕΙ
972 1094 1061 1162 ἄλλα
1090 1097 1195 1161 πολλοὶ
1220 1098 1371 1175 coniecit,

183 1201 343 1289 Sauppins
365 1204 404 1269 ab
435 1201 620 1268 Hermanno
649 1200 798 1268 laudatus
821 1203 882 1268 οὐδ’
903 1199 979 1268 “AN
1003 1201 1091 1267 ἄλλα
1115 1201 1242 1279 πολλοί,
1275 1223 1372 1287 quam

184 1309 438 1375 emendationem
469 1310 538 1373 inre
568 1327 643 1372 suae
673 1306 878 1374 Hennannus
908 1311 1080 1395 anteponit.
1129 1306 1258 1374 Soioeoa
1287 1309 1372 1373 enim

183 1416 285 1482 oratio
303 1421 351 1481 est
371 1409 432 1494 ἇριθ
452 1438 493 1493 γε
509 1416 678 1490 μεταθθτει
701 1415 728 1478 εί
752 1415 912 1493 αοθολογῶ
922 1435 931 1493 ;
952 1415 1139 1501 Requiritur
1162 1417 1248 1478 onim
1261 1413 1374 1500 fetari

182 1522 336 1605 temporis
363 1522 451 1586 notio
473 1520 528 1585 ίδι
550 1519 721 1598 μυθολογῶ.
768 1519 862 1585 Nnno
884 1522 992 1587 omnia
1014 1523 1048 1585 in
1070 1520 1155 1586 olom
1177 1519 1248 1586 luoe
1270 1522 1375 1606 posita

183 1632 276 1691 sunt:
301 1624 425 1705 πότερον
449 1626 543 1691 πείθοι
566 1625 598 1689 τί
621 1647 657 1688 τε
682 1623 733 1689 καί
758 1627 963 1702 μετατίθεσαι
987 1664 1031 1676 -
1054 1628 1071 1703 ἦ
1096 1625 1157 1692 οὐδ’
1172 1621 1249 1692 ’ΛΝ
1268 1626 1372 1691 πολλὰ

181 1736 314 1797 τοιαῦτα
337 1733 498 1810 αοθολογῶ
522 1728 606 1797 οὐδέν
628 1754 658 1795 τι
682 1733 805 1808 μᾶλλον
828 1732 1014 1810 pernitiem

226 1941 307 2030 Pag.
332 1941 407 2007 495.
432 1961 463 2007 n.
494 1942 696 2025 διαφθείρεις,
725 1938 747 2006 ὦ
772 1943 977 2019 Καλλίκλεις,
1010 1943 1081 2015 τοὺς
1105 1943 1237 2024 πρώτους
1262 1942 1373 2023 λόγους

184 2048 236 2113 καί
269 2050 323 2114 οὐκ
353 2046 392 2113 δν
423 2047 468 2114 ίτι
501 2049 574 2126 μετ’
599 2048 674 2125 ἐμοῦ
703 2048 813 2120 ίκαιῶς
835 2047 878 2112 τα
901 2047 976 2113 ίιτα
1000 2048 1155 2131 ἐξετάζοις
1179 2048 1264 2129 είτερ
1287 2051 1373 2131 ταροδ

182 2155 226 2219 τὰ
249 2154 395 2220 δοκοῦντα
418 2155 523 2235 σαυτῷ
546 2154 647 2239 ἐρεῖς]
683 2153 843 2219 Futurum
866 2155 900 2218 in
923 2152 1008 2235 είτερ
1030 2155 1161 2220 'spele
1184 2162 1374 2243 argumento

184 2265 232 2324 est
255 2259 446 2341 διαφθερεῖς,
471 2281 533 2326 non
553 2259 753 2341 διαφθείρεις,
778 2256 942 2325 aPlatone
961 2280 1027 2326 esse
1046 2263 1212 2347 seriptum.
1244 2260 1282 2326 In
1303 2283 1373 2327 eam

185 2367 423 2451 compositionis
453 2365 560 2457 legem
590 2364 720 2430 Veteres
750 2385 813 2430 non
836 2370 976 2450 peooant.
1023 2365 1117 2432 Nihil
1140 2373 1188 2431 est
1209 2371 1318 2432 antem
1339 2368 1373 2431 in

186 2468 356 2538 Oodioibns
385 2470 464 2537 Mss.
492 2473 602 2536 tritius
624 2491 721 2556 qnam
744 2470 914 2537 verborum
936 2470 1165 2557 liquidatornm
1179 2472 1291 2558 fursei
1313 2471 1374 2537 for-

184 2596 240 2642 me
259 2594 424 2663 perperam
446 2578 480 2641 in
495 2575 665 2660 praesento
686 2575 824 2641 formam
846 2594 1005 2642 conversa.

232 2786 311 2877 Peg.
337 2786 412 2854 500.
436 2804 465 2855 ο.
488 2787 558 2871 δρᾷς
582 2786 646 2867 γὰρ
669 2782 715 2851 ὅτι
739 2784 806 2865 περὶ
831 2787 940 2851 τούτου
962 2786 1038 2851 sisio
1062 2787 1135 2864 ἡμῖν
1157 2789 1184 2853 oi
1207 2788 1315 2867 λίγοι,
1340 2786 1375 2856 εὖ

185 2895 220 2960 τί
242 2893 281 2960 δε
303 2899 426 2973 μᾶλλον
448 2891 632 2957 ττιιιδθοειέ
654 2914 701 2964 τις
726 2890 779 2956 καὶ
804 2891 930 2972 σμικρὸν
954 2896 1019 2956 ιοῦι
1042 2891 1123 2972 ἔχοι
1146 2892 1314 2975 ἄνθρωπος,
1342 2884 1389 2983 [ίρι

186 3001 289 3086 τοῦτο]
322 2998 426 3066 smus
455 2998 517 3078 xii
540 2998 649 3078 τρίτοι
674 2996 752 3083 ζῆν]
802 2996 926 3063 Editori
948 2997 1054 3084 placet
1075 3003 1165 3065 τοῦτο
1187 3000 1291 3067 delore
1314 3022 1376 3067 ser

157 3194 159 3197 Υ
185 3112 263 3174 vato
285 3106 323 3182 i.
346 3105 429 3171 mihi
452 3111 516 3170 stat
538 3105 696 3169 sententia
718 3103 735 3178 ἢ
759 3108 849 3168 τοῦτο
873 3106 1074 3189 suppositum
1098 3110 1131 3171 et
1154 3106 1376 3193 expellendum

187 3230 264 3279 esse.
310 3211 446 3278 Perinde
477 3215 525 3276 est
555 3211 660 3276 dicere
686 3204 720 3273 οὗ
742 3207 775 3274 τί
798 3206 836 3274 ἂν
859 3214 983 3287 μᾶλλον
1004 3210 1187 3278 ττοιιδοίοειέ
1209 3234 1274 3292 τις;
1307 3219 1339 3280 et
1363 3210 1377 3279 ὃ

186 3316 312 3383 adesos
335 3314 374 3381 δι
403 3317 527 3394 panico
556 3340 604 3389 τις
628 3313 845 3391 τιτουδοίτερει,
879 3319 911 3380 et
934 3317 968 3380 in
989 3321 1124 3403 utraque
1145 3320 1205 3386 hoe
1227 3321 1379 3387 orationis

187 3424 291 3490 forma
312 3425 461 3489 continno
484 3421 682 3489 addendum:
706 3419 806 3486 ίιτιια
831 3422 892 3500 xii
916 3422 1025 3502 τρίτοι
1047 3426 1102 3504 ζῆν
1124 3430 1156 3489 et
1178 3424 1288 3492 nuilus
1311 3446 1378 3494 om·

187 3531 264 3595 nino
285 3526 418 3594 voculae
435 3528 454 3603 i
470 3533 582 3613 (ρααιιι)
604 3525 694 3593 loous
715 3530 875 3612 superest,
899 3545 962 3613 non
985 3530 1091 3615 magis
1114 3549 1210 3613 qnam
1233 3531 1261 3594 si
1282 3530 1378 3595 dixis·

189 3639 238 3699 set
260 3635 327 3713 τερ)
348 3636 474 3712 τούτου,
498 3630 512 3698 i
533 3634 586 3699 καί
607 3637 731 3713 οραικρδι
754 3636 821 3696 soon
844 3629 949 3713 ίχοιτι
973 3632 1115 3713 θιθροίτῳ
1136 3632 1379 3702 ττουδαιέςατθι

190 3741 235 3810 ies
255 3741 454 3819 πραγμάτων
473 3739 630 3814 daimon,
649 3759 729 3823 quae
747 3737 933 3823 planissime
952 3736 1039 3802 idem
1058 3736 1248 3827 significant.
1279 3737 1379 3825 Saepe

189 3847 291 3912 Attici
312 3847 359 3911 ito
381 3844 470 3932 loqui
492 3849 617 3922 ament,
641 3849 681 3908 ut
704 3848 736 3908 et
757 3842 919 3908 Romani:¹
934 3864 997 3939 pao
1019 3843 1095 3928 quid
1115 3844 1258 3928 turpio?
1272 3844 1379 3931 foedi·

189 3951 251 4016 ειιί
285 3971 343 4037 pro
372 3953 452 4038 qood
479 3959 522 4016 est
551 3949 680 4015 οιιοιιίιιιιι
711 3948 930 4033 ineptissimum,
953 3945 1174 4032 foedissimum.
1222 3948 1316 4015 Plato
1345 3951 1379 4015 in

189 4057 327 4121 Phaedro
348 4077 422 4144 pag.
445 4055 523 4122 242.
548 4074 579 4123 D.
603 4051 706 4126 αὖτίς
730 4052 768 4118 ἂν
792 4052 838 4128 sin
862 4050 1040 4132 δειιθτερος;
1072 4054 1107 4119 id
1131 4058 1179 4119 est
1202 4049 1233 4125 θς
1257 4054 1303 4122 ἔτι
1324 4053 1379 4118 δει·

190 4161 317 4234 νθτατος
347 4162 503 4227 dadano.
550 4160 779 4227 Demosthenes
807 4159 844 4223 de
869 4158 983 4222 Corona
1005 4178 1078 4246 pag.
1104 4156 1188 4237 257,
1214 4157 1267 4225 10.
1292 4156 1326 4226 οὖ
1347 4160 1381 4225 τί

187 4269 303 4347 γίνοιτ’
326 4267 365 4334 ἂι
385 4267 509 4348 αίτχιοι
533 4269 550 4344 ἢ
575 4267 775 4348 μιαρώτεροκ;
800 4272 833 4332 ot
855 4267 901 4330 sio
923 4265 1008 4350 apud
1030 4286 1140 4332 omnes
1149 4256 1291 4352 ‘passim

235 4481 386 4548 Nondum
415 4479 582 4565 expeditus
611 4479 699 4546 loous
729 4483 777 4544 est
800 4485 833 4543 et
854 4478 997 4544 multum
1028 4498 1139 4546 vereor
1163 4499 1203 4546 ne
1225 4502 1380 4567 nmquam
