3388 5010
638 357 794 407 onerarint
817 359 853 406 rr
877 358 1033 413 cocunea.
1215 412 1219 420 ,
1367 349 1429 414 att

283 526 379 595 attat
402 525 585 614 exemplum
609 529 821 596 correctionis
846 529 936 599 Leid.
964 529 1046 599 orale
1070 551 1089 599 a
1111 532 1154 600 ll.
1179 542 1327 622 receptae
1345 544 1432 623 petae

239 649 293 705 tor
316 656 354 703 ex
376 632 486 702 eodem
511 633 594 699 libro
616 632 656 699 ir.
684 639 724 701 ta
752 634 805 701 ribi
830 638 951 724 recepit
975 660 1103 720 rerum,
1137 640 1170 706 iu
1196 639 1284 708 Leid.
1309 651 1359 710 est
1381 664 1431 710 re·

235 744 316 819 ium.
365 740 486 808 Versus
507 738 594 826 apud
617 740 660 808 tt.
685 740 733 806 sic
757 742 900 830 scriptus
921 753 1043 812 exstat:

295 867 403 915 rerum
430 846 664 935 exploratorem
687 848 834 929 mittam,
859 851 1013 919 miserum
1040 851 1225 920 mendicum
1250 863 1371 942 petam.

235 954 302 1021 Non
334 952 452 1047 diversi
478 965 555 1021 sunt
580 971 688 1020 rernm
711 954 929 1043 exploratores
952 966 986 1025 et
1008 960 1109 1026 miser
1129 959 1315 1036 mendicum
1329 962 1429 1030 immo

126 1152 132 1155 Α
236 1060 288 1128 hic
318 1081 414 1148 saepe
437 1061 579 1147 optimus
603 1068 652 1126 est
674 1059 870 1149 exploratam
895 1064 1034 1132 »misero
1056 1065 1225 1133 menlica”
1249 1077 1431 1155 opponatur

236 1187 336 1257 paene
362 1186 492 1233 necesse
519 1175 569 1233 est
586 1163 687 1266 ‘dives
710 1176 767 1235 aut
791 1167 917 1237 metus.
966 1171 1002 1237 lu
1025 1169 1111 1239 Harl.
1133 1192 1191 1261 pro
1210 1175 1356 1261 proximo
1376 1195 1429 1241 rc·

233 1271 347 1340 cabulo
372 1271 492 1359 legitur
515 1273 739 1361 expilatorem,
767 1276 838 1342 Par.
866 1275 941 1343 hinc
965 1278 1193 1365 expiatorem,
1216 1277 1304 1347 Leid.
1324 1281 1428 1369 aepli-

231 1389 383 1452 ratorem;
410 1379 506 1446 Toru.
532 1380 752 1467 expilatorem,
776 1381 861 1469 quoti
886 1383 956 1450 siue
980 1382 1077 1450 dubio
1100 1404 1226 1452 rerrrm.
1264 1385 1426 1455 Nimirum

232 1507 251 1551 r
281 1484 454 1572 aliquando
484 1484 685 1574 adscriptum
716 1496 752 1553 ut
776 1508 813 1555 ex
840 1488 950 1578 (mala)
976 1491 1164 1557 coniectura
1188 1493 1351 1559 recom'in
1374 1515 1428 1560 re·

231 1612 305 1657 rom
328 1599 527 1671 mutaretur,
550 1589 656 1659 alieno
674 1591 744 1660 loca
763 1613 863 1681 supra
883 1595 1090 1683 expilatorem
1109 1597 1247 1683 positum
1268 1604 1327 1664 est.
1357 1598 1426 1667 lam

144 1696 156 1705 “
233 1717 330 1786 parra
365 1698 545 1764 mutatione
581 1717 694 1765 versus
726 1701 758 1764 iu
789 1701 953 1787 integrum
986 1703 1196 1783 restituitur,
1233 1722 1291 1789 pro
1321 1725 1428 1771 recum

232 1801 398 1872 scribatur
420 1824 535 1891 regum
561 1803 602 1893 (0
626 1824 685 1892 pro
708 1804 769 1896 G):

299 1912 414 1997 regum
436 1909 647 1996 expilatorem
672 1913 812 1988 mittam,
842 1911 1000 1981 miserum
1026 1913 1213 1981 mendicum
1238 1922 1356 2002 petam.

276 2016 416 2085 Omnino
449 2036 509 2082 non
541 2016 757 2103 neglegendae
781 2027 855 2085 sunt
881 2022 1100 2088 correctiones
1125 2019 1309 2098 heliensis,
1339 2020 1425 2109 quod

144 2166 148 2171 ,
230 2123 386 2192 familiam
421 2121 569 2189 codicum
594 2124 762 2211 antiquam
788 2134 1042 2212 repraesentant.
1090 2126 1156 2193 Nec
1182 2127 1282 2193 mirer
1305 2127 1333 2192 si
1357 2136 1425 2195 toto

229 2231 332 2298 Nonio
359 2227 474 2296 collato
503 2236 673 2316 appareat,
706 2248 745 2296 ex
777 2230 901 2297 duabus
926 2230 1084 2299 librorum
1109 2231 1242 2299 lamiliis
1266 2232 1421 2312 alteram,

230 2337 395 2404 meliorem
433 2333 545 2416 illam,
582 2338 819 2421 repraesentari
854 2337 1026 2417 leidensi,
1061 2338 1217 2418 alteram,
1251 2339 1419 2426 antiquam

229 2454 260 2510 et
284 2444 409 2531 ipsam,
434 2440 626 2533 Harleiana,
652 2461 736 2508 saec.
761 2441 826 2518 tx,
856 2453 1021 2510 correctos
1044 2453 1154 2511 autem
1180 2444 1237 2512 hos
1256 2443 1354 2511 libros
1373 2445 1420 2513 al·

230 2559 336 2617 terum
358 2566 396 2615 ex
421 2547 556 2613 alterius
575 2550 704 2634 generis
724 2547 834 2615 codice
856 2567 936 2617 esse.

274 2655 310 2723 lu
332 2672 450 2741 genere
467 2650 716 2740 orthographiae
738 2653 894 2740 quaedum
916 2654 1022 2721 editor
1035 2655 1182 2733 novarit,
1195 2655 1418 2724 aliacoustau·

228 2763 313 2840 tius,
344 2779 442 2848 quam
471 2756 577 2825 attur,
608 2756 751 2838 lectrum,
790 2762 969 2847 usurparit.
1017 2759 1078 2828 Sed
1110 2769 1232 2827 certant
1269 2782 1416 2829 normam

228 2887 290 2934 uon
320 2866 439 2954 ubique
471 2871 692 2932 secutusest.
722 2864 866 2930 Lucilius
898 2867 965 2952 ipse
997 2866 1029 2932 in
1063 2867 1261 2934 nominativo
1284 2867 1420 2956 pluralis

227 2972 387 3042 secundae
419 2991 450 3039 ur
480 2969 688 3038 scribendum
717 2990 787 3037 esse
813 2973 990 3059 praecepit:
1012 2974 1161 3059 genetivo
1184 2973 1362 3042 vindicarit
1386 2996 1417 3056 ι,

227 3081 324 3146 etiam
350 3075 535 3144 nominibus
557 3095 641 3164 quae
664 3076 696 3142 in
722 3097 769 3142 rus
792 3086 928 3157 exerant,
952 3077 992 3145 de
1012 3098 1077 3166 quo
1096 3098 1171 3146 cum
1194 3071 1419 3168 nihil'praece·

223 3185 310 3273 pisse
326 3183 486 3250 Lucilium
505 3182 546 3249 tt.
567 3181 648 3249 dicit
668 3186 708 3269 μ’
719 3185 785 3251 278
804 3182 859 3249 ini.
875 3185 904 3272 (ι
923 3236 931 3251 .
947 3233 954 3249 .
969 3234 977 3251 .
992 3235 1000 3250 .
1013 3184 1053 3252 de
1066 3185 1224 3271 genetiuis
1238 3185 1418 3255 substauti-

223 3311 336 3358 rorum
370 3291 402 3356 io
437 3290 488 3354 ius
513 3287 561 3355 vel
586 3290 653 3355 ium
678 3291 879 3356 exeuntium.
901 3288 956 3357 sed
979 3291 1067 3383 enirn
1094 3311 1252 3379 nusquam
1278 3312 1353 3360 eum
1378 3293 1419 3362 de

225 3397 283 3464 lroc
305 3396 409 3483 egisse
430 3395 498 3482 ipsa
520 3393 657 3461 Charisii
682 3393 778 3461 rerba
797 3394 976 3462 conterenti
997 3394 1091 3463 iacile
1110 3396 1325 3486 apparebit”)‚
1348 3419 1417 3467 ma·

224 3503 340 3570 niicsto
367 3502 552 3588 obloquitur
575 3501 616 3566 iis
639 3519 722 3586 quae
742 3501 810 3587 ipse
831 3510 919 3569 recte
936 3499 975 3568 tle
994 3522 1031 3567 ea
1055 3521 1090 3567 re
1110 3523 1138 3589 p.
1154 3507 1219 3569 tto
1238 3502 1364 3571 dixerat
1379 3504 1416 3594 ¹).

224 3607 346 3678 Scribit
369 3609 402 3674 in
427 3608 575 3694 genetivo
596 3606 719 3672 Corneli
742 3605 1249 3696 Carnificipoehuciliuslll.18.
1274 3607 1415 3676 Tantrnm

225 3722 262 3781 ut
294 3713 510 3799 distingueret
535 3710 705 3779 Nummius
728 3732 747 3778 a
770 3735 920 3780 numeror
943 3713 1144 3800 praecepisse
1167 3712 1297 3781 videtur
1321 3723 1356 3783 ut
1383 3716 1416 3782 iu

224 3829 330 3908 genet.
363 3819 563 3887 scriberetur
592 3818 724 3886 Nunrnu
756 3827 788 3886 et
818 3819 1074 3913 nuunnrrprius
1101 3827 1209 3886 autem
1236 3817 1316 3886 illud
1340 3840 1415 3887 curu

260 4074 285 4137 t)
305 4074 411 4125 udeinde
428 4073 567 4141 [Lucilios]
584 4075 617 4126 de
632 4074 755 4140 genetiuis
772 4080 798 4126 et
814 4073 934 4125 roaetiris
952 4073 1089 4139 singularia
1106 4074 1319 4127 mbeteutirorum
1337 4075 1364 4128 iu
1378 4077 1417 4130 iun

224 4156 400 4208 exeuntium.”
430 4157 553 4223 Propertii
569 4159 672 4208 demum
688 4163 769 4208 aetate
785 4155 806 4207 ii
822 4157 848 4207 in
865 4162 949 4221 genet.
967 4158 1118 4222 disyllabum
1132 4158 1238 4210 subinde
1252 4157 1329 4210 iuieae
1342 4159 1417 4225 lippis

224 4249 249 4290 et
276 4240 420 4290 munoribus
446 4247 536 4290 notum
563 4248 609 4292 eet.
649 4239 768 4290 Voluisse
796 4239 924 4290 Lucilium
951 4246 981 4290 ut
1010 4241 1195 4305 pronuntiando
1226 4253 1337 4307 quoque,
1350 4241 1418 4293 iuter

223 4319 299 4373 broii
320 4328 345 4374 ot
366 4319 445 4382 Luci,
467 4320 586 4372 Namerii
607 4329 633 4374 et
650 4321 744 4371 numeri
759 4321 955 4387 distingueretur
970 4323 1043 4373 docet
1059 4321 1230 4387 fragmentum
1248 4322 1314 4373 inire
1330 4323 1418 4374 leode·

224 4411 292 4465 turm
309 4402 417 4455 Numeri
432 4405 515 4466 enim,
533 4420 585 4455 uon
602 4402 722 4455 Namerii
737 4417 764 4454 ee
781 4404 879 4457 deusta
895 4405 956 4457 dicit
974 4412 1017 4456 rut
1029 4419 1163 4457 numerum
1175 4404 1312 4458 temeram
1328 4405 1419 4472 Itaque

224 4488 274 4539 hue
290 4486 386 4539 formes
400 4489 541 4552 quantitate
556 4488 670 4540 direrem
687 4487 797 4539 morunt.

1240 4534 1281 4619 ro'
