3340 5014
601 372 793 420 rutaouomcu
818 374 854 421 BT
877 373 1004 422 cartica,

209 550 260 608 est
283 549 414 629 propter
437 541 569 607 lacunas
592 549 624 608 et
649 540 814 608 iacoouias
839 542 1022 609 inconsulto
1044 562 1081 608 ac
1107 550 1227 609 temere
1250 561 1268 608 a
1289 532 1398 613 sciolis

209 647 369 735 expletas,
396 657 431 713 ut
456 645 584 714 Stobaei
609 646 829 734 Florilegium.
879 648 914 714 iu
946 646 1129 714 huiusmodi
1155 649 1272 715 mendo
1296 651 1339 716 nii
1366 658 1397 717 ιε

210 752 327 819 ιίιιοιιιε
351 752 520 819 literarum
545 752 719 830 iuvabunt,
744 774 884 842 namque
908 756 1035 822 interiit
1061 754 1223 841 scriptura
1247 766 1340 822 νειιιε
1363 764 1396 822 ει

209 859 391 946 suppletum
416 859 569 946 estquod
594 859 692 925 scioio
713 860 862 947 imperito
881 869 914 927 et
937 860 1065 927 indocto
1090 860 1121 925 in
1146 861 1280 927 buccam
1295 862 1395 928 venit.

209 965 320 1052 ltaque
343 974 400 1031 aut
424 964 463 1031 de
487 985 561 1031 vera
586 964 721 1032 lectione
744 967 932 1053 reperienda
957 950 1194 1054 desperandum
1214 974 1264 1033 est
1285 976 1341 1033 aut
1356 987 1396 1034 ειι

209 1072 277 1159 ipso
292 1073 471 1137 sententiae
490 1070 590 1136 iundo
612 1071 644 1136 id
664 1070 749 1158 quod
773 1074 870 1160 periit
892 1073 1084 1141 eruendum.
1118 1071 1270 1160 Superest
1287 1082 1397 1140 ANA-

210 1187 386 1245 ΚΡΕΩΝΗ
399 1199 407 1242 :
419 1200 427 1242 τ
441 1202 448 1245 :
462 1200 469 1242 :
484 1198 491 1241 :
505 1200 512 1242 ι
527 1200 534 1241 :
549 1199 556 1242 ι
570 1199 577 1242 ;
592 1201 599 1243 :
614 1200 621 1243 τ
635 1186 920 1246 HAPXIAOXOC.
956 1178 1036 1261 Quis
1055 1186 1148 1267 poeta
1173 1179 1206 1244 in
1225 1199 1261 1246 ea
1279 1178 1395 1246 lacuna

206 1283 304 1351 latet?
340 1284 461 1351 Nobilis
492 1291 562 1363 est,
591 1285 745 1371 antiquus
768 1294 834 1363 cst,
853 1294 886 1352 ει
911 1296 1017 1352 tamen
1043 1287 1082 1351 oio
1105 1286 1204 1351 uitam
1230 1292 1262 1353 et
1288 1305 1394 1352 mores

207 1388 428 1457 fastidiendus.
476 1390 582 1457 Unurn
607 1389 710 1457 scium
732 1391 805 1456 nori
830 1391 978 1478 equidem
1004 1392 1036 1456 in
1062 1411 1156 1477 quem
1183 1389 1393 1457 haecomnia

206 1496 336 1562 cadant:
360 1498 468 1582 itaque
488 1494 703 1583 suppleverim
716 1498 885 1578 Ἀνακρέων
906 1498 1137 1574 ἢιΠΠΩΝΑΞ
1158 1495 1175 1573 ἢ
1193 1498 1393 1581 Ἀρχίλοχος.

206 1601 340 1690 Saepius
360 1601 526 1689 Hipponax
547 1611 578 1668 ct
606 1599 816 1667 Archilochus
840 1603 1095 1689 coniunguntur.
1144 1601 1335 1669 Plutarchus
1360 1605 1391 1670 ic

204 1708 381 1776 Communi.
394 1707 434 1774 ad
446 1707 619 1774 Hesiodum
631 1707 673 1796 (p.
687 1711 741 1784 ιι,
756 1713 777 1775 6
792 1709 823 1773 in
837 1707 981 1795 Fragm.)
991 1708 1043 1773 τίν
1056 1706 1113 1785 μὲν
1124 1705 1188 1788 χεὶρ
1201 1707 1393 1791 Ἀρχίλοχον

204 1816 256 1881 καὶ
269 1814 320 1880 πον
337 1817 536 1881 Ἱππώνακτα
548 1813 765 1898 βλασφημίας
785 1813 973 1896 συγγράψαι
992 1813 1078 1880 κατα
1097 1820 1157 1881 τῶν
1175 1813 1390 1890 λυπιρσοίντων.

203 1919 288 2005 Ergo
312 1939 348 1986 ex
382 1919 475 2007 longo
499 1921 594 1987 exitio
625 1920 783 2000 Ἱππῶναξ
806 1920 838 1985 iu
872 1920 1042 2007 pristinam
1074 1918 1183 1987 sedem
1215 1918 1392 1987 reducatur

203 2046 335 2105 censeo,
365 2035 397 2093 et
426 2026 473 2092 sic
497 2028 678 2093 rectissime
702 2025 851 2092 additur:
886 2028 918 2093 οὖ
945 2026 1009 2108 γαρ
1039 2027 1214 2107 οὶναχιιαίον
1237 2027 1263 2094 εί
1286 2025 1391 2111 πέρπει

203 2132 240 2198 τί
270 2131 356 2214 ἔργον
378 2136 417 2207 ὥς
446 2132 556 2217 χοίριεν
580 2132 664 2213 ἄξιον
686 2133 819 2208 σπουδῆς
842 2129 919 2199 εἶναι
942 2133 995 2200 τὸν
1017 2132 1228 2214 εἰργασμένον.

245 2344 318 2433 Cap.
343 2351 373 2412 5.
398 2345 413 2410 ί
437 2345 467 2411 δέ
499 2347 624 2422 ποιητὴς
649 2348 720 2412 Ἴων
741 2345 819 2428 φασί
841 2353 917 2418 παῖς
937 2348 990 2410 τοῦ
1013 2344 1194 2425 Περικλέους
1217 2361 1387 2427 μεγαλαυ-

198 2450 287 2532 χίαις
310 2452 428 2527 πολλὴν
449 2453 616 2535 ὑπεροψίαν
640 2457 859 2534 ἀναμεμῖχθαι
878 2450 929 2516 καί
950 2452 1162 2545 περιφρόνησιν
1185 2457 1244 2517 τῶν
1264 2450 1385 2520 ἄλλων·

199 2558 321 2625 ἐπαινεῖ
340 2560 371 2625 δέ
393 2558 428 2624 τὸ
450 2558 586 2638 Κίμωνος
606 2561 743 2638 ε’μμελές
761 2559 813 2624 καί
835 2556 924 2640 ὑγρὸν
942 2558 995 2623 καί
1016 2556 1251 2638 μεμουσωμένον
1271 2560 1385 2636 ένπαίς

199 2669 386 2747 περιφοραῖς.
434 2664 561 2731 Excidit
585 2666 618 2730 in
643 2664 755 2730 uitium
777 2663 873 2729 verbo
893 2663 1072 2728 necessaria
1092 2663 1286 2749 praepositio
1305 2665 1383 2731 scri·

198 2767 401 2857 modumque
436 2773 467 2837 έν
501 2779 572 2846 παῖς
598 2774 878 2852 ΟΤΜπεριφοραίς.
926 2767 1117 2854 Pervulgato
1147 2788 1208 2835 usu
1232 2794 1385 2853 συμπερι-

196 2874 344 2957 φέρεσίαί
372 2901 427 2944 πινι
460 2884 510 2944 εει
540 2878 584 2943 ita
609 2879 656 2942 uti
690 2876 828 2942 alicuius
851 2872 1084 2941 consuetudine
1107 2884 1140 2943 ει
1163 2873 1384 2943 iamiiiaritate
1471 2918 1475 2926 ·

197 2988 233 3046 ut
267 2982 297 3047 ei
331 2989 363 3047 ιε
391 2982 612 3049 accommodes
642 2991 672 3049 ει
706 3000 947 3067 nonarumquam
981 2980 1126 3046 nonnihit
1161 2979 1328 3069 induigeas
1352 2990 1384 3049 et

196 3086 392 3172 obsequere,
418 3089 461 3153 ita
478 3090 523 3155 uti
543 3089 628 3154 inter
647 3087 793 3155 homiues
813 3085 953 3153 urbanos
966 3094 997 3151 et
1010 3085 1224 3171 elegantiores
1236 3087 1384 3155 iierimos

195 3202 261 3270 est,
285 3201 317 3259 ct
340 3195 514 3280 opponitur
537 3196 565 3260 ei
591 3197 609 3271 si
633 3202 691 3260 πῶν
713 3192 1026 3277 μεγαλαυχουμένων
1050 3192 1202 3276 ὑπεροψία
1225 3191 1277 3259 καί
1301 3217 1383 3274 περι·

194 3299 338 3385 φρόνησις
360 3308 419 3366 πῶν
448 3298 569 3379 ἄλλων,
594 3320 676 3388 quae
700 3302 795 3367 etiam
830 3301 861 3365 in
889 3318 1006 3385 magno
1030 3298 1098 3364 viro
1123 3297 1232 3365 liberis
1257 3298 1384 3366 civibus

197 3405 387 3493 permolesta
411 3414 443 3472 et
467 3406 574 3473 odiosa
598 3405 726 3472 accidit.
774 3404 1050 3488 Quemadmodum
1075 3404 1178 3491 igitur
1203 3402 1296 3471 hodie
1321 3425 1382 3472 nou

195 3513 315 3578 oereori
338 3511 392 3578 sed
418 3513 596 3579 conuersuri
619 3533 693 3579 curu
720 3513 828 3599 aliquo
848 3511 1004 3590 dicimur,
1028 3511 1075 3577 sic
1098 3510 1218 3576 Graece
1238 3519 1386 3576 constan·
1444 3542 1448 3547 v

198 3631 246 3685 ter
270 3639 332 3685 non
359 3618 592 3702 περιφέρεσθαι,
618 3615 672 3685 sad
694 3617 972 3702 συμπεριφέρεσθαι
994 3625 1026 3684 ει
1047 3615 1262 3699 συμπεριφοροί
1281 3615 1386 3704 appel·

197 3724 293 3792 tatur.
343 3723 447 3791 Sensu
471 3724 524 3790 itlo
548 3723 766 3812 cistophorico
797 3726 916 3811 passim
947 3722 1031 3810 apud
1057 3724 1221 3809 sequiores
1247 3721 1385 3807 legitur,

196 3831 280 3918 apud
300 3839 425 3898 veteres
444 3829 541 3896 semei
560 3829 637 3896 mihi
660 3831 778 3898 tectum
801 3829 884 3918 aprrd
911 3827 1101 3895 Aeschinem
1119 3828 1158 3893 de
1170 3825 1259 3892 Folo.
1275 3824 1386 3914 Loqui.

196 3940 214 4023 §
244 3942 322 4015 171,
349 3936 415 4002 ubi:
441 3947 647 4015 recesserat,
679 3937 803 4024 inquit,
833 3935 878 4001 ito
908 3957 974 4001 sese
1004 3944 1033 4000 et
1056 3935 1153 4001 ciuem
1177 3942 1207 3998 et
1229 3932 1385 3999 civitatem

197 4041 395 4130 temporibus
416 4040 659 4109 accommodare
678 4054 712 4109 ιιι
732 4052 777 4108 εει
796 4041 936 4107 maxime
955 4063 971 4106 e
988 4041 1169 4129 republica:
1193 4045 1257 4110 σοῖς
1272 4046 1385 4121 καιροῖς

195 4150 321 4230 dudone
357 4149 636 4233 συμπεριφέρεσθαι
677 4148 749 4231 πρὸς
787 4148 822 4214 τί
854 4146 996 4229 κροίπιςον
1036 4147 1088 4213 καί
1120 4147 1172 4213 σὸν
1205 4142 1298 4228 ἄνδρα
1334 4144 1386 4212 καί

194 4260 250 4335 riou
272 4256 371 4324 πόλιν.

243 4467 323 4538 ibid.
350 4486 420 4557 cap.
446 4473 465 4535 a
491 4467 605 4535 vitiose
624 4463 734 4534 editur
757 4464 962 4548 detorserim
977 4474 1010 4534 et
1031 4464 1240 4549 detumueris.
1275 4465 1391 4554 tiagna

1229 4572 1244 4620 o
