3296 5022
233 364 297 425 596
658 374 852 420 conrucrnnrn
874 375 989 420 carino.

226 545 371 611 „rinae”
426 540 547 608 Felices
581 541 698 628 quibus
739 542 814 608 talia
851 541 1082 628 persuadeant,
1128 562 1230 630 neque
1271 547 1414 614 sentiant

226 648 347 734 aliquid
380 648 535 713 interesse
567 648 651 713 inter
673 668 765 713 usum
788 646 897 725 verbi,
919 646 1003 733 quod
1036 656 1086 714 est
1116 648 1245 728 redere,
1277 649 1346 717 loco
1373 651 1413 718 de

202 755 204 758 ⁴
228 775 291 840 qno
312 751 548 838 disputabimus
566 760 600 818 et
618 750 697 817 locis
715 752 792 817 illisl
828 752 935 818 Sensit
963 751 1142 830 Seboltius,
1169 755 1278 821 minus
1305 765 1412 823 tanren

226 858 366 926 feliciter
398 876 575 943 proponens
609 867 723 942 crepat.
771 856 854 937 Quid
889 856 1108 942 reponendum
1138 861 1198 935 sit,
1229 879 1268 926 es
1299 861 1414 928 intima

227 964 370 1030 universi
395 961 455 1029 loci
481 962 604 1027 ratione
626 981 741 1028 cruere
764 961 961 1028 conabimur.

274 1067 393 1134 iodea
417 1086 462 1133 vs.
484 1072 528 1132 87
554 1076 645 1152 poeta
669 1067 812 1153 exagitat
838 1068 889 1165 sni
913 1067 983 1132 aevi
1005 1069 1187 1134 coeddam:

885 1170 1012 1257 qnando
1036 1171 1107 1259 (ait)

367 1279 469 1343 maior
491 1278 640 1343 ooomtice
665 1276 769 1362 patuit
791 1275 903 1341 sinus?
929 1276 998 1343 alea
1021 1277 1149 1364 quando

366 1383 425 1448 bos
448 1382 594 1448 animosi
619 1381 832 1468 nequeenim
857 1378 971 1447 loculis
995 1383 1227 1450 comitantibus
1249 1385 1318 1451 itur

367 1486 407 1551 ad
432 1505 543 1553 casum
570 1486 714 1563 tabulae,
738 1487 840 1573 posita
864 1485 919 1552 sed
944 1485 1068 1553 luditur
1090 1507 1176 1555 arca.

367 1591 487 1679 proelia
511 1601 632 1678 quauta
656 1591 721 1657 illic
744 1590 965 1676 dispensatore
988 1592 1112 1659 ridebis

368 1698 544 1780 armigerol
569 1697 747 1783 simplexne
770 1695 861 1761 ftrror
883 1699 1031 1763 sestertia
1059 1707 1188 1764 centum

290 1828 292 1834 ·
366 1801 509 1887 perdere
526 1812 555 1867 et
578 1802 717 1867 horrenti
739 1801 875 1866 tunicum
897 1823 959 1866 oon
981 1802 1110 1869 reddere
1132 1807 1244 1870 cerco?
1298 1890 1302 1895 ν

277 1906 420 1972 Avaritia
455 1916 488 1973 et
510 1927 583 1992 spes
608 1906 689 1972 lucri
715 1905 860 1970 homines
883 1904 1008 1972 inducit
1032 1916 1067 1973 ut
1091 1908 1239 1993 ingentes
1263 1913 1416 1996 pecuniae

233 2030 378 2077 sunrmas
409 2012 551 2078 incertae
587 2010 734 2077 fortunae
763 2009 850 2077 aleae
879 2015 1101 2091 committant,
1138 2033 1238 2099 quum
1271 2018 1417 2102 pauculis

234 2117 394 2193 nummis,
416 2115 534 2201 quibus
561 2116 671 2182 tunica
692 2124 820 2182 ematur
844 2113 975 2201 frigenti
999 2136 1091 2182 servo
1116 2118 1252 2204 (bomini
1277 2122 1418 2210 tamen),

233 2219 360 2287 eosdem
386 2240 518 2303 parcere
542 2221 662 2288 rideas.
710 2220 775 2287 Nec
796 2220 896 2285 multo
921 2219 1036 2288 melius
1054 2230 1196 2290 tractant
1216 2226 1303 2293 circs
1323 2247 1418 2305 suos,

234 2326 378 2392 muribus
401 2325 493 2411 longe
516 2326 635 2393 diversi
659 2347 677 2392 a
703 2323 878 2391 maioribus
902 2328 1041 2405 nostris,
1065 2329 1121 2412 qni
1147 2347 1242 2415 parce
1260 2340 1292 2397 et
1314 2332 1420 2400 sobrie

233 2430 297 2515 ipsi
322 2431 464 2497 virentes
488 2430 622 2497 clientes
645 2451 720 2497 suos
743 2429 927 2495 vocitabant
946 2429 984 2495 ad
1000 2451 1148 2498 coenam.
1185 2434 1285 2502 Hodie
1305 2446 1418 2504 contra

233 2544 300 2600 est:
324 2535 387 2620 ipsi
410 2534 567 2621 plurimas
590 2534 682 2601 villas
706 2533 894 2611 aedificant,
920 2535 1163 2623 lautissimeque
1185 2552 1338 2619 coenant,
1361 2543 1418 2609 sed

233 2639 312 2705 soli:
336 2640 466 2706 miseris
491 2639 663 2707 clientibus
685 2640 804 2706 dautur
827 2640 985 2727 sportulae
1009 2644 1137 2708 nominc
1161 2644 1418 2730 tiquadrantes‚

231 2744 445 2812 utmmmm.

324 2850 403 2931 Quis
427 2851 558 2917 totidem
583 2852 685 2916 erexit
711 2849 819 2926 villas,
844 2852 918 2936 quis
942 2850 1062 2917 fercula
1090 2863 1212 2939 septem

324 2963 448 3022 secretu
471 2955 598 3022 cenarit
619 2953 720 3019 avus?
746 2975 831 3020 nunc
855 2957 994 3041 sportolo
1018 2960 1122 3044 primo

323 3057 435 3125 limine
456 3081 555 3145 porco
578 3080 691 3137 secer,
718 3060 832 3125 turbae
855 3061 1004 3146 rapiendo
1024 3070 1162 3147 togatae.

282 3163 321 3229 Ut
344 3164 456 3249 paucis
484 3162 667 3240 absolvam,
697 3165 808 3248 gravis
832 3184 883 3231 me
908 3174 994 3232 tenet
1025 3169 1167 3254 suspicio
1198 3180 1323 3256 poetam
1348 3195 1418 3240 cum

233 3267 344 3335 acerbe
366 3269 468 3334 ironic
490 3268 677 3355 scripsisse:

799 3393 885 3440 nnnc
908 3376 1051 3461 sportula
1076 3378 1180 3463 primo
1203 3380 1314 3447 limine

322 3498 420 3567 parra
444 3498 537 3546 urccr
561 3499 631 3566 sqq.
665 3496 666 3499 ’

232 3587 253 3651 i.
275 3604 303 3650 e.
326 3586 439 3651 decoro
462 3584 612 3661 babetur,
647 3583 697 3650 bis
728 3584 908 3662 iudicibus,
932 3584 1010 3652 dum
1035 3586 1110 3655 olim
1135 3607 1267 3655 avorum
1293 3597 1421 3656 nostro·

232 3709 305 3756 runr
331 3689 486 3754 memoria
518 3689 643 3755 decebat
676 3694 707 3756 in
740 3690 838 3757 rebus
867 3691 935 3757 suis
967 3711 1100 3777 parcum
1133 3712 1222 3771 asse,
1249 3694 1281 3759 iu
1305 3693 1420 3761 alienis

231 3796 377 3880 largum,
401 3803 433 3860 et
458 3803 623 3881 tamquam
649 3797 698 3860 sui
724 3812 817 3881 pares
836 3797 923 3862 cives
940 3796 1105 3862 tenuiores
1130 3794 1267 3864 inritare
1286 3798 1325 3865 ad
1346 3820 1418 3866 coc·

232 3919 318 3965 narn.
359 3897 498 3979 ¹decedit
522 3901 568 3966 rei
595 3899 789 3984 indignitas,
812 3909 887 3986 apte
905 3918 1056 3986 expressa
1080 3902 1290 3987 sequentibus
1314 3902 1419 3970 verbis

231 4004 339 4068 turbae
383 4004 534 4090 rapiendo
578 4015 700 4093 topatoe
741 4014 773 4071 et
809 4014 875 4071 tota
905 4024 988 4091 quae
1018 4004 1227 4091 subsequitur
1261 4009 1416 4088 rationis,

232 4126 295 4193 qua
318 4106 454 4174 daretur
476 4109 638 4195 sportula,
662 4109 880 4196 descriptione
903 4111 1024 4196 optime
1047 4109 1219 4179 illustrata.
1257 4111 1324 4179 lion
1346 4115 1417 4181 sine

233 4213 334 4277 ironia
365 4212 475 4278 eodem
502 4212 596 4279 verbo
629 4215 733 4280 utitur
765 4216 869 4301 isqui
900 4215 970 4283 Sat.
999 4216 1051 4292 tv,
1075 4219 1186 4302 panxit
1210 4237 1257 4284 vs.
1287 4224 1325 4285 13
1351 4239 1414 4305 sq:

390 4335 464 4382 nam
488 4318 570 4403 quood
592 4328 681 4402 nerpc
704 4318 809 4395 bonis,
834 4321 906 4386 Tito
930 4320 1087 4406 scioque,
1111 4321 1236 4388 decebat

389 4420 584 4507 Crispinum.
634 4480 637 4485 4
