3340 5014
675 328 714 374 nn
738 329 938 377 τιιιιοιιιιιιιιι.
1341 306 1403 373 179

209 520 258 561 ναι
288 496 503 575 άίυμοῦντας,
537 497 607 564 καί
639 495 691 563 διά
715 497 771 572 τὴν
794 503 853 565 τῶν
878 497 1054 575 ἐπιτηδείων
1084 495 1196 564 σπάνιν
1218 500 1256 572 nie
1278 495 1404 579 τάχιςα

207 602 466 682 βουλόμενος
500 601 745 680 διακινδυνεύειν,
776 604 970 690 transposita
995 603 1108 671 rocula
1126 628 1179 680 τε,
1204 622 1302 691 quam
1327 602 1402 671 libri

209 706 326 774 haireut
351 716 422 795 past
445 710 504 791 τῷ,
534 719 565 776 et
589 710 748 797 rescripta
771 710 958 790 βουλίμενος
985 711 1273 799 prudentianae.
1320 709 1401 778 Nam

209 823 328 900 pugnat
350 813 404 879 itta
428 814 568 882 miiitum
587 817 706 896 άίυμία
730 835 804 882 curn
828 815 886 883 hae
910 817 1016 904 primu
1039 836 1165 904 qunque
1185 825 1329 904 tempure
1348 814 1400 885 de·

208 919 361 986 cernendi
387 920 555 1007 cupidine,
583 941 639 988 nee
664 921 837 1009 quicquam
862 924 968 989 estin
993 921 1103 990 Niciae
1123 922 1295 1004 concione,
1316 920 1402 990 unde

207 1027 269 1093 iste
293 1026 456 1114 pugnandi
481 1026 578 1093 ardor
601 1027 787 1094 confirmari
813 1048 903 1116 passe
926 1028 1086 1095 videatur:
1109 1046 1182 1094 nam
1204 1036 1399 1096 contraeas·

208 1132 255 1219 pit
278 1152 390 1199 eorum
415 1133 569 1213 άίνμίαν,
593 1141 625 1200 et
650 1142 684 1199 ut
709 1135 835 1200 animas
860 1154 899 1200 ue
923 1133 1141 1222 despondeant
1165 1132 1325 1200 hortatur.

253 1237 313 1307 Sed
349 1238 408 1326 ipsi
439 1239 548 1306 Niciae
581 1238 660 1305 nihil
691 1248 762 1307 erat
794 1241 898 1326 magis
930 1241 962 1307 in
988 1240 1093 1319 rutis,
1118 1258 1216 1325 quam
1242 1248 1399 1327 utquam

207 1348 348 1436 primurn
375 1365 455 1412 nevo
475 1343 595 1433 praelio
618 1344 852 1412 decertaretur.
886 1345 966 1413 Vide
990 1366 1061 1436 cap.
1088 1349 1131 1414 65
1157 1345 1229 1413 init.

253 1451 332 1544 Gap.
356 1455 398 1518 65
423 1459 525 1518 extu:
550 1449 630 1527 ύπας
654 1452 693 1519 ἂν
716 1450 991 1520 ἀπολισθάνοι
1013 1452 1067 1519 καί
1090 1452 1135 1530 μίν
1158 1449 1248 1533 ἔχοι
1271 1452 1400 1519 άντιλα-

205 1560 278 1640 βῆν.
303 1557 414 1625 Oratio
437 1556 576 1625 sciaena:
601 1567 658 1624 aut
679 1555 812 1625 delenda
826 1555 984 1647 particula
996 1555 1054 1635 άν,
1078 1565 1153 1637 aut,
1173 1554 1260 1645 quad
1279 1556 1398 1637 lenius,

206 1662 435 1750 corrigendum
460 1662 715 1747 intercidere
734 1671 766 1729 et
790 1660 874 1746 ἔχρ.

254 1769 332 1861 Gap.
356 1773 399 1838 66
424 1769 483 1843 τάς
503 1770 562 1849 μὲν
584 1770 762 1847 νενικήκατε
784 1768 840 1847 ἤδη
863 1768 1048 1853 ναυμαχίας
1073 1776 1122 1835 est
1140 1766 1272 1843 δείνωσις
1293 1767 1399 1837 rhete-

207 1878 293 1955 risa,
325 1895 421 1955 nam,
454 1884 610 1962 parantum
646 1874 798 1955 memini,
830 1894 892 1942 una
925 1882 1051 1941 tantum
1078 1893 1186 1965 pugna
1211 1872 1316 1941 nauali
1339 1873 1400 1964 Sp·

207 1984 357 2051 τιισιιευνιί
384 1980 527 2047 vicerant
549 1979 772 2050 Athenienses.
811 1980 881 2047 Atia
905 1979 1063 2055 δεινώσεος
1087 1978 1234 2070 exempla
1257 1981 1400 2071 reperies

206 2110 277 2180 cap.
304 2092 347 2155 65
371 2095 453 2155 extr.
477 2090 584 2154 ταῦτα
603 2086 743 2154 πάντα
764 2094 795 2153 et
816 2105 887 2178 cap.
910 2091 952 2154 79
966 2084 1070 2164 med„
1096 2084 1150 2151 ubi
1171 2084 1255 2153 idem
1269 2085 1398 2173 legitur.

252 2194 331 2286 Gap.
363 2199 405 2262 *10
435 2191 501 2259 iere
523 2192 622 2259 med:
655 2192 707 2259 καί
733 2189 800 2260 ὅσον
823 2195 881 2270 μὲν
903 2191 1010 2275 χρόνον
1032 2191 1232 2276 προσφέροιτο
1251 2196 1343 2273 ναῦς,
1366 2195 1399 2262 σί

204 2303 284 2370 άπὸ
315 2307 389 2367 τῶν
420 2298 760 2382 κατατραμάτονν
790 2307 854 2371 τοῖς
881 2299 1031 2373 άκοντίοις
1060 2299 1115 2366 καί
1143 2296 1314 2379 τοξεύμασι
1343 2300 1397 2367 καί

204 2408 298 2484 nidore
329 2406 469 2491 άφίίνεος
504 2408 554 2474 ἐπ’
590 2407 688 2483 αὐτὴν
724 2407 868 2489 ἐχρῶντο,
903 2405 1007 2483 ἐπειδὴ
1039 2406 1071 2472 δὲ
1099 2405 1318 2489 προσμίξειαν,
1352 2407 1399 2497 [ai

204 2512 427 2604 ἐπιβάται]
455 2514 485 2587 ἐς
509 2522 621 2597 χεῖρας
644 2513 739 2587 ίίντες
762 2512 920 2593 ἕτειρύντο
939 2513 1171 2590 ταῒςάλλύλων
1189 2512 1297 2580 ναυσίν
1320 2513 1336 2579 ί
1342 2536 1399 2580 τι·

202 2621 381 2702 βαίνειν.
418 2620 456 2686 ·Ε
488 2618 594 2687 ueritis
622 2619 831 2707 praegressis:
857 2616 889 2685 ai‘
905 2643 943 2686 τε
967 2618 1177 2699 ἐπιβάται
1201 2618 1398 2702 ίίεράτευον,

203 2725 257 2794 tu
290 2724 455 2808 πραπίσιν
486 2731 560 2800 ναῦς
586 2725 650 2802 νηί,
673 2727 718 2804 μὴ
742 2724 903 2792 λείπεσθαι
925 2724 977 2792 τά
999 2724 1078 2791 άπὸ
1099 2728 1168 2792 τού
1191 2724 1400 2805 κατατρύ-

203 2854 334 2913 ματος
358 2840 415 2908 τῆς
435 2830 537 2908 danne
562 2831 677 2913 τέχνης
702 2830 818 2917 liquet,
841 2832 913 2904 τοὺς
933 2829 1141 2910 ἐπιβάτας
1167 2849 1229 2896 nota
1254 2828 1399 2897 diversos

202 2957 275 3005 esse
306 2936 347 3003 ab
378 2937 435 3014 iis,
466 2936 521 3023 qui
554 2934 647 3002 mado
676 2935 755 3002 dicti
779 2945 856 3003 suant
881 2937 915 3003 οί
945 2935 1023 3003 άπὸ
1046 2942 1105 3002 τῶν
1132 2935 1398 3018 καταςραμάταν.

203 3043 313 3128 Quare
336 3041 489 3110 uocabula
513 3045 539 3110 οί
563 3040 739 3122 ἐπιβάται,
764 3051 799 3108 ut
824 3042 938 3109 irarum
959 3041 1131 3109 verberum
1151 3040 1325 3129 glossema,
1345 3041 1398 3111 da·

202 3148 297 3217 tenda
321 3168 391 3215 esse
415 3148 575 3215 videntur.
622 3147 657 3213 lu
687 3157 832 3216 extrema
855 3148 960 3238 capite
985 3147 1193 3238 participium
1218 3148 1399 3231 φεύγοντας

202 3255 315 3323 abesse
329 3263 452 3342 posset,
474 3253 527 3321 sed
549 3254 618 3320 sine
638 3254 854 3321 controversia
875 3252 1046 3321 detendunt
1060 3254 1247 3329 Ἀθηναίους.
1272 3251 1399 3336 Quanta

203 3362 292 3429 enim
324 3359 439 3427 rrrelius
471 3358 583 3427 ultima
614 3360 710 3426 rerba
733 3361 780 3427 sie
803 3358 999 3427 scribentur:
1026 3360 1052 3425 οί
1077 3359 1108 3426 δὲ
1133 3360 1329 3442 Συρακόσιοι,
1352 3361 1398 3439 εί,

203 3464 254 3541 οὓς
282 3469 392 3550 σαφῶς
421 3467 506 3534 ἴσασι
538 3465 796 3549 προθυμουμένους
818 3466 913 3532 παντί
937 3465 1037 3549 τρίπιρ
1060 3467 1249 3548 διαφυγεῖν,
1273 3465 1397 3541 τούτους

203 3573 384 3658 φεύγοντας
414 3572 502 3639 αὐτοὶ
530 3571 717 3655 φεύγουσιν,
750 3592 847 3659 quara
880 3570 990 3637 addita
1014 3572 1075 3638 istu
1097 3573 1226 3638 notariae
1250 3570 1397 3661 proprio,

202 3698 268 3766 quo
291 3697 385 3744 arcane
409 3678 564 3745 orationis
588 3676 696 3745 lumea
721 3677 960 3763 exstinguitur!
1104 3755 1109 3764 Ι

249 3783 326 3875 Cap.
356 3789 417 3862 71,
449 3805 512 3851 nou
543 3783 654 3874 procui
685 3781 725 3850 ab
754 3784 863 3850 initio:
896 3781 1020 3849 πάντων
1047 3782 1111 3864 γάρ
1135 3783 1170 3858 δὶς
1190 3780 1398 3861 άνακειμίνενν

202 3897 267 3964 τοῖς
298 3891 468 3966 Ἀθηναίοις
500 3892 531 3964 te
562 3890 621 3967 τάς
654 3896 729 3964 ναῦς
759 3886 778 3955 ὅ
805 3900 850 3958 σε’
869 3887 970 3973 Φόβος
994 3886 1029 3965 ἦν
1052 3888 1126 3969 ύπίρ
1150 3893 1203 3953 τοῦ
1228 3888 1397 3966 manante

204 3995 299 4062 ούδενί
319 3996 417 4071 derude
442 3995 511 4061 καί
535 3995 603 4063 διὰ
624 3996 668 4064 τί
687 3996 852 4077 ύνύμαλον
871 3995 924 4061 καί
942 3996 998 4071 airu
1016 3990 1128 4075 ἔποψιν
1143 4001 1199 4070 τῆς
1212 3993 1397 4075 ναυμαχίας

204 4103 238 4168 ἐν
268 4110 322 4178 τῆς
357 4110 417 4183 γῆς
443 4103 652 4187 ἠναγκάζοντο
676 4101 772 4184 ἔχειν.
822 4101 986 4169 Sententia
1014 4100 1125 4185 utique
1146 4098 1230 4166 haee*
1249 4119 1318 4167 esse
1342 4098 1397 4168 dc·

205 4206 273 4274 bet:
306 4216 434 4295 prepter
466 4209 631 4296 inaequale
666 4230 683 4275 e
713 4219 798 4276 terra
829 4206 1037 4295 spectaculum
1068 4204 1264 4293 inaequalem
1296 4207 1398 4296 luisse

205 4312 445 4380 Atheniensibus
474 4314 651 4380 animarum
684 4314 911 4382 conditionem:
941 4312 1031 4379 mado
1059 4312 1142 4378 enirn
1166 4311 1264 4380 nimie
1287 4313 1398 4380 timore

204 4419 381 4504 perculsus,
401 4420 491 4486 mado
508 4419 607 4487 nimia
630 4442 684 4508 spe
707 4421 805 4489 elatas
826 4420 942 4510 suisne,
959 4429 1052 4506 prout
1074 4439 1147 4485 suas
1169 4440 1236 4486 rem
1259 4419 1398 4486 cutiens
