3242 5014
632 361 844 409 rhamnum.

405 534 430 598 εί
454 533 517 614 rap
540 556 570 597 τι
594 540 693 598 κακῶν
718 529 790 604 ἄκος
815 528 879 598 olda
903 533 1047 611 πίλσν,

404 637 493 717 μόνος
515 636 554 702 ἂν
578 641 688 714 θνητῶν
712 638 813 718 πέρα
837 638 926 703 είπσι.

146 748 150 758 “
192 751 315 821 θνητῶν
347 745 445 825 πίρα·
476 744 593 810 Darius
623 745 710 811 enim
741 742 827 809 solus
850 743 1013 829 aliquanto
1038 743 1110 829 plus
1133 744 1216 829 sapit
1238 761 1336 827 quam

144 849 303 918 mortales.
349 849 408 915 Dis
441 848 593 916 Manibus
626 849 777 936 plusest
808 847 1048 928 confidendum,
1085 869 1182 934 quam
1210 849 1252 913 iis
1281 848 1337 933 qui

144 962 246 1023 terrae
274 975 406 1020 munere
434 959 615 1021 vescuntur.
662 952 814 1021 Ceterum
845 957 879 1019 in
911 958 1109 1041 anapaestico
1131 958 1234 1020 metro
1257 952 1336 1033 πέρα

144 1061 222 1128 ιίπσι
253 1061 329 1128 ferri
358 1066 479 1147 potest,
511 1080 548 1125 ea
577 1059 756 1127 conditione
789 1066 827 1125 ut
858 1086 880 1124 a
904 1063 1102 1147 corripiatur·
1158 1056 1337 1145 Aeschylus

143 1165 256 1254 plenus
279 1165 499 1253 exemplorum
521 1170 587 1243 est,
612 1185 643 1232 v.
669 1187 697 1231 c.
721 1167 756 1230 in
778 1165 885 1235 Persis

324 1294 372 1341 ve.
399 1269 441 1337 39
465 1270 533 1337 καί
559 1269 741 1349 ἑλεισβιίται
765 1278 842 1337 ναῶν
865 1272 977 1355 ίρίται.

400 1377 444 1445 52
468 1376 537 1443 καί
562 1376 721 1447 ιίιιινπιτιιί
745 1380 865 1444 Macci·
890 1379 1051 1460 Βαβυλών.

400 1483 445 1550 60
467 1482 591 1565 uixerat
615 1483 727 1566 ἀνδρῶν

378 1587 444 1656 542
467 1585 635 1655 ποθέσασαι
659 1588 730 1655 ideis
756 1589 951 1672 ἀρτιζυγίαν.
1057 1658 1063 1667 ,

191 1693 378 1763 Certissima
411 1694 532 1761 ratione
564 1692 713 1762 Kiehlius
749 1695 932 1763 emendasse
967 1696 1050 1760 mihi
1084 1695 1211 1761 videtur
1246 1691 1335 1778 Sept.

398 1911 486 1985 ἡμεῖς
510 1907 536 1973 δ’
551 1905 631 1984 ’ἅμα
654 1906 724 1988 τῷδ’
748 1904 854 1972 ι’ίσπε
862 1933 877 1989 ρ
900 1932 935 1972 τι
959 1908 1048 1980 πόλις

398 2013 450 2077 καί
474 2011 645 2077 τὸδίκαιον
669 2010 854 2089 ξυνεπαινεῖ.

193 2115 313 2183 Scribit
342 2118 428 2183 enim
459 2112 576 2199 ᾧπερ.
623 2117 695 2182 Non
725 2138 804 2204 opus
836 2120 964 2192 ridetur
995 2118 1147 2205 Aeschyli
1176 2117 1261 2183 locos
1290 2116 1341 2181 de-

148 2223 299 2301 scribere,
323 2222 381 2288 ubi
403 2218 496 2304 ὅσπερ
520 2224 631 2290 eodem
654 2224 749 2289 modo
772 2230 962 2311 usurpetur,
988 2246 1063 2292 nam
1087 2243 1137 2290 ree
1159 2226 1264 2309 primo
1290 2222 1343 2286 ob·

148 2334 225 2395 tutu
248 2328 419 2395 manifesta
441 2334 497 2396 est.

193 2433 232 2501 In
254 2432 366 2521 Suppl.
392 2432 456 2501 661
481 2434 555 2515 μηδ’
578 2436 751 2517 ἐπιχωρίοις
775 2436 901 2510 ςιίσις

487 2545 653 2619 πτώμασιν
675 2543 845 2620 αἱματίσαι
870 2541 959 2608 arta
982 2548 1064 2621 γᾶς·

196 2646 287 2728 Quod
307 2649 342 2712 in
365 2643 481 2713 Codice
503 2647 610 2713 deerat
633 2645 744 2726 τίσις,
769 2647 932 2734 supplevit
954 2649 1204 2735 Bambergerue;
1230 2646 1341 2711 afani-

151 2753 244 2820 litate
265 2753 467 2819 correctionis
489 2752 706 2819 commendari
730 2752 824 2819 dehet
843 2752 927 2839 quod
945 2753 1096 2820 Kiehliue
1114 2753 1238 2818 invenit
1258 2750 1342 2831 ίριι.

147 2860 234 2940 Ἔριν
255 2859 471 2938 αἱματόεσσαν
501 2858 622 2947 legitur
644 2860 679 2923 in
701 2860 943 2947 Agamemnone
967 2857 1051 2939 682,
1084 2857 1141 2941 ἔριν
1165 2859 1344 2938 αίματιρριίν

151 2961 392 3053 cleopater.

196 3068 349 3155 Reliquae
378 3068 476 3135 bonas
506 3070 742 3137 emendationes
772 3073 942 3150 omittam,
972 3074 1092 3157 partim
1115 3073 1277 3156 quiajam
1299 3065 1343 3132 le

151 3181 273 3264 guntur
294 3176 329 3239 in
347 3176 506 3261 prioribus
524 3174 751 3264 Mnemosyncs
769 3176 1007 3255 voluminibus,
1031 3180 1151 3264 partim
1170 3178 1245 3262 quia
1263 3172 1342 3239 alios

147 3282 217 3367 jatm
247 3283 282 3346 in
312 3280 439 3347 easdem
469 3283 663 3368 suspiciones
689 3283 837 3349 incidisse
860 3282 971 3363 videc;
1004 3283 1058 3349 sed
1081 3280 1258 3348 omittenda
1279 3299 1343 3344 non

151 3385 280 3452 videtur
302 3385 395 3452 docta
418 3391 450 3452 et
473 3389 598 3473 copiosa
620 3388 795 3475 disputetis
816 3389 855 3454 de
878 3387 933 3455 Ius
956 3389 1121 3455 erroribus.

197 3491 320 3558 Notum
350 3496 398 3556 est
426 3490 648 3560 Hermannum
678 3497 712 3559 in
735 3493 888 3582 Aeschyli
911 3495 1047 3561 editions
1070 3491 1140 3559 Vol.
1166 3491 1251 3577 Ilp.
1277 3487 1341 3554 152

152 3595 212 3661 hoc
242 3601 470 3685 argumentum
499 3602 667 3679 tractasse,
700 3599 754 3664 sed
783 3620 820 3665 ea
842 3600 1056 3686 disputatione
1078 3596 1250 3686 diligenter
1273 3616 1343 3663 exa·

152 3702 292 3780 minate,
316 3700 466 3767 Kiehliue
490 3709 593 3770 totam
611 3706 830 3790 quaestionem
849 3725 906 3771 suo
924 3704 1031 3770 Marte
1048 3704 1248 3781 retractavit,
1269 3723 1344 3768 cum

153 3806 213 3873 hoc
243 3807 306 3872 sibi
334 3808 555 3892 persuasisset,
588 3810 796 3895 quantumvis
826 3809 946 3875 fuerint
976 3808 1126 3876 mortales
1156 3812 1219 3875 ista
1241 3812 1343 3874 aetate

153 3911 367 4001 geographiae
395 3915 556 3999 imperiti,
588 3913 786 4002 Aeschylum
816 3920 924 3982 tamen
954 3936 1084 3983 summa
1113 3934 1189 3981 cura
1214 3933 1342 4001 operam

153 4017 293 4096 dedisse,
316 4023 355 4083 ut
376 4017 504 4106 singula
526 4017 595 4085 loca
617 4023 650 4084 et
672 4022 817 4108 regiones
841 4021 950 4088 ordine
974 4022 1172 4088 describeret.

199 4122 348 4189 Primum
367 4125 468 4189 oritur
486 4126 646 4210 quaestio,
666 4125 724 4191 uhi
740 4125 951 4194 Prometheus
969 4148 1045 4194 saxo
1065 4126 1217 4215 alligatus
1233 4123 1341 4190 fuerit.

153 4231 260 4317 Atque
289 4231 323 4296 in
353 4229 457 4297 soluto
486 4230 677 4298 Prometheo
705 4253 755 4299 res
784 4235 920 4301 minime
942 4234 1040 4301 dubia
1063 4239 1128 4312 est;
1160 4231 1343 4298 ridebimus

154 4336 284 4420 quidem
313 4336 412 4415 infra,
444 4337 502 4402 ubi
531 4334 691 4406 Caucasus
722 4339 762 4404 ab
794 4340 953 4428 Aeschylo
982 4340 1080 4408 fuisse
1107 4337 1261 4428 fingatur,
1287 4337 1342 4403 sed
