3296 5022
626 373 668 420 sn
692 371 955 421 ruroremsron.
1343 351 1385 418 53

244 543 357 623 ἀμίλει
383 542 413 608 δὲ
438 541 604 615 desciscat
630 537 704 616 ἕλκη
729 540 812 622 ἔχειν
836 543 868 607 ἐν
897 550 960 616 τοῖς
987 540 1193 619 ἀντικνημίοις
1217 542 1268 606 καί
1293 565 1385 622 προσ-

200 647 393 726 πταίσματα
415 649 446 712 ἐν
476 656 539 719 τοῖς
562 646 725 718 δακτύλοις
751 646 803 711 καί
832 647 877 724 μὴ
901 649 1086 728 θεραπεῦσαι
1115 646 1190 712 ἀλλ’
1222 648 1313 713 ε’ἀοαι
1334 650 1385 724 c,-

200 753 363 839 ριυίῆναι]
399 772 461 818 non
483 750 623 838 simplici
646 752 742 818 verbo
765 754 799 816 in
822 772 859 818 ea
880 774 915 818 re
940 752 995 818 sed
1018 753 1192 837 composito
1214 754 1385 819 utebantur

199 859 448 937 ἀποίκριοίῆναι.
481 856 539 921 Est
559 858 799 941 praepositionis
819 857 884 922 ἀπί
903 854 1175 941 compendiolum,
1200 859 1284 942 quod
1300 858 1388 925 facili

200 965 329 1051 negotio
352 962 535 1049 neglectum
556 964 648 1046 perit.
692 959 800 1026 Huius
822 968 871 1027 est
899 963 933 1026 in
955 957 1053 1026 Godd.
1078 963 1269 1045 quibusdam
1291 969 1385 1028 tenue

200 1068 359 1152 quoddam
389 1066 561 1141 indicium,
594 1085 731 1149 namque
760 1066 945 1146 ἕίκριυίιῑναι
977 1065 1136 1130 exhibent.
1175 1068 1292 1134 Fuerat
1315 1066 1382 1145 ξίν-

100 1228 102 1232 ,
201 1173 353 1251 prothoen.
386 1173 461 1255 quia
491 1170 715 1255 compendium
743 1173 981 1256 praepositionis
1012 1170 1076 1235 ἀπί
1102 1170 1256 1252 literae(
1285 1171 1386 1236 simil-

201 1277 319 1342 limum
343 1282 399 1341 est.

247 1484 328 1550 Ibid.
340 1484 442 1550 ε’σίίων
460 1483 714 1561 ἀπομύττεσθαι,
735 1483 810 1549 ίιίυν
829 1484 1080 1565 ἀπομίρξασίαι,
1099 1493 1278 1565 προσλαλῶν
1294 1487 1385 1566 ἀπορ-

201 1597 337 1670 ρΙΠΤειν
369 1588 507 1654 ἀπὸτοῦ
530 1588 697 1674 πόματος]
732 1589 860 1655 Arridet
884 1589 1024 1655 Editorie
1047 1593 1226 1657 coniectura
1248 1592 1385 1670 ἀπομόρ·

201 1693 315 1771 ξασθαι
337 1714 394 1780 pro
423 1690 495 1771 ἀμα
524 1692 551 1756 δ’
575 1691 744 1774 ἀρξασίοιι,
777 1693 832 1758 sed
861 1714 918 1779 pro
947 1695 1162 1776 ἀπορρίπτειν,
1195 1697 1279 1780 qnod
1305 1696 1388 1761 nihil

203 1802 332 1866 omnino
354 1800 430 1864 iacit
449 1798 489 1863 ad
510 1818 595 1876 rem,
619 1798 808 1878 ἀπορραίνειν
831 1819 851 1863 a
872 1797 1087 1884 Theophrasto
1110 1802 1266 1885 scriptum
1289 1800 1386 1866 iirisse

202 1906 361 1970 existimo.
396 1904 519 1970 Notum
549 1907 597 1968 est
626 1906 659 1968 in
683 1923 720 1969 ea
745 1924 778 1968 re
806 1903 941 1969 verbum
971 1905 1168 1984 προοραίνειν.
1204 1903 1387 1992 Hesychius

202 2029 235 2075 v.
259 2007 509 2089 Σιαλίχονςτ
539 2010 610 2080 τοὺς
636 2009 869 2088 προσραίνοντας
899 2007 1006 2073 σίαλον
1037 2010 1068 2073 ἐν
1090 2011 1132 2089 τῷ
1164 2010 1387 2089 προσδιαλέγε-

202 2116 294 2192 σίαι,
311 2114 368 2179 ubi
379 2116 447 2179 sine
464 2116 676 2181 controversia
695 2124 901 2197 Σιαλοχοους
923 2114 1142 2193 scribendum,
1162 2120 1201 2179 nt
1218 2114 1388 2196 οίνοχίους,

201 2217 412 2303 χρυσοχόους,
436 2239 516 2304 quae
538 2239 600 2284 non
620 2219 858 2285 contrahuntur.
893 2216 947 2283 Sic
969 2226 1001 2284 et
1021 2219 1232 2285 Antimachus
1250 2223 1266 2284 δ
1281 2219 1391 2301 ψακάι

203 2345 378 2413 cognomen
406 2325 557 2409 reperisse
587 2331 733 2391 narratur
760 2324 865 2399 instit
889 2323 1079 2403 προσίρραινε
1110 2326 1179 2394 τοὺς
1204 2326 1390 2402 ὁμιλοῦντας

202 2429 421 2509 διαλεγόμενοι
444 2433 525 2495 teste
547 2429 724 2497 Scholiasta
745 2429 785 2494 ad
808 2429 938 2494 Αοάοοκ.
968 2427 1066 2494 1150.
1102 2428 1251 2495 Notabile
1272 2437 1321 2496 est
1343 2435 1390 2497 vi·

203 2537 289 2602 tium
311 2537 346 2600 in
375 2532 490 2601 Galerii
516 2534 609 2599 libris
631 2533 808 2599 indicatum
832 2554 851 2599 a
873 2531 1035 2599 Dindorfio
1062 2533 1102 2598 ad
1125 2531 1279 2618 Stephani
1309 2534 1390 2600 The

202 2660 343 2706 caurum.
385 2638 595 2725 Hippocrates
624 2639 765 2704 dixerat:
795 2636 1008 2715 διαλεγόμενοι
1037 2637 1218 2719 σιαλοχίοι,
1249 2658 1391 2723 proquo

203 2746 288 2830 apud
310 2742 470 2811 Galerium
492 2743 642 2808 scribitur
663 2744 862 2828 ineptissime
882 2741 1167 2819 διαλεχομίνοιοΙΝ
1191 2742 1390 2826 ἈΛΛυχίοκ

203 2848 480 2929 Quemadmodum
507 2849 609 2934 igitur
630 2848 817 2928 προσραίνειν
839 2845 909 2912 σινά
940 2846 1087 2911 dicebant
1117 2849 1162 2912 sio
1193 2854 1225 2912 et
1248 2848 1391 2928 ἀπορραί-

203 2977 261 3019 νειν
282 2979 325 3021 τι.

247 3165 328 3232 Ibid.
352 3169 632 3236 ἀναπΙΠΤΟΝτος
656 3167 686 3229 ἕν
705 3172 769 3238 τοῖς
788 3166 927 3245 τρώμασι
948 3166 1033 3241 μεπά
1053 3170 1108 3239 τῆς
1126 3167 1271 3242 γυναικὸς
1294 3166 1389 3230 αὐτοῦ
1470 3144 1473 3153 ’

203 3273 395 3357 κοιμᾶσθαι]
425 3276 511 3337 corta
532 3276 564 3337 et
592 3271 722 3336 evidens
744 3270 901 3336 Badhami
933 3271 1113 3337 emendatio
1142 3271 1390 3343 ἀναποΝΙΠτοο

203 3377 341 3442 ostendit
362 3398 459 3462 quam
481 3376 564 3441 nihil
586 3377 798 3463 cogitaverint
826 3382 972 3441 vecemm
994 3372 1150 3441 Codicum
1172 3375 1388 3460 descriptores.

248 3585 328 3663 Ibid,
352 3586 404 3650 καί
437 3584 610 3666 εὐχομένων
631 3586 684 3649 καί
716 3584 902 3649 σπενδόντων
933 3582 1082 3661 ἐκβαλεῖν
1111 3584 1149 3647 τί
1170 3585 1308 3662 ποτήριον
1338 3585 1389 3647 καί

203 3690 340 3767 χελάσαι
362 3693 411 3754 cic
435 3689 605 3758 ΤΕΡάςιίν
627 3712 657 3753 τι
682 3689 882 3773 πεποιηκώς]
923 3687 1024 3754 Multi
1051 3687 1130 3753 olim
1153 3708 1263 3753 veram
1283 3686 1392 3753 lectio·

202 3815 276 3860 nem
306 3801 505 3879 repererunt,
535 3814 616 3879 qnae
645 3794 722 3859 haec
753 3799 818 3859 est:
851 3790 979 3857 ἀΕΠΕΡ
1010 3792 1113 3860 desta
1140 3815 1170 3856 τι
1202 3793 1389 3866 πεποιηκώς.

205 3922 337 3984 „parcnt
358 3899 447 3981 οριοι”
468 3905 507 3964 ut
529 3899 650 3964 iudicat
672 3897 794 3963 Editor.
830 3894 979 3984 Cogitato
1002 3894 1117 3980 aliquis
1140 3896 1224 3980 apud
1246 3896 1392 3962 animum

176 4023 297 4068 suum
326 4002 403 4087 quid
425 4005 468 4067 sit
490 4003 692 4068 ‘rebecca
715 4025 744 4066 τι
769 4010 884 4078 ποιεῖν,
916 4006 949 4066 et
970 4021 1066 4086 quam
1092 4004 1135 4066 sit
1158 4000 1312 4066 absonum
1334 4027 1390 4080 χε-

202 4107 300 4173 λάσαι
323 4111 362 4178 ὡς
383 4106 569 4187 τεράςιόν
593 4133 622 4173 τι
647 4108 817 4182 πεποιηκώς
841 4104 1059 4172 intellecturus
1083 4113 1140 4171 est.

247 4317 328 4384 Ibid.
353 4317 405 4381 καί
428 4316 613 4393 αὑλούμενοο
631 4317 663 4381 δὲ
677 4324 791 4397 κροτεῖν
814 4324 884 4386 ταῖς
908 4315 997 4394 χερσί
1021 4313 1110 4393 μίνος
1134 4322 1193 4380 τῶν
1211 4316 1317 4382 ἀλλον
1336 4321 1405 4389 καί,

203 4421 417 4505 σνντερετίζειν
448 4421 499 4487 καί
527 4422 674 4500 ε’πιτιμάν
696 4432 735 4504 τῇ
759 4420 916 4498 αὐλητρίδι
939 4428 984 4485 TI
1010 4429 1068 4485 O'r
1092 4420 1180 4503 ταχὺ
1204 4408 1387 4509 retroire]
