3296 5022
267 378 330 441 tua
683 395 882 443 contemnam
906 397 1022 443 norrun.

265 567 299 626 et
324 561 466 648 mmo
487 570 586 649 atque
606 564 721 631 rorone
734 600 776 614 -
786 563 1002 652 ptoranter-
1015 560 1460 650 improbantur-ratque

265 671 298 731 et
319 680 367 732 vs.
385 669 445 732 tlt
471 686 533 753 sq:
552 666 624 735 isos
652 669 762 756 pueris
792 670 990 755 patriaeque,
1023 667 1082 734 iroo
1106 665 1260 754 praetulit
1283 665 1337 732 iiia
1359 667 1461 733 rotari

266 777 363 858 atque
387 772 466 838 uiro.
1061 796 1063 800 ·
1268 820 1273 830 .

314 875 419 957 Quare
443 884 600 961 punctum
625 878 780 963 temporis
805 898 865 945 non
891 876 1002 944 dubito
1026 875 1254 962 corrigendum
1279 894 1366 953 esse,
1393 893 1457 941 uua

266 977 389 1046 abiecta
414 978 543 1046 literula
557 1005 580 1045 :·
1248 1036 1254 1048 .

400 1081 484 1163 Quiri
508 1086 634 1171 privata
657 1085 751 1152 domo
781 1087 858 1171 quid
882 1085 995 1153 iecerit
1019 1085 1133 1171 Eppia,
1155 1083 1273 1151 ouras?

265 1188 310 1256 De
334 1187 437 1255 forma
462 1188 565 1255 Hativi
590 1191 622 1255 in
647 1203 667 1253 n
689 1188 760 1255 uide
778 1191 905 1276 Zumpt.
928 1195 946 1277 ς
967 1193 1028 1265 81,
1051 1189 1092 1257 at
1111 1190 1289 1256 orationem
1307 1186 1350 1255 et.
1370 1186 1465 1253 inira-

265 1314 294 1358 r.
324 1297 384 1359 1157
411 1313 468 1378 sq:
841 1303 845 1310 ’

879 1397 965 1464 hune
988 1396 1076 1464 dedit
1100 1397 1175 1464 otim

423 1501 573 1567 barbarus
596 1505 737 1569 incestae
760 1503 848 1570 dedit
871 1502 957 1569 hurso
981 1503 1122 1591 Aprippo
1147 1505 1250 1569 sorori

264 1616 296 1675 et
322 1606 406 1682 Vlll,
435 1610 516 1672 tlt:

684 1712 761 1800 quid
786 1714 927 1779 resinata
949 1714 1100 1780 iuventus

467 1836 628 1903 cruraque
652 1820 752 1885 totius
775 1818 892 1905 socient
913 1818 970 1883 tibi
993 1817 1073 1884 teria
1098 1819 1225 1905 gentis?

265 1922 287 1985 i.
312 1940 340 1985 e.
365 1922 442 2006 quid
463 1920 542 1987 maii
564 1923 683 2008 facient
705 1922 762 1987 tibi
785 1930 860 1988 cett.

684 2025 751 2094 Sat.
777 2027 837 2105 Vl,
873 2032 933 2093 191
962 2047 1032 2114 sqq.

320 2123 324 2131 ’
354 2132 574 2198 concumbunt
597 2131 737 2211 Graece,
761 2132 860 2198 dones
883 2140 990 2199 tamen
1016 2134 1077 2198 ista
1101 2130 1229 2219 puetiis:

354 2246 433 2302 tune
455 2237 572 2311 etiam.
598 2256 693 2323 quam
718 2245 830 2305 sottus
852 2245 886 2304 et
909 2239 1148 2322 octogensimus
1169 2254 1274 2303 annus

354 2339 481 2428 puisat,
502 2340 608 2408 adhue
632 2341 774 2409 Graecei
799 2361 862 2407 non
886 2350 935 2408 est
956 2341 1010 2408 hio
1034 2360 1140 2408 sermo
1163 2339 1303 2429 pudieus

354 2449 385 2511 in
411 2445 534 2524 veruta,
558 2447 707 2533 quotiens
729 2446 886 2513 iaseivum
913 2448 1088 2513 interuenit
1113 2445 1192 2512 ittut

352 2551 412 2634 ζωὴ
435 2553 488 2617 sai
511 2553 624 2634 pexi,
648 2551 742 2617 modo
765 2552 826 2617 sub
850 2550 952 2618 todire
973 2551 1096 2617 retiatis

353 2657 455 2723 uteris
478 2658 510 2722 in
535 2656 646 2731 turba:
670 2656 754 2743 quod
779 2658 865 2723 enirn
893 2676 954 2722 non
978 2659 1098 2724 excitet
1122 2657 1242 2743 inguen

350 2779 410 2826 vox
435 2760 549 2828 biania
572 2769 606 2828 et
630 2761 790 2848 nequam?
822 2761 943 2848 digitos
968 2760 1077 2838 habet,
1101 2771 1136 2826 nt
1161 2771 1269 2829 tamea
1294 2780 1405 2830 omnes

349 2866 511 2953 monnone
534 2867 667 2953 pinnae:
692 2865 782 2931 dieas
807 2865 884 2933 haee
909 2866 1038 2933 mollius
1063 2866 1183 2934 Haemo

350 2991 548 3058 quamquam
573 2979 606 3038 et
630 2970 857 3059 Carpophoro,
883 2970 981 3038 sanies
1006 2980 1060 3038 tua
1083 2979 1249 3058 computat
1273 2991 1382 3038 annos.

308 3075 410 3142 Verba
435 3076 548 3142 ultima
572 3076 678 3163 pantio
699 3075 814 3142 melius
834 3077 881 3143 sie
905 3075 1130 3143 constituenda
1154 3096 1225 3144 esse
1249 3077 1450 3164 putaverim:

883 3189 912 3246 ot
934 3190 1041 3248 tarnen
1066 3202 1179 3248 omnes

349 3284 514 3352 subsidunt
536 3286 672 3372 pinnae,
698 3286 787 3353 dieas
812 3286 890 3353 iraeo
915 3286 1045 3353 mollius
1069 3287 1190 3353 Haemo

348 3407 545 3476 quamquam
570 3398 603 3457 ot
625 3391 837 3478 Carpophoro.
885 3391 997 3458 Facias
1021 3400 1076 3458 tua
1100 3399 1267 3479 eomputat
1290 3411 1404 3459 annos.

304 3495 487 3563 Sententia:
531 3516 605 3562 nam
648 3515 707 3562 ros
744 3496 859 3563 hianda
891 3509 922 3563 et
962 3517 1100 3584 nsquam
1136 3497 1311 3583 digitorum
1345 3498 1450 3565 instar

256 3602 400 3670 exaitare
422 3599 505 3667 vaiet
531 3602 627 3690 (vaiet
650 3622 707 3684 pro
730 3602 823 3669 teter
847 3601 1064 3690 Heinriohius)
1093 3601 1139 3669 vel
1164 3601 1448 3688 languidissimum

255 3727 380 3795 penem.
428 3706 710 3775 Nihilominustu
741 3727 871 3794 operam
908 3706 1028 3793 perdis:
1065 3706 1141 3774 lieet
1172 3707 1267 3773 toties
1290 3705 1448 3772 lasciuum

256 3810 336 3878 iilud
367 3811 427 3895 Cui
453 3812 506 3877 urai
537 3813 627 3892 ψυχή
660 3812 834 3879 interseras
867 3812 1037 3901 (interserit
1069 3831 1125 3899 pro
1155 3812 1321 3878 interuenit
1351 3809 1448 3876 Hein-

254 3917 351 3983 rieitii
375 3918 561 3984 coniectura
585 3917 646 4004 est)
674 3917 769 4005 idque
792 3919 863 4003 ipso
884 3918 1002 3983 Haemo
1022 3925 1055 3984 et
1074 3915 1278 4004 Carpophoro
1299 3915 1446 3994 mollius,

254 4031 364 4089 tamen
384 4022 557 4090 subsidunt
577 4026 712 4090 amatori
739 4032 796 4089 tuo
810 4042 922 4090 omnes
941 4040 1083 4110 pennae,
1107 4023 1128 4089 i.
1150 4041 1177 4088 e.
1198 4021 1300 4087 iacent
1321 4021 1351 4088 ei
1363 4021 1448 4086 reiut

251 4138 451 4214 praemortuo
469 4128 619 4195 membre.
643 4128 714 4195 Noti
739 4129 871 4194 mirari:
900 4148 974 4194 nam
999 4127 1097 4194 iacies
1116 4135 1173 4195 tua
1192 4124 1299 4214 prodit
1318 4133 1446 4193 sontum

254 4240 287 4296 et
309 4235 563 4318 octogensimum
588 4253 652 4320 quo
677 4234 816 4321 putsaris
839 4253 973 4300 anuum.

722 4340 787 4406 Sat.
816 4339 876 4415 vt,
902 4342 979 4405 268.

413 4462 538 4529 seraper
563 4443 657 4511 traltot
681 4444 753 4511 lites
777 4444 961 4531 otiosoque
987 4445 1092 4531 iurgia
1118 4443 1230 4510 iectus.
