3296 5022
648 352 847 407 contectum
877 353 996 398 milid-

651 519 716 586 Sat.
743 518 799 585 ΙΙΙ.
826 523 891 586 238
914 538 996 604 sqqc

414 624 493 691 Vive
517 622 656 690 bidentis
679 643 792 691 amans
814 633 846 690 et
870 622 949 689 culti
973 620 1088 687 silicus
1111 619 1215 699 horti,

412 727 498 795 unde
520 726 652 814 epulum
678 730 778 814 possis
802 736 933 793 eentum
958 724 1036 815 dare
1060 723 1280 813 Pythagoreis,

410 843 460 900 est
483 831 605 918 aliquid
629 850 834 917 quocumque
855 829 923 895 loco
947 849 1150 916 quocumque
1173 849 1301 897 recessu

410 938 508 1004 unius
531 955 601 1002 sesa
625 935 791 1002 dominum
816 934 930 1002 iecisse
953 934 1096 1001 lacertae.

275 1040 398 1109 Comica
429 1061 509 1109 usus
536 1048 586 1106 est
608 1048 701 1127 poeta
724 1040 910 1127 hyperbole,
930 1058 1027 1125 quam
1052 1059 1113 1104 non
1139 1036 1255 1104 melius
1277 1036 1421 1104 illustres

228 1164 324 1231 quam
357 1146 456 1214 simili
489 1147 559 1212 ioco
590 1164 753 1211 uerrucis
783 1144 842 1221 itt,
878 1148 934 1220 19,
965 1143 1019 1209 ubi
1050 1141 1089 1209 de
1121 1142 1228 1208 villula
1260 1162 1318 1208 sua
1344 1142 1419 1210 sutr-

230 1248 353 1316 urhaua
377 1253 424 1318 sic
448 1252 592 1318 iocatur:
672 1318 675 1325 ,

500 1365 616 1441 arguta
641 1355 721 1441 tegit
744 1354 793 1421 ala
818 1351 902 1439 quod
927 1353 1069 1429 cicadae,

500 1459 585 1546 quod
609 1461 745 1548 [umiae
767 1458 819 1525 die
839 1455 980 1524 comedit
1004 1476 1078 1523 uuo.

432 1600 478 1616 -·
501 1565 535 1630 in
558 1584 622 1652 quo
647 1584 705 1631 nec
728 1563 867 1631 cucumis
891 1562 995 1628 iacere
1017 1571 1121 1627 rectus

502 1689 561 1737 nee
586 1690 712 1754 serpeus
736 1667 881 1734 habitare
904 1676 967 1735 toto
991 1664 1102 1752 possit.

278 1772 471 1843 Conferatur
488 1776 586 1842 etiam
610 1795 691 1841 roura
710 1794 842 1841 ornacum
862 1791 994 1839 carmen
1015 1774 1049 1835 in
1074 1768 1237 1837 Valerium
1261 1769 1417 1838 Catonem

231 1878 489 1947 Gramnraticum
513 1900 566 1966 ap.
590 1899 757 1947 sueromurr
780 1877 820 1943 de
843 1876 888 1942 ut.
912 1875 1055 1943 Gramm.
1080 1895 1148 1961 cap.
1175 1876 1230 1943 xt.

277 1983 364 2071 Ergo
386 1985 457 2053 sine
480 2004 577 2051 eausa
601 1985 713 2050 idonea
735 1982 777 2048 dc
801 1982 880 2046 vitio
903 1990 1088 2067 suspectum
1115 1979 1263 2049 habuere
1288 1979 1420 2067 quidam

230 2096 266 2155 et
288 2088 413 2159 iusanls
435 2089 631 2156 coniecturis
653 2096 811 2156 vexarunt
834 2085 976 2173 lepidum
1003 2084 1081 2152 illud
1105 2087 1248 2152 lacertae.

709 2193 775 2259 Sat.
800 2192 856 2270 lV,
883 2196 937 2257 41.

641 2318 700 2365 neo
723 2299 809 2364 enim
835 2297 941 2362 minor
965 2295 1110 2363 haeserat
1132 2294 1196 2362 illis

369 2421 450 2489 quos
473 2404 576 2490 operit
598 2403 718 2489 glacies
741 2402 894 2468 Maeotica
920 2410 1078 2486 ruptaque
1100 2399 1252 2479 undem,

371 2507 491 2575 solibus
514 2507 650 2575 effundit
674 2508 820 2574 terrentia
841 2506 880 2572 ad
907 2505 995 2571 Ostia
1022 2506 1132 2580 Ponti,

370 2611 493 2679 desidia
517 2612 626 2680 tardos
649 2622 683 2679 et
705 2612 801 2698 longo
824 2610 942 2697 frigore
965 2611 1114 2697 pingues.

283 2716 440 2784 Torrentie
459 2717 668 2785 emendatum
688 2726 738 2785 est
756 2738 774 2784 e
794 2715 914 2782 scholio
934 2714 974 2781 ud
993 2714 1024 2780 ir.
1035 2714 1072 2782 Ι.-
1079 2733 1138 2800 pro
1155 2713 1320 2801 torpentia,
1337 2712 1423 2799 quod

233 2823 341 2889 estin
365 2821 541 2888 codicibus.
589 2821 746 2889 Codicum
771 2819 865 2891 lectio
888 2821 934 2885 sie
957 2828 1083 2886 tautum
1107 2826 1212 2904 potest
1237 2836 1312 2884 vera
1336 2836 1424 2894 esse,

235 2926 263 2993 si
287 2928 449 2993 sumimus
473 2946 603 2992 versum
630 2933 672 2994 45
695 2926 769 2992 olim
795 2928 954 3011 seriptum
981 2922 1079 2990 luisse
1102 2924 1165 2989 sio:

370 3030 492 3097 solibus
513 3029 650 3098 ellundit
674 3032 822 3117 torpeatis
846 3030 896 3118 (Α.
921 3028 981 3118 ΡΙ.)
1006 3027 1094 3095 Ostia
1122 3028 1231 3103 Ponti,

235 3143 273 3202 ut
298 3137 491 3221 praepositio
513 3134 622 3202 addita
647 3136 690 3202 sit
714 3155 813 3221 quum
840 3134 964 3201 librarii
992 3133 1075 3200 male
1099 3133 1247 3221 torpeatis
1271 3130 1426 3199 haberent

236 3260 294 3327 pro
324 3240 488 3308 Genetiva.
544 3240 635 3326 Quod
665 3242 692 3306 si
724 3249 922 3317 statuemus,
954 3241 1005 3305 rix
1037 3239 1198 3324 genuinus
1228 3256 1298 3304 esse
1322 3246 1426 3324 potest

236 3366 285 3413 vs.
311 3351 365 3413 ll.
1128 3342 1133 3347 ’

702 3449 768 3517 Sat.
797 3450 857 3528 tv,
887 3454 959 3515 117.

418 3554 536 3641 dignus
560 3555 706 3621 Aricinos
730 3557 785 3642 qui
811 3554 1009 3621 mendicaret
1032 3554 1073 3620 ad
1095 3574 1172 3620 axes

417 3659 596 3747 blandaque
623 3659 761 3731 devexae
785 3662 920 3726 iactaret
944 3659 1031 3725 basia
1054 3657 1159 3726 redae.

280 3767 556 3854 interpretantur:
581 3787 692 3831 curram
715 3767 769 3852 qui
788 3765 929 3831 Ariciam
950 3763 1122 3843 reduntur,
1148 3763 1202 3848 qul
1225 3770 1332 3829 lamen
1355 3779 1424 3847 per·

236 3873 319 3938 mire
357 3871 495 3938 audiunt
526 3871 668 3945 Aricini,
705 3868 976 3956 quemadmodum
1018 3869 1125 3955 potius
1158 3866 1337 3954 appellares
1371 3865 1426 3951 qui

234 3978 361 4043 ueniunt
382 3978 422 4042 ab
445 3977 563 4043 Aricia.
611 3976 645 4042 st
671 3977 771 4060 igitur
794 3994 907 4040 sanum
932 3983 982 4040 est
1005 3996 1081 4039 emes
1106 3974 1211 4059 potius
1240 3971 1424 4056 intellegam

235 4100 354 4147 currus
385 4082 604 4148 Romanorum
634 4101 652 4145 a
684 4081 768 4148 uillis
801 4081 869 4146 suis
900 4080 933 4146 in
960 4079 1071 4146 urlrern
1095 4076 1313 4145 redeuntibus.
1360 4074 1426 4142 Neo

235 4194 343 4251 tamen
377 4185 453 4252 haec
485 4207 611 4272 quoque
644 4186 868 4272 interpretatio
900 4184 991 4251 valde
1023 4182 1146 4250 arridet
1169 4201 1272 4268 neque
1294 4181 1426 4247 omnino

236 4287 297 4355 hoc
324 4309 420 4356 versu
449 4312 560 4357 merrus
590 4293 762 4357 memorari
797 4292 959 4374 putaveris
988 4289 1028 4354 ob
1059 4307 1187 4355 versum
1223 4294 1424 4372 sequentem.

233 4393 345 4460 Potius
368 4403 494 4461 certum
522 4393 693 4479 quemdum
719 4395 845 4472 lacurn,
870 4395 1046 4462 solleuueur
1070 4392 1290 4461 rareudieorum
1312 4391 1426 4457 statio·
