3340 5014
254 338 298 400 92
741 351 955 399 rnonromnrtn.

256 521 391 610 intelligi
430 529 543 608 potest.
598 519 803 588 Heindortios
833 519 953 586 dudum
983 520 1147 607 corrigere
1177 517 1311 596 maluit,
1345 537 1446 606 quam

254 628 383 714 vulgata
413 626 549 694 lectione
571 629 788 715 acquiescere.
835 625 994 714 Equidem
1019 625 1228 713 praetulerim
1254 624 1378 713 liempr
1400 635 1448 692 ent

253 745 283 799 et
305 734 429 801 elusum
452 753 541 798 mare
562 732 747 811 bibonum:
770 733 880 799 adesce
902 754 963 798 non
983 734 1095 820 potuit.

298 838 346 916 ll,
371 842 410 918 6,
434 859 466 926 p.
492 843 546 906 30.
589 837 761 927 Postquam
791 839 833 904 ad
863 849 893 903 te
909 839 1057 926 proxima
1080 838 1211 924 scripsi,
1233 848 1341 925 postea
1362 836 1447 903 nibil

253 966 363 1033 operae
390 945 548 1031 praetium
579 946 662 1033 quod
691 946 733 1011 ad
764 957 794 1011 te
818 945 1026 1022 scriberetur,
1047 956 1102 1011 aut
1124 943 1206 1032 qnod
1230 945 1380 1009 monitum
1403 943 1447 1008 ad

252 1051 391 1139 aliquem
415 1050 539 1116 modum
562 1052 694 1119 iuuaret.
743 1050 824 1119 Nom
848 1052 899 1118 tet
922 1058 981 1117 τῶν
1005 1054 1107 1119 ebriis
1128 1055 1197 1138 sere
1220 1049 1288 1115 dies
1307 1049 1447 1116 tramisi-

253 1178 334 1223 mus.
382 1154 472 1222 Idem
495 1157 675 1236 theatrum,
697 1159 781 1224 idem
800 1158 925 1237 mlirrm,
949 1158 1033 1224 Mem
1055 1156 1245 1222 desiderium
1268 1166 1368 1222 tuum.

299 1262 448 1329 Forsitan
483 1262 524 1327 ld.
559 1262 693 1342 Caesar,
731 1263 821 1330 urbis
852 1261 1162 1330 oblectamentorum
1199 1262 1281 1327 rarii
1313 1262 1444 1348 generis

253 1367 360 1435 taedio
388 1365 543 1448 allectus,
575 1370 742 1455 scripserit
775 1369 860 1434 idem
890 1368 1064 1447 theatrum,
1092 1368 1176 1434 idem
1200 1368 1330 1444 meum,
1360 1367 1446 1434 idern

253 1472 443 1539 desiderium
474 1485 573 1540 tuum.
617 1474 663 1541 lle
694 1473 780 1544 Odeo
803 1473 844 1542 cl.
876 1494 959 1562 quae
982 1474 1128 1562 disputat
1151 1473 1443 1553 Friedlaeuderus,

255 1579 499 1668 llarstelluugeu
524 1581 585 1659 ΙΙΙ,
609 1603 639 1670 p.
665 1585 742 1649 atti.

298 1686 348 1765 ll,
372 1690 414 1767 b,
446 1708 477 1776 p.
502 1694 558 1756 31.
608 1688 738 1756 Caelum
767 1686 999 1773 neapolitanum
1024 1687 1122 1774 plane
1143 1687 1363 1767 commodum,
1389 1685 1446 1753 red

253 1792 451 1860 uehementer
474 1794 607 1860 uarium.
657 1793 696 1860 ln
718 1793 854 1880 ninpulir
876 1794 1024 1881 scripulis
1045 1792 1197 1860 bonarum
1216 1793 1369 1881 [ripidim
1388 1803 1444 1858 out

254 1899 388 1986 tepidius
409 1910 464 1966 aut
487 1899 648 1965 borridiue
669 1898 720 1985 fit.

302 2004 406 2071 Immo
425 2023 500 2071 uero
518 2006 685 2078 torridiurz
708 2005 742 2070 in
761 2025 850 2093 seqq.
873 2007 960 2073 euim
983 2003 1151 2072 meridiem
1169 2002 1327 2072 larridnm
1341 2002 1443 2070 luisse

256 2109 406 2198 legimus.

302 2216 369 2297 ΙΙΙ,
404 2222 465 2297 m,
499 2238 528 2303 p.
561 2221 616 2285 49.
657 2217 738 2295 Ouid
767 2227 813 2285 ent
834 2217 959 2306 inituri
990 2218 1205 2305 predonum
1227 2215 1331 2283 dicere
1353 2236 1394 2281 ee
1417 2223 1448 2280 te

255 2321 352 2390 disco.
403 2320 451 2387 d'a
469 2344 521 2388 rer
542 2322 669 2412 [rerum
690 2323 812 2414 dicere]
833 2345 980 2410 prorsum
999 2323 1063 2389 diis
1081 2321 1319 2410 donninibunque
1333 2320 1444 2386 ardum

304 2427 426 2506 Verba,
458 2449 540 2514 qnae
572 2431 664 2497 uocis
695 2430 830 2508 inclusi,
862 2427 1074 2518 expungenda
1106 2429 1277 2507 videntur,
1300 2438 1338 2495 ut
1362 2445 1445 2514 quae

257 2532 379 2601 maleo
402 2534 667 2621 praecedentibus
691 2538 826 2623 repetita
850 2538 929 2603 sint.

302 2640 368 2720 ΙΙΙ,
395 2645 455 2718 lb,
489 2663 519 2728 p.
545 2645 598 2708 bt.
644 2641 762 2720 Quibus
784 2642 841 2708 itte
867 2642 902 2732 [i.
926 2662 954 2708 e.
979 2641 1141 2731 Socrates]
1167 2639 1270 2707 modis
1291 2638 1445 2726 Protapo·

254 2767 323 2814 ram
343 2757 373 2813 et
392 2745 505 2813 Polum
525 2758 554 2813 et
579 2747 847 2835 Tbraspmacdum
867 2760 897 2815 et
916 2747 1072 2834 eopbistor
1087 2758 1340 2837 emmeramme
1352 2756 1446 2834 atque

253 2853 382 2920 inretire
404 2853 539 2919 colitur!

300 2958 362 3026 Pro
389 2959 489 3024 modia
513 2960 684 3048 neseioj'an
709 2961 831 3027 rectius
854 2961 1025 3048 scripseris
1046 2959 1136 3026 nodis
1160 2960 1181 3025 i.
1206 2979 1236 3027 e.
1259 2954 1446 3024 difficilibus

253 3064 496 3152 quaestionibus
520 3067 568 3133 vel
595 3066 918 3153 interrogationibus,
942 3065 1060 3154 quibus
1089 3062 1275 3132 satisfacere
1304 3063 1444 3130 arduum

252 3179 313 3238 eet.
337 3169 384 3237 ΩΙ.
407 3171 490 3237 Coel.
514 3172 554 3238 ad
578 3173 643 3239 Cic.
669 3171 758 3238 Fam.
783 3177 823 3245 8,
852 3180 911 3248 tt,
939 3181 975 3239 t:
1011 3173 1136 3240 Acriter
1154 3193 1210 3237 nos
1232 3181 1304 3237 tuae
1323 3170 1444 3257 strppli·

253 3277 388 3343 cationes
406 3286 580 3358 torserunt,
604 3278 816 3346 incideramus
834 3278 919 3345 enim
940 3279 973 3344 in
992 3278 1153 3367 difficilem
1170 3277 1308 3351 nodum:
1334 3275 1444 3343 luven.

255 3381 322 3450 Sol.
345 3386 386 3462 8,
411 3388 474 3451 ou:
504 3383 564 3462 Qui
586 3385 666 3450 iuris
689 3385 784 3450 nodos
806 3395 835 3451 ct
858 3383 964 3473 lequm
988 3384 1168 3472 aeniqmata
1191 3383 1303 3450 soluat.

300 3488 365 3570 lll,
397 3492 439 3570 6,
467 3511 500 3577 p.
534 3496 587 3557 at.
622 3488 706 3558 Haec
736 3512 859 3558 mecum
890 3491 985 3558 ancia
1015 3490 1160 3556 uolutans
1189 3489 1384 3556 inveniebam
1416 3498 1447 3554 te

254 3596 390 3661 multtum
415 3617 511 3683 suma
535 3604 667 3662 aetatem
692 3607 808 3683 quanta
836 3607 902 3677 est,
931 3596 1067 3664 multum
1095 3618 1190 3686 supra
1213 3606 1354 3682 tempus,
1386 3615 1446 3682 quo

253 3722 378 3790 operam
409 3701 461 3768 bie
490 3702 603 3768 studiis
629 3701 761 3781 dedisti,
785 3703 922 3770 multum
944 3704 1037 3770 etiam
1062 3724 1158 3790 supra
1181 3702 1357 3791 opinionem
1379 3722 1447 3768 me·

254 3830 382 3876 am....
406 3809 440 3876 in
464 3809 637 3896 eloquentia
658 3809 859 3895 monnouirse.

302 3915 363 3981 l'ro
384 3924 500 4003 quanta
525 3915 655 4001 requiro
680 3916 850 4003 quamula,
885 3936 949 4004 quo
977 3915 1073 3983 uerbo
1093 3915 1202 4002 aptius
1225 3913 1322 3982 eredo
1342 3914 1446 4001 signi·

256 4017 392 4101 llantur,
423 4020 589 4088 t‘aesarom
624 4022 783 4089 teneriore
813 4023 911 4090 ctiam
946 4031 1015 4090 tum
1045 4028 1150 4088 aetate
1183 4020 1294 4088 luisse.
1342 4019 1447 4087 Codex

257 4124 351 4192 halet
374 4136 526 4215 quantus,
549 4146 623 4193 cum
648 4136 833 4196 correctura
858 4140 1019 4218 quantum.

302 4231 361 4308 lV,
389 4237 427 4313 l,
462 4253 491 4320 p.
517 4236 570 4299 tte.
611 4231 725 4300 Omnes
750 4234 862 4302 duride
880 4236 1036 4325 paulatim
1060 4233 1137 4300 uitia
1160 4233 1254 4299 insita
1276 4243 1444 4307 eruerent,

256 4339 401 4405 uirtutem
430 4348 638 4419 sectarentur,
667 4340 853 4427 probitatem
883 4342 1111 4415 condiscerent:
1138 4338 1259 4425 petdme
1280 4339 1447 4426 impuden-

256 4447 341 4523 tiam,
353 4444 498 4533 obsequio
509 4446 739 4525 contumeliam,
753 4446 940 4537 benipnitate
951 4446 1196 4515 malivolentiam
1208 4455 1446 4513 commutarent.
