3388 5010
616 356 770 404 aucturum
794 357 830 402 rr
854 358 1005 407 euerritur.
1343 345 1408 409 289

449 529 483 586 et
508 521 628 590 virtute
649 532 720 592 tarne
741 534 775 593 et
798 525 895 593 claris
919 529 997 613 (30,
1026 527 1097 613 13):

229 624 446 692 durissimum
478 627 623 695 omnium
656 629 856 718 exemplum,
893 633 925 697 in
957 631 1127 723 dactylicis
1157 632 1297 711 scilicet,
1334 644 1419 703 esset

231 730 315 800 Viii.
350 736 370 797 5
403 751 497 799 »cum
529 731 618 818 pusio
647 733 719 800 bibo
742 735 898 815 eodem’',
932 737 1016 825 quod
1048 736 1292 806 Lachmauuum
1317 743 1419 806 morit

229 843 267 902 ut
298 854 373 902 curn
406 835 497 903 hiatu
528 826 633 906 mdem
665 838 859 929 disyllabum
892 850 1060 910 statueret.
1097 842 1133 910 id
1158 845 1295 911 remouit
1318 845 1415 915 itud·

228 941 334 1022 ierus,
358 950 505 1010 statueris
530 942 600 1009 tito
618 944 883 1033 pyrrhichiauum
907 968 988 1015 esse.
1037 949 1118 1016 'ium
1143 949 1258 1018 xxix.
1286 957 1344 1019 ta:

431 1049 549 1115 coicito
571 1059 604 1116 to
631 1051 718 1116 intro
740 1071 778 1118 ao
803 1053 878 1118 diro
900 1055 1005 1120 ouium
1027 1053 1088 1121 es''

228 1154 310 1221 satis
339 1152 469 1220 durum.
509 1154 751 1242 eorreptionem
784 1156 938 1224 Graecam
969 1178 1044 1227 cum
1078 1158 1168 1228 hiatu
1195 1162 1227 1228 iu
1248 1162 1418 1252 dactylicis

229 1259 328 1327 habes
358 1258 459 1326 XXX.
494 1263 554 1327 tu:
586 1260 683 1346 »quid
707 1280 818 1328 servm
841 1269 905 1349 quit
929 1283 1018 1343 eam,
1043 1263 1121 1352 quid
1144 1266 1259 1353 agnus?
1284 1266 1361 1354 quid
1387 1268 1419 1335 id

228 1364 354 1433 adtinet
387 1363 428 1431 ad
462 1363 536 1430 tel'’
573 1364 671 1431 Porro
705 1367 867 1455 syuizesin
892 1369 1021 1455 saepius
1043 1368 1195 1451 admisit,
1226 1371 1314 1439 reiut
1336 1375 1416 1441 satis

227 1470 312 1537 dure
334 1460 413 1537 iu'oi
438 1467 666 1559 (dativorum),
690 1471 723 1537 in
744 1473 788 1537 ei:
808 1472 935 1560 iligneis
957 1473 1052 1563 (Vili.
1070 1475 1146 1566 19),
1171 1478 1251 1555 mo,
1270 1499 1358 1554 meo,
1383 1480 1416 1545 in

228 1577 278 1644 iu:
299 1577 571 1665 mortarium,
593 1575 898 1668 iuiozliuiurictum,
920 1578 1074 1657 dominio,
1092 1582 1264 1655 mendacio.
1278 1582 1419 1650 (laesura

229 1685 263 1749 iu
287 1681 480 1769 septenariis
501 1680 671 1767 aliquoties
695 1680 886 1768 neglegitur.
921 1682 1015 1750 Nulla
1037 1682 1104 1752 iere
1128 1694 1176 1752 est
1200 1706 1313 1765 causa,
1337 1691 1416 1775 quiu

228 1808 325 1855 sunm
351 1796 522 1875 patronum
546 1787 708 1864 iuveniat,
731 1794 764 1853 et
786 1789 1010 1856 excusationes
1032 1790 1169 1877 siugulis
1181 1802 1313 1879 paratae
1324 1803 1420 1870 suut:

228 1894 331 1980 atqui
346 1901 412 1959 tam
421 1910 518 1979 saepe
530 1892 735 1958 excusatione
748 1891 886 1979 indiget,
912 1915 975 1962 uon
987 1915 1064 1962 saue
1077 1894 1346 1983 diligentissimus
1358 1907 1418 1967 est.

275 1998 311 2065 lu
335 2005 501 2064 structura
527 1996 730 2083 periodorum
757 2006 845 2065 tauta
869 2000 973 2067 utitur
995 1998 1165 2082 libertate,
1191 2012 1225 2069 ut
1239 2023 1339 2090 paene
1351 2004 1419 2072 dis·

227 2103 355 2171 solutus
379 2102 542 2176 rideatur;
566 2102 661 2168 modo
680 2102 833 2169 verbosus
853 2112 921 2182 cst,
947 2103 1041 2171 modo
1053 2106 1220 2192 periodum
1234 2108 1418 2194 incohatam

229 2208 396 2297 relinquit.
434 2208 559 2276 vetuti:

298 2316 425 2384 Cassiu’
449 2314 548 2381 Gaius
572 2312 625 2379 bic
649 2315 836 2400 operarius,
862 2335 957 2403 quem
984 2314 1198 2402 Geplralonem

297 2423 449 2500 dicimu’‚
469 2427 625 2486 sectorem
653 2417 972 2506 laremque—duae
995 2420 1115 2490 Tulliu’
1140 2441 1276 2510 nequam
1398 2435 1401 2442 ·

296 2529 393 2598 iudex
421 2524 570 2594 heredem
598 2523 676 2591 lacit
698 2525 770 2611 (xl.
797 2525 864 2614 ii).

294 2633 480 2703 'i'erriculas
511 2630 657 2710 Laurias,
687 2629 791 2696 Fauni
814 2650 895 2716 quas
926 2630 1136 2717 Ponrpiiiique

295 2741 467 2807 instituere
490 2736 630 2814 Numae,
663 2736 774 2801 tremit
797 2733 856 2801 das
878 2735 964 2823 (xi.
990 2738 1036 2822 ὅ).

296 2845 418 2912 Verum
442 2842 519 2909 haec
543 2839 638 2907 ludus
663 2838 713 2906 ibi·
731 2859 850 2926 susque
874 2840 981 2907 omnia
1003 2838 1106 2927 deque
1132 2838 1279 2918 luerunt,

294 2967 416 3037 susque
448 2947 527 3014 haec
557 2944 660 3034 deque
684 2942 794 3024 luere,
821 2947 983 3032 iuquam,
1016 2948 1125 3013 omnia
1149 2945 1240 3015 iudu’
1263 2949 1418 3035 iocusque

1230 3052 1318 3143 [(lil.
1348 3053 1416 3142 ll).

227 3164 264 3230 ln
289 3160 339 3226 iris
361 3161 418 3248 qui
444 3157 677 3244 neglegentiam
703 3156 811 3223 studio
833 3157 1012 3244 quaesitam
1026 3159 1190 3246 agnoscit,
1212 3179 1274 3226 non
1289 3178 1418 3227 mecum

226 3266 325 3345 iacit,
354 3285 429 3333 cum
462 3265 569 3352 potius
600 3263 782 3330 existimem
816 3260 977 3329 Lucilium
1008 3262 1137 3349 ingenio
1167 3262 1417 3359 ductumjiiam

227 3379 341 3459 sponte
363 3369 538 3436 dictionem
563 3377 712 3436 secutum
736 3387 828 3446 esse,
853 3387 936 3453 quae
960 3387 1034 3434 curn
1060 3370 1178 3435 satirae
1202 3367 1351 3437 libertate
1376 3388 1417 3435 au

226 3475 357 3544 licentia
387 3474 583 3541 conveniret.
620 3471 739 3555 Quodsi
765 3471 812 3539 vei
839 3472 977 3538 maxime
1001 3493 1063 3539 nou
1087 3473 1126 3540 ad
1150 3494 1289 3560 unguem
1312 3474 1418 3542 iactus

226 3588 290 3659 est,
315 3590 423 3648 tamen
449 3577 506 3645 hoc
527 3597 655 3645 summa
680 3575 773 3644 laude
796 3575 950 3663 dignum,
974 3577 1059 3665 quod
1083 3586 1224 3645 metrum
1255 3589 1347 3648 autea
1362 3580 1418 3647 he·

228 3686 315 3753 roico
345 3684 483 3751 carmini
514 3682 681 3770 proprium
712 3681 751 3747 ad
784 3683 869 3749 vitae
901 3680 1043 3768 vulgaris
1066 3683 1332 3751 cousuetudinem
1360 3706 1417 3752 ac·

227 3789 450 3857 commodarit.
477 3788 576 3855 iiulto
599 3786 659 3854 hoc
683 3787 786 3873 magis
811 3787 936 3874 plaeere
961 3786 1054 3855 debet
1079 3809 1175 3875 quam
1197 3790 1224 3855 si
1244 3799 1368 3856 comtos
1385 3801 1418 3857 et

227 3894 389 3982 elegantes
412 3912 526 3961 versus
547 3891 684 3959 iudisset
703 3900 735 3959 ct
755 3893 933 3959 sententias
953 3893 1129 3973 rotundas,
1155 3893 1273 3982 quibus
1293 3895 1416 3982 ingenii

227 4003 319 4086 rigor
330 4000 551 4086 testivitasque
564 4005 597 4065 et
608 3996 732 4085 lepores
744 3996 901 4064 deessent.
924 3996 1415 4088 liaiorairagmentass-quam·

227 4124 324 4192 quam
346 4104 423 4172 haec
444 4123 570 4190 quoque
588 4122 649 4169 noo
669 4101 780 4169 multis
793 4101 937 4168 versibus
949 4103 1212 4171 continentur-
1225 4106 1333 4172 omnia
1346 4126 1417 4195 pro·

227 4211 336 4297 prium
357 4209 475 4276 habeut
486 4210 599 4286 τύπον,
619 4227 716 4296 quem
731 4205 822 4274 iaciie
835 4226 991 4293 agnoscas
1003 4217 1035 4275 et
1047 4209 1115 4276 sive
1125 4218 1305 4297 protervam
1319 4209 1416 4277 lasci·

227 4315 311 4381 viam
336 4322 479 4402 spectas,
504 4315 573 4381 sire
593 4312 761 4381 verborum
778 4313 1025 4400 proprietatem,
1047 4313 1416 4402 habentquosedistin-

227 4427 329 4505 guent
342 4439 359 4486 a
374 4420 541 4508 quibusvis
555 4418 772 4486 monumentis
785 4418 906 4505 ingenii
921 4418 1068 4488 Romani.
1080 4419 1231 4489 Couieras
1244 4421 1324 4488 mihi
1339 4421 1414 4490 V.8.

1243 4529 1273 4578 ro
