3340 5014
267 317 330 383 tbb
756 326 954 374 urscnnnennn

263 520 366 568 unum
397 499 477 566 satis
508 505 633 564 eertum
666 507 716 563 est
738 497 917 563 ’λοπαοόαν
950 493 1008 561 Ιιοο
1028 493 1100 563 ,ioco
1124 492 1257 579 perinde
1279 513 1349 561 esse
1373 514 1450 583 spu·

263 607 348 672 riunr
374 613 405 672 et
425 601 680 701 ¹expungendum
706 610 802 690 atque
826 601 880 666 iiio
900 600 1075 682 Περικλέης.

308 817 344 884 lu
370 837 440 903 dap.
467 822 506 884 15
530 816 564 882 τὸ
586 816 729 900 χαλκοῦν
752 813 894 894 ἄγαλμα
917 820 974 890 τοῖς
997 813 1126 893 ’Ὑγείας
1148 814 1280 888 Ἀόηνοῖς
1305 812 1453 891 όνέςητεν

265 924 296 989 ἐν
319 924 499 1005 οὲκροπόλει,
525 923 590 988 imo
611 941 684 988 veto
702 929 758 998 της
778 920 911 999 'Tyrsi'
919 943 963 993 ας
984 921 1125 995 ’Aineia
1161 918 1252 985 Sitne
1276 930 1314 985 el
1333 941 1374 986 au
1394 931 1450 986 lei

264 1028 472 1096 scribendum
510 1035 655 1095 nostrum
691 1036 739 1093 est
782 1025 901 1112 ubique
932 1024 1116 1093 decernere.
1164 1023 1318 1092 Ridemus
1355 1024 1452 1093 bonos

265 1134 446 1221 theologos,
470 1134 526 1220 qui
551 1134 582 1200 in
608 1133 700 1199 libris
723 1133 802 1199 Novi
827 1132 1023 1198 Testamenti
1050 1150 1107 1217 pro
1131 1139 1211 1197 πιεῖν
1229 1139 1285 1197 aut
1306 1141 1375 1199 πεῖν
1395 1141 1452 1198 aut

264 1248 318 1307 πΐν
342 1241 504 1326 recipiunt
525 1240 558 1305 in
582 1248 706 1307 textum
730 1240 785 1304 »ob
807 1237 904 1325 fidem
927 1248 1064 1303 veterum
1089 1238 1366 1304 mendosorum
1389 1239 1452 1306 soi-

262 1346 357 1423 ·tioet,
388 1365 470 1431 quae
500 1352 627 1411 scatent
657 1342 782 1410 mendis
815 1353 846 1409 et
878 1344 967 1408 vitiis
997 1362 1090 1410 omne
1125 1363 1244 1427 genus,
1276 1353 1374 1430 atque
1396 1364 1452 1412 eas

264 1451 421 1518 editiones
448 1452 573 1518 criticos
602 1448 780 1538 appeliant,
812 1469 875 1536 qna
908 1468 944 1515 re
974 1448 1051 1535 quid
1078 1468 1231 1536 umquam
1259 1452 1359 1536 possit
1382 1471 1451 1518 esse

263 1556 480 1640 ἀκριτώτερονῖ

309 1663 467 1728 Continuo
501 1661 665 1748 sequitur:
698 1662 712 1726 ό
744 1660 777 1727 δὲ
808 1660 931 1734 Φειδίας
965 1658 1125 1742 εἰργάζετο
1155 1663 1212 1740 μὲν
1241 1670 1297 1739 τῆς
1318 1666 1383 1731 όεοῦ
1416 1666 1451 1732 τό

262 1773 395 1850 χρυσοῦν
419 1765 481 1841 ἕδος
506 1768 558 1833 καὶ
588 1766 696 1833 τούτου
729 1766 910 1848 δημιουργός
935 1768 965 1832 ἕν
987 1776 1028 1849 τῇ
1051 1769 1130 1851 ςηλη
1153 1765 1229 1835 εἶναι
1253 1768 1449 1853 γέγραπται.

263 1874 344 1941 Mate
367 1873 510 1941 abundat
540 1870 616 1939 einer
647 1881 681 1939 et
705 1873 737 1937 in
769 1872 953 1954 γέγραπται
979 1874 1158 1938 necessaria
1184 1878 1376 1962 praepositio
1400 1868 1451 1945 dess

263 1978 436 2045 sideratur.
486 1978 619 2066 Utrique
643 1977 726 2044 maio
746 1977 842 2044 simul
869 1977 1047 2045 medeberis
1072 1979 1241 2047 scribendo
1264 1982 1294 2047 ἐν
1313 1993 1352 2066 τῇ
1374 1985 1452 2069 ςιὶλη

262 2083 562 2168 ’ΛΝΑνέγραπταλ

884 2178 919 2245 1

309 2297 383 2362 Post
406 2314 508 2382 pauca
540 2293 673 2380 tegitur:
702 2298 746 2370 εἷς
778 2299 833 2373 την
864 2298 1029 2363 Μενίππου
1057 2304 1195 2376 γυναῖκα
1225 2297 1450 2379 διαβάλλοντες

262 2402 366 2485 ἀνδρὸς
390 2402 484 2485 Φόλον
507 2403 559 2466 καὶ
584 2402 881 2484 ὑποςρατηνοῦντος.
930 2400 1115 2468 mendosum
1134 2411 1181 2468 esi
1207 2405 1452 2486 ὑποςρατηγοῦν·

262 2533 325 2584 τος.
381 2506 490 2593 Neque
527 2527 578 2573 res
614 2527 718 2593 neque
755 2526 869 2572 nornen
907 2506 1156 2573 Atheniensibus
1195 2508 1228 2573 in
1267 2528 1326 2574 usu
1368 2519 1449 2577 erat.

263 2613 398 2699 Corripe
420 2611 472 2678 καὶ
498 2617 777 2694 ΟΤςρατηνοῦντος
801 2621 831 2678 et
854 2611 887 2676 in
908 2622 1056 2699 praetura
1078 2612 1224 2701 coltepoe.

310 2826 345 2893 tn
370 2846 440 2912 cap.
465 2829 504 2891 1⁷
529 2825 582 2890 καὶ
606 2827 662 2902 την
684 2825 781 2891 οἷκόαν
813 2827 923 2897 ἐκεῖνος
948 2825 976 2910 (ό
995 2821 1227 2913 Ἀναξαγόρας)
1252 2823 1375 2903 ἐξέλιπε
1399 2828 1451 2893 καὶ

262 2933 318 3008 τὶρν
339 2933 445 3014 χώραν
469 2933 625 3015 ἀφῆκεν
649 2933 747 3014 οὶργην
767 2932 820 2998 καὶ
844 2930 1035 3013 μηλόβοτον,
1059 2930 1159 2996 vetuti
1181 2931 1349 3017 proverbio
1369 2933 1453 2999 dice·

263 3037 361 3103 batur
382 3035 557 3117 μηλόβοτον
580 3038 695 3104 ἀνεῖναι
721 3043 797 3125 (non
821 3036 962 3124 ἀφεῖναι)
988 3035 1014 3101 si
1038 3035 1111 3122 quis
1132 3054 1246 3121 agrum
1272 3047 1397 3105 vastum
1422 3049 1453 3107 et

196 3165 197 3169 ¹
265 3145 336 3210 sine
352 3142 479 3209 ouitnra
498 3142 679 3228 neglectum
700 3144 813 3207 ovibus
832 3140 1069 3226 deposcendum
1084 3141 1289 3228 relinqueret.
1323 3144 1453 3210 Primus

265 3251 422 3317 Isocrates
452 3249 534 3315 dixit
566 3249 598 3314 in
628 3248 769 3315 Plataico
804 3268 834 3334 p.
860 3251 935 3313 302.
968 3266 997 3313 c.
1031 3247 1069 3334 (oi
1100 3249 1247 3335 Θηβαῖοι)
1274 3247 1373 3315 ἔόεντο
1398 3251 1454 3325 την

250 3361 370 3439 ,ψῆφον
401 3357 440 3429 ὥς
472 3359 534 3436 zeb
565 3356 621 3432 την
652 3379 688 3420 τε
719 3351 808 3419 πόλιν
838 3351 1153 3434 ἐξανδραποδόταοόαι
1186 3355 1238 3420 καὶ
1271 3357 1326 3431 τὴν
1349 3354 1453 3437 χώραν

264 3469 444 3529 ΛΝΕΙΝΛΙ
467 3460 661 3541 μηλόβοτον,
686 3457 784 3540 ἶότπερ
809 3462 843 3525 τό
866 3467 1006 3541 Κρισαῖον
1029 3459 1141 3526 πεδίον.
1193 3460 1265 3526 Post
1291 3481 1365 3527 eunt
1390 3461 1454 3550 by·

264 3588 386 3655 burgus
410 3568 443 3633 in
461 3566 627 3634 [νοοοτοόοο
651 3586 681 3652 p.
698 3568 761 3631 168
774 3615 782 3643 ,
796 3569 850 3631 30.
871 3564 1073 3644 όμηλόβοτον
1092 3566 1147 3641 τὴν
1166 3567 1314 3644 Ἀττικὴν
1336 3576 1453 3633 ΕΙΝΑΙ

264 3673 376 3764 (scrib.
402 3672 566 3761 ἈΝεῖναι)
591 3679 713 3757 φανερᾷ
737 3681 776 3754 τῇ
800 3674 897 3755 ψήφῳ
922 3670 1246 3755 καταψηφισάμενος,
1278 3673 1453 3741 etiterum

266 3779 351 3869 apud
377 3779 508 3847 Suidatu
536 3800 566 3846 v.
592 3777 776 3857 Μηλόβοτος
798 3779 886 3859 χώρα
911 3778 968 3843 ὑπό
992 3778 1147 3856 arreptor
1165 3776 1405 3860 ἑξερημωόεῑτα,
1420 3777 1455 3856 ἣν

267 3887 482 3967 κατανέμεται
516 3885 559 3951 τόν
594 3883 770 3966 τετράποδα
805 3881 934 3972 (metius
972 3883 1014 3949 τό
1050 3883 1223 3972 πρόβατα).
1280 3895 1388 3953 Κεῖταο
1422 3886 1454 3952 δὲ

266 3992 403 4070 τοῦνομα
426 3992 478 4058 καὶ
510 3991 597 4072 παρόν
625 3992 668 4072 τῷ
696 3987 863 4071 Λυκούργῳ
894 3990 924 4054 ἐν
947 3991 989 4071 τῷ
1012 3990 1086 4055 κατ’
1109 3989 1318 4064 Αὐτοκλέους·
1343 3991 1453 4058 όλλοὶ

269 4096 337 4164 καὶ
361 4098 593 4176 μηλόβοτον
622 4099 689 4172 την
719 4096 903 4171 ’Λττικὶρν
934 4104 1121 4162 ΛΝΗΚΘΝ.
1169 4095 1210 4160 Et
1235 4094 1309 4161 bino
1335 4098 1452 4182 passim

181 4230 184 4234 ’
268 4200 353 4290 apud
375 4188 764 4281 τοοειιιίοτοεμηλόβοτον
782 4200 896 4267 ἀνιέναι
922 4200 1050 4287 tegitur.
1086 4201 1219 4291 Dionys.
1240 4201 1341 4268 natio.
1363 4204 1399 4271 Α.
1418 4203 1455 4271 R.

270 4311 312 4378 ll.
343 4311 395 4374 16.
420 4309 455 4374 τό
478 4308 560 4387 μήτε
583 4307 855 4390 όνδραποόόζεοόαι
878 4308 960 4386 μήτε
983 4316 1043 4386 γῆν
1065 4310 1165 4375 αὐτῶν
1188 4316 1369 4375 ΑΝΙΕΝΛΙ
1396 4335 1456 4387 μη·

270 4416 409 4499 λόβοτον.
460 4412 550 4481 uiod.
576 4413 639 4482 Sic.
666 4413 689 4482 Ι.
715 4416 757 4481 56
780 4415 835 4491 την
857 4412 962 4494 χώραν
984 4413 1106 4488 ἀνέντες
1130 4412 1315 4495 μηλόβοτον.
1364 4414 1454 4501 Diog.
