<?xml version="1.0" encoding="UTF-8"?>
<!DOCTYPE html PUBLIC "-//W3C//DTD XHTML 1.0 Transitional//EN"
    "http://www.w3.org/TR/xhtml1/DTD/xhtml1-transitional.dtd">
<html xmlns="http://www.w3.org/1999/xhtml" xml:lang="en" lang="en">
 <head>
  <title>
</title>
<meta http-equiv="Content-Type" content="text/html;charset=utf-8" />
  <meta name='ocr-system' content='tesseract 3.04.00' />
  <meta name='ocr-capabilities' content='ocr_page ocr_carea ocr_par ocr_line ocrx_word'/>
</head>
<body>
  <div class='ocr_page' id='page_1' title='image "./mnemosynebiblio00servgoog_0706.png"; bbox 0 0 3242 5014; ppageno 0'>
   <div class='ocr_carea' id='block_1_1' title="bbox 643 351 1329 445">
    <p class='ocr_par' dir='ltr' id='par_1_1' title="bbox 643 351 1329 445">
     <span class='ocr_line' id='line_1_1' title="bbox 643 351 1329 445; baseline -0.001 -25"><span class='ocrx_word' id='word_1_1' title='bbox 643 370 830 420; x_wconf 76' lang='lat' dir='ltr'>emiorum.</span> <span class='ocrx_word' id='word_1_2' title='bbox 1262 351 1329 445; x_wconf 72' lang='grc'>259</span> 
     </span>
    </p>
   </div>
   <div class='ocr_carea' id='block_1_2' title="bbox 143 531 1331 1360">
    <p class='ocr_par' dir='ltr' id='par_1_2' title="bbox 143 531 1331 1360">
     <span class='ocr_line' id='line_1_2' title="bbox 191 531 1327 627; baseline 0.005 -29"><span class='ocrx_word' id='word_1_3' title='bbox 191 531 263 600; x_wconf 93' lang='lat' dir='ltr'>Duo</span> <span class='ocrx_word' id='word_1_4' title='bbox 286 536 478 602; x_wconf 75' lang='lat' dir='ltr'>emblemata</span> <span class='ocrx_word' id='word_1_5' title='bbox 499 537 643 604; x_wconf 78' lang='lat' dir='ltr'><strong>Platonis</strong></span> <span class='ocrx_word' id='word_1_6' title='bbox 665 539 762 607; x_wconf 82' lang='lat' dir='ltr'>verbe</span> <span class='ocrx_word' id='word_1_7' title='bbox 782 546 912 609; x_wconf 89' lang='lat' dir='ltr'>onerant</span> <span class='ocrx_word' id='word_1_8' title='bbox 934 545 968 604; x_wconf 93' lang='lat' dir='ltr'>in</span> <span class='ocrx_word' id='word_1_9' title='bbox 991 541 1136 625; x_wconf 71' lang='grc' dir='ltr'><strong><em>δραροιιῗο</em></strong></span> <span class='ocrx_word' id='word_1_10' title='bbox 1156 560 1230 627; x_wconf 88' lang='lat' dir='ltr'>pag.</span> <span class='ocrx_word' id='word_1_11' title='bbox 1252 538 1327 604; x_wconf 82' lang='lat'>185.</span> 
     </span>
     <span class='ocr_line' id='line_1_3' title="bbox 144 638 1328 730; baseline 0.004 -27"><span class='ocrx_word' id='word_1_12' title='bbox 144 658 175 703; x_wconf 87' lang='grc' dir='ltr'>ιι.</span> <span class='ocrx_word' id='word_1_13' title='bbox 200 641 225 704; x_wconf 86' lang='grc' dir='ltr'>εί</span> <span class='ocrx_word' id='word_1_14' title='bbox 250 638 312 720; x_wconf 75' lang='grc' dir='ltr'><strong><em>νοίρ</em></strong></span> <span class='ocrx_word' id='word_1_15' title='bbox 336 665 383 714; x_wconf 87' lang='grc' dir='ltr'>τις</span> <span class='ocrx_word' id='word_1_16' title='bbox 408 642 501 724; x_wconf 68' lang='grc' dir='ltr'><strong><em>ἐρατῇ</em></strong></span> <span class='ocrx_word' id='word_1_17' title='bbox 528 643 578 730; x_wconf 79' lang='grc' dir='ltr'>[ὥς</span> <span class='ocrx_word' id='word_1_18' title='bbox 598 646 746 730; x_wconf 75' lang='grc' dir='ltr'>πλουσίῳ]</span> <span class='ocrx_word' id='word_1_19' title='bbox 768 648 901 712; x_wconf 86' lang='grc' dir='ltr'><strong><em>πλούτου</em></strong></span> <span class='ocrx_word' id='word_1_20' title='bbox 922 643 1009 710; x_wconf 76' lang='grc' dir='ltr'><strong><em>ἕνεκα</em></strong></span> <span class='ocrx_word' id='word_1_21' title='bbox 1028 643 1239 724; x_wconf 68' lang='grc' dir='ltr'>χαρισάμενος</span> <span class='ocrx_word' id='word_1_22' title='bbox 1259 642 1328 719; x_wconf 74' lang='grc' dir='ltr'><strong><em>ἐξα·</em></strong></span> 
     </span>
     <span class='ocr_line' id='line_1_4' title="bbox 144 745 1328 837; baseline 0.005 -30"><span class='ocrx_word' id='word_1_23' title='bbox 144 745 293 819; x_wconf 75' lang='grc' dir='ltr'><strong><em>πατνίείιι</em></strong></span> <span class='ocrx_word' id='word_1_24' title='bbox 319 745 385 831; x_wconf 81' lang='grc' dir='ltr'><strong><em>[καί</em></strong></span> <span class='ocrx_word' id='word_1_25' title='bbox 409 750 453 824; x_wconf 67' lang='grc' dir='ltr'>μὴ</span> <span class='ocrx_word' id='word_1_26' title='bbox 477 748 572 825; x_wconf 84' lang='grc' dir='ltr'><strong><em>λοίβοι</em></strong></span> <span class='ocrx_word' id='word_1_27' title='bbox 595 752 763 837; x_wconf 74' lang='grc' dir='ltr'><strong><em>χρήματα]</em></strong></span> <span class='ocrx_word' id='word_1_28' title='bbox 789 751 1002 833; x_wconf 68' lang='grc' dir='ltr'><strong><em>ἀναφανέντος</em></strong></span> <span class='ocrx_word' id='word_1_29' title='bbox 1027 755 1080 813; x_wconf 81' lang='grc' dir='ltr'>τοῦ</span> <span class='ocrx_word' id='word_1_30' title='bbox 1105 751 1212 828; x_wconf 83' lang='grc' dir='ltr'><strong><em>ἕραςοῦ</em></strong></span> <span class='ocrx_word' id='word_1_31' title='bbox 1235 750 1328 823; x_wconf 72' lang='grc' dir='ltr'><strong><em>πένοι-</em></strong></span> 
     </span>
     <span class='ocr_line' id='line_1_5' title="bbox 144 848 1330 940; baseline 0.004 -27"><span class='ocrx_word' id='word_1_32' title='bbox 144 872 195 921; x_wconf 90' lang='grc' dir='ltr'>τος</span> <span class='ocrx_word' id='word_1_33' title='bbox 224 848 307 914; x_wconf 75' lang='grc' dir='ltr'><strong><em>οὐδὲν</em></strong></span> <span class='ocrx_word' id='word_1_34' title='bbox 338 848 426 926; x_wconf 78' lang='grc' dir='ltr'><strong><em>ἧττον</em></strong></span> <span class='ocrx_word' id='word_1_35' title='bbox 454 852 590 932; x_wconf 79' lang='grc' dir='ltr'><strong><em>αίοχρίν.</em></strong></span> <span class='ocrx_word' id='word_1_36' title='bbox 626 853 712 919; x_wconf 76' lang='lat' dir='ltr'>Satis</span> <span class='ocrx_word' id='word_1_37' title='bbox 742 858 946 940; x_wconf 85' lang='lat' dir='ltr'>perspicuum</span> <span class='ocrx_word' id='word_1_38' title='bbox 968 860 1031 933; x_wconf 86' lang='lat' dir='ltr'>est,</span> <span class='ocrx_word' id='word_1_39' title='bbox 1064 857 1189 939; x_wconf 87' lang='lat' dir='ltr'>opinor,</span> <span class='ocrx_word' id='word_1_40' title='bbox 1214 854 1248 916; x_wconf 92' lang='lat' dir='ltr'>in</span> <span class='ocrx_word' id='word_1_41' title='bbox 1270 850 1330 916; x_wconf 86' lang='lat' dir='ltr'>tali</span> 
     </span>
     <span class='ocr_line' id='line_1_6' title="bbox 144 953 1329 1046; baseline 0.003 -27"><span class='ocrx_word' id='word_1_42' title='bbox 144 974 178 1019; x_wconf 90' lang='lat' dir='ltr'>re</span> <span class='ocrx_word' id='word_1_43' title='bbox 209 953 428 1035; x_wconf 67' lang='grc' dir='ltr'>ἐξαπατηθείη,</span> <span class='ocrx_word' id='word_1_44' title='bbox 448 963 482 1023; x_wconf 86' lang='lat' dir='ltr'>et</span> <span class='ocrx_word' id='word_1_45' title='bbox 508 959 629 1043; x_wconf 83' lang='lat' dir='ltr'>puerile</span> <span class='ocrx_word' id='word_1_46' title='bbox 651 961 755 1025; x_wconf 88' lang='lat' dir='ltr'>estid</span> <span class='ocrx_word' id='word_1_47' title='bbox 778 962 980 1046; x_wconf 80' lang='lat' dir='ltr'>interpretari</span> <span class='ocrx_word' id='word_1_48' title='bbox 1001 979 1068 1025; x_wconf 87' lang='lat' dir='ltr'>esse</span> <span class='ocrx_word' id='word_1_49' title='bbox 1090 957 1142 1023; x_wconf 78' lang='grc' dir='ltr'>καί</span> <span class='ocrx_word' id='word_1_50' title='bbox 1165 957 1210 1036; x_wconf 68' lang='grc' dir='ltr'>μὴ</span> <span class='ocrx_word' id='word_1_51' title='bbox 1233 955 1329 1033; x_wconf 77' lang='grc' dir='ltr'><strong><em>λαβοι</em></strong></span> 
     </span>
     <span class='ocr_line' id='line_1_7' title="bbox 143 1060 1331 1146; baseline 0 -22"><span class='ocrx_word' id='word_1_52' title='bbox 143 1060 308 1139; x_wconf 76' lang='grc' dir='ltr'><strong><em>χρήματα.</em></strong></span> <span class='ocrx_word' id='word_1_53' title='bbox 355 1061 475 1127; x_wconf 80' lang='lat' dir='ltr'>Eodem</span> <span class='ocrx_word' id='word_1_54' title='bbox 507 1065 602 1130; x_wconf 92' lang='lat' dir='ltr'>modo</span> <span class='ocrx_word' id='word_1_55' title='bbox 632 1068 670 1137; x_wconf 80' lang='grc' dir='ltr'>ιίς</span> <span class='ocrx_word' id='word_1_56' title='bbox 702 1064 837 1145; x_wconf 81' lang='grc' dir='ltr'><strong><em>πλουσίῳ</em></strong></span> <span class='ocrx_word' id='word_1_57' title='bbox 867 1065 994 1130; x_wconf 86' lang='lat' dir='ltr'>fatuum</span> <span class='ocrx_word' id='word_1_58' title='bbox 1022 1071 1072 1129; x_wconf 88' lang='lat' dir='ltr'>est</span> <span class='ocrx_word' id='word_1_59' title='bbox 1100 1064 1158 1128; x_wconf 90' lang='lat' dir='ltr'>ubi</span> <span class='ocrx_word' id='word_1_60' title='bbox 1187 1062 1331 1146; x_wconf 88' lang='lat' dir='ltr'>sequitur</span> 
     </span>
     <span class='ocr_line' id='line_1_8' title="bbox 145 1162 1330 1250; baseline 0.001 -22"><span class='ocrx_word' id='word_1_61' title='bbox 145 1164 280 1230; x_wconf 90' lang='grc' dir='ltr'><strong><em>πλοιίτου</em></strong></span> <span class='ocrx_word' id='word_1_62' title='bbox 310 1162 401 1230; x_wconf 78' lang='grc' dir='ltr'><strong><em>ἕνεκα</em></strong></span> <span class='ocrx_word' id='word_1_63' title='bbox 431 1173 464 1232; x_wconf 89' lang='lat' dir='ltr'>et</span> <span class='ocrx_word' id='word_1_64' title='bbox 486 1168 697 1250; x_wconf 69' lang='grc' dir='ltr'>ἀναφανέντος</span> <span class='ocrx_word' id='word_1_65' title='bbox 720 1174 774 1234; x_wconf 82' lang='grc' dir='ltr'>τοῦ</span> <span class='ocrx_word' id='word_1_66' title='bbox 798 1170 906 1248; x_wconf 73' lang='grc' dir='ltr'><strong><em>ἐρατοῦ</em></strong></span> <span class='ocrx_word' id='word_1_67' title='bbox 929 1168 1067 1243; x_wconf 74' lang='grc' dir='ltr'><strong><em>πένητος.</em></strong></span> <span class='ocrx_word' id='word_1_68' title='bbox 1103 1165 1232 1232; x_wconf 78' lang='lat' dir='ltr'>Scholia</span> <span class='ocrx_word' id='word_1_69' title='bbox 1253 1164 1330 1229; x_wconf 78' lang='lat' dir='ltr'>haee</span> 
     </span>
     <span class='ocr_line' id='line_1_9' title="bbox 144 1269 1266 1360; baseline 0 -26"><span class='ocrx_word' id='word_1_70' title='bbox 144 1274 221 1335; x_wconf 86' lang='lat' dir='ltr'>sunt</span> <span class='ocrx_word' id='word_1_71' title='bbox 244 1291 284 1335; x_wconf 82' lang='lat' dir='ltr'>ex</span> <span class='ocrx_word' id='word_1_72' title='bbox 306 1269 363 1336; x_wconf 89' lang='lat' dir='ltr'>illo</span> <span class='ocrx_word' id='word_1_73' title='bbox 385 1271 522 1358; x_wconf 86' lang='lat' dir='ltr'>insipido</span> <span class='ocrx_word' id='word_1_74' title='bbox 545 1294 676 1360; x_wconf 56' lang='lat' dir='ltr'>genera</span> <span class='ocrx_word' id='word_1_75' title='bbox 700 1276 785 1359; x_wconf 89' lang='lat' dir='ltr'>quod</span> <span class='ocrx_word' id='word_1_76' title='bbox 806 1277 863 1341; x_wconf 80' lang='lat' dir='ltr'>vix</span> <span class='ocrx_word' id='word_1_77' title='bbox 885 1276 992 1359; x_wconf 88' lang='lat' dir='ltr'>pueris</span> <span class='ocrx_word' id='word_1_78' title='bbox 1011 1272 1135 1359; x_wconf 86' lang='lat' dir='ltr'>plaeere</span> <span class='ocrx_word' id='word_1_79' title='bbox 1155 1271 1266 1357; x_wconf 85' lang='lat' dir='ltr'>possit.</span> 
     </span>
    </p>
   </div>
   <div class='ocr_carea' id='block_1_3' title="bbox 146 1476 1334 2192">
    <p class='ocr_par' dir='ltr' id='par_1_3' title="bbox 146 1476 1334 2192">
     <span class='ocr_line' id='line_1_10' title="bbox 191 1476 1330 1567; baseline -0.003 -23"><span class='ocrx_word' id='word_1_80' title='bbox 191 1478 229 1544; x_wconf 91' lang='lat' dir='ltr'>In</span> <span class='ocrx_word' id='word_1_81' title='bbox 258 1479 394 1545; x_wconf 75' lang='lat' dir='ltr'>Phaedro</span> <span class='ocrx_word' id='word_1_82' title='bbox 424 1500 497 1567; x_wconf 83' lang='lat' dir='ltr'>pag.</span> <span class='ocrx_word' id='word_1_83' title='bbox 522 1480 599 1547; x_wconf 80' lang='lat'>245.</span> <span class='ocrx_word' id='word_1_84' title='bbox 631 1502 662 1547; x_wconf 75' lang='lat' dir='ltr'>A.</span> <span class='ocrx_word' id='word_1_85' title='bbox 695 1479 727 1555; x_wconf 73' lang='grc' dir='ltr'>ὃς</span> <span class='ocrx_word' id='word_1_86' title='bbox 757 1483 783 1547; x_wconf 72' lang='grc' dir='ltr'>δ’</span> <span class='ocrx_word' id='word_1_87' title='bbox 816 1482 854 1547; x_wconf 75' lang='lat' dir='ltr'>dan</span> <span class='ocrx_word' id='word_1_88' title='bbox 885 1479 957 1546; x_wconf 77' lang='grc' dir='ltr'><strong><em>ἄνευ</em></strong></span> <span class='ocrx_word' id='word_1_89' title='bbox 986 1481 1101 1558; x_wconf 88' lang='grc' dir='ltr'><strong><em>μανίας</em></strong></span> <span class='ocrx_word' id='word_1_90' title='bbox 1126 1484 1256 1545; x_wconf 81' lang='grc' dir='ltr'><strong><em>Μουσῶν</em></strong></span> <span class='ocrx_word' id='word_1_91' title='bbox 1279 1476 1330 1541; x_wconf 74' lang='grc' dir='ltr'>ἐπὶ</span> 
     </span>
     <span class='ocr_line' id='line_1_11' title="bbox 151 1581 1330 1673; baseline -0.013 -14"><span class='ocrx_word' id='word_1_92' title='bbox 151 1583 338 1670; x_wconf 62' lang='grc' dir='ltr'><strong><em>[πιστικῆς]</em></strong></span> <span class='ocrx_word' id='word_1_93' title='bbox 371 1584 460 1665; x_wconf 76' lang='grc' dir='ltr'><strong><em>θύρας</em></strong></span> <span class='ocrx_word' id='word_1_94' title='bbox 492 1585 648 1666; x_wconf 68' lang='grc' dir='ltr'><strong><em>ἀφίκηται</em></strong></span> <span class='ocrx_word' id='word_1_95' title='bbox 682 1587 843 1673; x_wconf 74' lang='grc' dir='ltr'><strong><em>[πεισθείς]</em></strong></span> <span class='ocrx_word' id='word_1_96' title='bbox 874 1589 913 1659; x_wconf 76' lang='grc' dir='ltr'>ὣς</span> <span class='ocrx_word' id='word_1_97' title='bbox 946 1585 1007 1667; x_wconf 68' lang='grc' dir='ltr'>ἄρα</span> <span class='ocrx_word' id='word_1_98' title='bbox 1032 1589 1066 1652; x_wconf 80' lang='grc' dir='ltr'>ἐκ</span> <span class='ocrx_word' id='word_1_99' title='bbox 1089 1583 1202 1666; x_wconf 72' lang='grc' dir='ltr'><strong><em>τέχνης</em></strong></span> <span class='ocrx_word' id='word_1_100' title='bbox 1227 1581 1330 1654; x_wconf 75' lang='grc' dir='ltr'><strong><em>ἱκανὸς</em></strong></span> 
     </span>
     <span class='ocr_line' id='line_1_12' title="bbox 147 1688 1333 1785; baseline -0.002 -31"><span class='ocrx_word' id='word_1_101' title='bbox 147 1688 274 1763; x_wconf 72' lang='grc' dir='ltr'><strong><em>ποιητὴς</em></strong></span> <span class='ocrx_word' id='word_1_102' title='bbox 301 1689 453 1785; x_wconf 69' lang='grc' dir='ltr'><strong><em>ἕσίμςνος.</em></strong></span> <span class='ocrx_word' id='word_1_103' title='bbox 490 1688 719 1779; x_wconf 78' lang='lat' dir='ltr'>Coniungenda</span> <span class='ocrx_word' id='word_1_104' title='bbox 748 1697 822 1756; x_wconf 88' lang='lat' dir='ltr'>sunt</span> <span class='ocrx_word' id='word_1_105' title='bbox 851 1691 900 1756; x_wconf 78' lang='grc' dir='ltr'>ἐπί</span> <span class='ocrx_word' id='word_1_106' title='bbox 933 1697 1063 1756; x_wconf 78' lang='grc' dir='ltr'><strong><em>Μουσῶν</em></strong></span> <span class='ocrx_word' id='word_1_107' title='bbox 1085 1690 1193 1769; x_wconf 78' lang='grc' dir='ltr'><strong><em>θύρας,</em></strong></span> <span class='ocrx_word' id='word_1_108' title='bbox 1224 1690 1333 1770; x_wconf 85' lang='lat' dir='ltr'>itaque</span> 
     </span>
     <span class='ocr_line' id='line_1_13' title="bbox 147 1793 1334 1880; baseline -0.003 -22"><span class='ocrx_word' id='word_1_109' title='bbox 147 1800 305 1868; x_wconf 74' lang='grc' dir='ltr'><strong><em>ποιητικῆς</em></strong></span> <span class='ocrx_word' id='word_1_110' title='bbox 332 1793 440 1859; x_wconf 88' lang='lat' dir='ltr'>loonm</span> <span class='ocrx_word' id='word_1_111' title='bbox 469 1797 504 1859; x_wconf 91' lang='lat' dir='ltr'>in</span> <span class='ocrx_word' id='word_1_112' title='bbox 535 1815 596 1880; x_wconf 91' lang='lat' dir='ltr'>quo</span> <span class='ocrx_word' id='word_1_113' title='bbox 624 1798 774 1863; x_wconf 73' lang='lat' dir='ltr'>consistat</span> <span class='ocrx_word' id='word_1_114' title='bbox 803 1795 931 1860; x_wconf 91' lang='lat' dir='ltr'>nullum</span> <span class='ocrx_word' id='word_1_115' title='bbox 953 1796 1059 1861; x_wconf 87' lang='lat' dir='ltr'>habet.</span> <span class='ocrx_word' id='word_1_116' title='bbox 1095 1794 1262 1860; x_wconf 72' lang='lat' dir='ltr'>Soloemm</span> <span class='ocrx_word' id='word_1_117' title='bbox 1284 1794 1334 1856; x_wconf 93' lang='lat' dir='ltr'>est</span> 
     </span>
     <span class='ocr_line' id='line_1_14' title="bbox 148 1896 1334 1986; baseline 0.002 -24"><span class='ocrx_word' id='word_1_118' title='bbox 148 1897 261 1962; x_wconf 89' lang='lat' dir='ltr'>deindo</span> <span class='ocrx_word' id='word_1_119' title='bbox 292 1899 424 1970; x_wconf 84' lang='grc' dir='ltr'><strong><em>πεισίείς</em></strong></span> <span class='ocrx_word' id='word_1_120' title='bbox 447 1902 486 1969; x_wconf 78' lang='grc' dir='ltr'>ὥς</span> <span class='ocrx_word' id='word_1_121' title='bbox 510 1898 650 1977; x_wconf 75' lang='grc' dir='ltr'><strong><em>ἐσόμενος</em></strong></span> <span class='ocrx_word' id='word_1_122' title='bbox 673 1920 730 1986; x_wconf 87' lang='lat' dir='ltr'>pro</span> <span class='ocrx_word' id='word_1_123' title='bbox 753 1903 791 1973; x_wconf 82' lang='grc' dir='ltr'>ὥς</span> <span class='ocrx_word' id='word_1_124' title='bbox 816 1899 903 1976; x_wconf 74' lang='grc' dir='ltr'><strong><em>ἔται,</em></strong></span> <span class='ocrx_word' id='word_1_125' title='bbox 929 1900 984 1965; x_wconf 83' lang='lat' dir='ltr'>sed</span> <span class='ocrx_word' id='word_1_126' title='bbox 1006 1899 1111 1965; x_wconf 85' lang='lat' dir='ltr'>solum</span> <span class='ocrx_word' id='word_1_127' title='bbox 1134 1901 1172 1969; x_wconf 77' lang='grc' dir='ltr'>ὡς</span> <span class='ocrx_word' id='word_1_128' title='bbox 1194 1896 1334 1973; x_wconf 70' lang='grc' dir='ltr'><strong><em>ἕσίμενοσ</em></strong></span> 
     </span>
     <span class='ocr_line' id='line_1_15' title="bbox 146 1998 1334 2089; baseline -0.002 -22"><span class='ocrx_word' id='word_1_129' title='bbox 146 2021 185 2068; x_wconf 88' lang='lat' dir='ltr'>eo</span> <span class='ocrx_word' id='word_1_130' title='bbox 217 2023 310 2068; x_wconf 90' lang='lat' dir='ltr'>sensu</span> <span class='ocrx_word' id='word_1_131' title='bbox 338 2005 468 2088; x_wconf 85' lang='lat' dir='ltr'>ponitur</span> <span class='ocrx_word' id='word_1_132' title='bbox 496 2009 535 2069; x_wconf 87' lang='lat' dir='ltr'>ut</span> <span class='ocrx_word' id='word_1_133' title='bbox 565 2008 625 2070; x_wconf 88' lang='lat' dir='ltr'>sit:</span> <span class='ocrx_word' id='word_1_134' title='bbox 656 2006 816 2089; x_wconf 59' lang='lat' dir='ltr'>„aplanus</span> <span class='ocrx_word' id='word_1_135' title='bbox 843 2028 875 2070; x_wconf 81' lang='grc' dir='ltr'>ιο</span> <span class='ocrx_word' id='word_1_136' title='bbox 906 2006 1010 2070; x_wconf 69' lang='lat' dir='ltr'>mum</span> <span class='ocrx_word' id='word_1_137' title='bbox 1029 2010 1147 2089; x_wconf 73' lang='grc' dir='ltr'><strong><em>ροίίονα</em></strong></span> <span class='ocrx_word' id='word_1_138' title='bbox 1160 1998 1334 2088; x_wconf 51' lang='lat' dir='ltr'>faturum</span> 
     </span>
     <span class='ocr_line' id='line_1_16' title="bbox 151 2105 857 2192; baseline 0.003 -20"><span class='ocrx_word' id='word_1_139' title='bbox 151 2105 262 2192; x_wconf 89' lang='lat' dir='ltr'>Itaque</span> <span class='ocrx_word' id='word_1_140' title='bbox 285 2106 457 2174; x_wconf 88' lang='lat' dir='ltr'>molestum</span> <span class='ocrx_word' id='word_1_141' title='bbox 480 2109 613 2181; x_wconf 82' lang='grc' dir='ltr'><strong><em>πεισίείς</em></strong></span> <span class='ocrx_word' id='word_1_142' title='bbox 635 2111 857 2176; x_wconf 83' lang='lat' dir='ltr'>resecabimus.</span> 
     </span>
    </p>
   </div>
   <div class='ocr_carea' id='block_1_4' title="bbox 151 2315 1358 2820">
    <p class='ocr_par' dir='ltr' id='par_1_4' title="bbox 151 2315 1358 2820">
     <span class='ocr_line' id='line_1_17' title="bbox 195 2315 1334 2404; baseline 0.001 -23"><span class='ocrx_word' id='word_1_143' title='bbox 195 2315 425 2402; x_wconf 78' lang='lat' dir='ltr'>Intempestive</span> <span class='ocrx_word' id='word_1_144' title='bbox 453 2317 543 2384; x_wconf 88' lang='lat' dir='ltr'>soioli</span> <span class='ocrx_word' id='word_1_145' title='bbox 572 2318 709 2385; x_wconf 83' lang='lat' dir='ltr'>eruditio</span> <span class='ocrx_word' id='word_1_146' title='bbox 739 2318 833 2404; x_wconf 88' lang='lat' dir='ltr'>plane</span> <span class='ocrx_word' id='word_1_147' title='bbox 866 2321 1007 2404; x_wconf 87' lang='lat' dir='ltr'>eorrupit</span> <span class='ocrx_word' id='word_1_148' title='bbox 1039 2316 1179 2383; x_wconf 75' lang='lat' dir='ltr'>Socratis</span> <span class='ocrx_word' id='word_1_149' title='bbox 1212 2320 1334 2382; x_wconf 87' lang='lat' dir='ltr'>senten·</span> 
     </span>
     <span class='ocr_line' id='line_1_18' title="bbox 152 2419 1335 2511; baseline -0.003 -24"><span class='ocrx_word' id='word_1_150' title='bbox 152 2423 232 2487; x_wconf 78' lang='lat' dir='ltr'>tiam</span> <span class='ocrx_word' id='word_1_151' title='bbox 265 2423 299 2486; x_wconf 88' lang='lat' dir='ltr'>in</span> <span class='ocrx_word' id='word_1_152' title='bbox 328 2422 466 2487; x_wconf 70' lang='lat' dir='ltr'>Phaedro</span> <span class='ocrx_word' id='word_1_153' title='bbox 496 2443 569 2511; x_wconf 76' lang='lat' dir='ltr'>pag.</span> <span class='ocrx_word' id='word_1_154' title='bbox 594 2423 670 2489; x_wconf 82' lang='grc'><strong>260.</strong></span> <span class='ocrx_word' id='word_1_155' title='bbox 694 2443 723 2490; x_wconf 85' lang='lat' dir='ltr'>o.</span> <span class='ocrx_word' id='word_1_156' title='bbox 755 2422 828 2490; x_wconf 71' lang='grc' dir='ltr'><strong><em>ὅταν</em></strong></span> <span class='ocrx_word' id='word_1_157' title='bbox 856 2419 906 2488; x_wconf 78' lang='grc' dir='ltr'>οὖν</span> <span class='ocrx_word' id='word_1_158' title='bbox 928 2422 943 2486; x_wconf 83' lang='grc' dir='ltr'><strong><em>ί</em></strong></span> <span class='ocrx_word' id='word_1_159' title='bbox 966 2421 1270 2504; x_wconf 65' lang='grc' dir='ltr'><strong><em>ῥητορικὸς-πείθῃ</em></strong></span> <span class='ocrx_word' id='word_1_160' title='bbox 1292 2424 1335 2498; x_wconf 69' lang='grc' dir='ltr'>μὴ</span> 
     </span>
     <span class='ocr_line' id='line_1_19' title="bbox 152 2524 1336 2610; baseline -0.003 -19"><span class='ocrx_word' id='word_1_161' title='bbox 152 2526 219 2607; x_wconf 80' lang='grc' dir='ltr'><strong><em>περί</em></strong></span> <span class='ocrx_word' id='word_1_162' title='bbox 244 2524 308 2592; x_wconf 77' lang='lat' dir='ltr'>dano</span> <span class='ocrx_word' id='word_1_163' title='bbox 332 2529 451 2610; x_wconf 74' lang='grc' dir='ltr'><strong><em>[σκιας]</em></strong></span> <span class='ocrx_word' id='word_1_164' title='bbox 474 2530 513 2600; x_wconf 76' lang='grc' dir='ltr'>ὥς</span> <span class='ocrx_word' id='word_1_165' title='bbox 537 2525 631 2593; x_wconf 80' lang='grc' dir='ltr'><strong><em>ἵππου</em></strong></span> <span class='ocrx_word' id='word_1_166' title='bbox 654 2528 705 2593; x_wconf 80' lang='grc' dir='ltr'>τὸν</span> <span class='ocrx_word' id='word_1_167' title='bbox 729 2527 851 2592; x_wconf 77' lang='grc' dir='ltr'><strong><em>ἔπαινον</em></strong></span> <span class='ocrx_word' id='word_1_168' title='bbox 873 2528 1046 2604; x_wconf 82' lang='grc' dir='ltr'><strong><em>ποιούμενος</em></strong></span> <span class='ocrx_word' id='word_1_169' title='bbox 1071 2526 1135 2590; x_wconf 79' lang='grc' dir='ltr'><strong><em>ιιτὲ.</em></strong></span> <span class='ocrx_word' id='word_1_170' title='bbox 1172 2525 1265 2590; x_wconf 90' lang='lat' dir='ltr'>Nihil</span> <span class='ocrx_word' id='word_1_171' title='bbox 1288 2530 1336 2590; x_wconf 84' lang='lat' dir='ltr'>est</span> 
     </span>
     <span class='ocr_line' id='line_1_20' title="bbox 151 2629 1358 2718; baseline -0.001 -22"><span class='ocrx_word' id='word_1_172' title='bbox 151 2631 193 2696; x_wconf 87' lang='lat' dir='ltr'>ab</span> <span class='ocrx_word' id='word_1_173' title='bbox 214 2632 275 2696; x_wconf 87' lang='lat' dir='ltr'>hoo</span> <span class='ocrx_word' id='word_1_174' title='bbox 296 2629 366 2697; x_wconf 89' lang='lat' dir='ltr'>loeo</span> <span class='ocrx_word' id='word_1_175' title='bbox 389 2631 525 2696; x_wconf 86' lang='lat' dir='ltr'>alienius</span> <span class='ocrx_word' id='word_1_176' title='bbox 547 2652 644 2716; x_wconf 90' lang='lat' dir='ltr'>qnam</span> <span class='ocrx_word' id='word_1_177' title='bbox 666 2634 871 2717; x_wconf 83' lang='lat' dir='ltr'>proverbium</span> <span class='ocrx_word' id='word_1_178' title='bbox 890 2631 957 2713; x_wconf 82' lang='grc' dir='ltr'><strong><em>περί</em></strong></span> <span class='ocrx_word' id='word_1_179' title='bbox 977 2629 1041 2696; x_wconf 79' lang='grc' dir='ltr'><strong><em>ὄνον</em></strong></span> <span class='ocrx_word' id='word_1_180' title='bbox 1058 2634 1157 2703; x_wconf 74' lang='grc' dir='ltr'><strong><em>σκιᾶς.</em></strong></span> <span class='ocrx_word' id='word_1_181' title='bbox 1181 2629 1358 2718; x_wconf 79' lang='lat' dir='ltr'>Expungo</span> 
     </span>
     <span class='ocr_line' id='line_1_21' title="bbox 151 2733 752 2820; baseline 0.002 -21"><span class='ocrx_word' id='word_1_182' title='bbox 151 2738 243 2807; x_wconf 79' lang='grc' dir='ltr'><strong><em>σκιῖος</em></strong></span> <span class='ocrx_word' id='word_1_183' title='bbox 265 2738 300 2799; x_wconf 89' lang='lat' dir='ltr'>et</span> <span class='ocrx_word' id='word_1_184' title='bbox 319 2737 426 2800; x_wconf 88' lang='lat' dir='ltr'>omnia</span> <span class='ocrx_word' id='word_1_185' title='bbox 447 2733 556 2800; x_wconf 89' lang='lat' dir='ltr'>ordine</span> <span class='ocrx_word' id='word_1_186' title='bbox 574 2736 752 2820; x_wconf 83' lang='lat' dir='ltr'>procedent</span> 
     </span>
    </p>
   </div>
   <div class='ocr_carea' id='block_1_5' title="bbox 152 2943 1339 4074">
    <p class='ocr_par' dir='ltr' id='par_1_5' title="bbox 152 2943 1339 3327">
     <span class='ocr_line' id='line_1_22' title="bbox 196 2943 1338 3030; baseline 0.002 -21"><span class='ocrx_word' id='word_1_187' title='bbox 196 2943 234 3009; x_wconf 85' lang='lat' dir='ltr'>In</span> <span class='ocrx_word' id='word_1_188' title='bbox 257 2944 415 3009; x_wconf 76' lang='lat' dir='ltr'>Alcibiade</span> <span class='ocrx_word' id='word_1_189' title='bbox 436 2943 462 3009; x_wconf 94' lang='lat' dir='ltr'>I.</span> <span class='ocrx_word' id='word_1_190' title='bbox 485 2965 517 3030; x_wconf 92' lang='lat' dir='ltr'>p.</span> <span class='ocrx_word' id='word_1_191' title='bbox 543 2943 620 3010; x_wconf 79' lang='lat'>122.</span> <span class='ocrx_word' id='word_1_192' title='bbox 646 2964 675 3010; x_wconf 78' lang='grc' dir='ltr'>1ο.</span> <span class='ocrx_word' id='word_1_193' title='bbox 700 2944 823 3010; x_wconf 83' lang='lat' dir='ltr'>editur:</span> <span class='ocrx_word' id='word_1_194' title='bbox 847 2943 973 3026; x_wconf 82' lang='grc' dir='ltr'><strong><em>χρυσίον</em></strong></span> <span class='ocrx_word' id='word_1_195' title='bbox 995 2945 1027 3009; x_wconf 77' lang='grc' dir='ltr'>δὲ</span> <span class='ocrx_word' id='word_1_196' title='bbox 1050 2944 1103 3009; x_wconf 82' lang='grc' dir='ltr'>καί</span> <span class='ocrx_word' id='word_1_197' title='bbox 1126 2944 1265 3024; x_wconf 74' lang='grc' dir='ltr'><strong><em>α’ργύριον</em></strong></span> <span class='ocrx_word' id='word_1_198' title='bbox 1285 2947 1338 3011; x_wconf 79' lang='grc' dir='ltr'>οὐκ</span> 
     </span>
     <span class='ocr_line' id='line_1_23' title="bbox 152 3044 1339 3134; baseline 0.002 -20"><span class='ocrx_word' id='word_1_199' title='bbox 152 3048 215 3119; x_wconf 77' lang='grc' dir='ltr'><strong><em>ἔςιν</em></strong></span> <span class='ocrx_word' id='word_1_200' title='bbox 238 3051 270 3114; x_wconf 83' lang='grc' dir='ltr'>ίν</span> <span class='ocrx_word' id='word_1_201' title='bbox 291 3054 387 3115; x_wconf 74' lang='grc' dir='ltr'><strong><em>πᾶσιν</em></strong></span> <span class='ocrx_word' id='word_1_202' title='bbox 408 3050 559 3123; x_wconf 76' lang='grc' dir='ltr'><strong><em>Ἕλλησιν</em></strong></span> <span class='ocrx_word' id='word_1_203' title='bbox 581 3044 648 3113; x_wconf 75' lang='grc' dir='ltr'><strong><em>ὅσον</em></strong></span> <span class='ocrx_word' id='word_1_204' title='bbox 671 3049 701 3114; x_wconf 77' lang='grc' dir='ltr'>ἕν</span> <span class='ocrx_word' id='word_1_205' title='bbox 724 3047 937 3126; x_wconf 78' lang='grc' dir='ltr'><strong><em>Λακεδαίμονί</em></strong></span> <span class='ocrx_word' id='word_1_206' title='bbox 959 3047 1048 3131; x_wconf 63' lang='lat' dir='ltr'>’rata</span> <span class='ocrx_word' id='word_1_207' title='bbox 1082 3048 1232 3134; x_wconf 84' lang='lat' dir='ltr'>Quisquis</span> <span class='ocrx_word' id='word_1_208' title='bbox 1253 3049 1339 3116; x_wconf 81' lang='lat' dir='ltr'>huno</span> 
     </span>
     <span class='ocr_line' id='line_1_24' title="bbox 153 3153 1338 3243; baseline 0 -22"><span class='ocrx_word' id='word_1_209' title='bbox 153 3155 322 3243; x_wconf 73' lang='lat' dir='ltr'>dialogum</span> <span class='ocrx_word' id='word_1_210' title='bbox 343 3156 470 3240; x_wconf 81' lang='lat' dir='ltr'>scripsit</span> <span class='ocrx_word' id='word_1_211' title='bbox 487 3154 621 3219; x_wconf 88' lang='lat' dir='ltr'>festivus</span> <span class='ocrx_word' id='word_1_212' title='bbox 638 3153 735 3219; x_wconf 92' lang='lat' dir='ltr'>homo</span> <span class='ocrx_word' id='word_1_213' title='bbox 753 3154 832 3219; x_wconf 90' lang='lat' dir='ltr'>lusit</span> <span class='ocrx_word' id='word_1_214' title='bbox 849 3157 884 3219; x_wconf 89' lang='lat' dir='ltr'>in</span> <span class='ocrx_word' id='word_1_215' title='bbox 902 3155 1007 3222; x_wconf 81' lang='lat' dir='ltr'>uerbis</span> <span class='ocrx_word' id='word_1_216' title='bbox 1026 3153 1207 3220; x_wconf 80' lang='lat' dir='ltr'>Homericis</span> <span class='ocrx_word' id='word_1_217' title='bbox 1225 3153 1338 3242; x_wconf 80' lang='lat' dir='ltr'>Odyss.</span> 
     </span>
     <span class='ocr_line' id='line_1_25' title="bbox 152 3259 467 3327; baseline -0.006 -2"><span class='ocrx_word' id='word_1_218' title='bbox 152 3269 188 3326; x_wconf 79' lang='grc' dir='ltr'>Γ.</span> <span class='ocrx_word' id='word_1_219' title='bbox 214 3259 291 3327; x_wconf 84' lang='grc'><strong>326.</strong></span> <span class='ocrx_word' id='word_1_220' title='bbox 315 3260 467 3326; x_wconf 84' lang='lat' dir='ltr'>etalibi:</span> 
     </span>
    </p>

    <p class='ocr_par' dir='ltr' id='par_1_6' title="bbox 152 3359 1337 4074">
     <span class='ocr_line' id='line_1_26' title="bbox 353 3359 1111 3441; baseline -0.004 -11"><span class='ocrx_word' id='word_1_221' title='bbox 353 3365 384 3439; x_wconf 83' lang='grc' dir='ltr'>ἒς</span> <span class='ocrx_word' id='word_1_222' title='bbox 407 3363 631 3441; x_wconf 77' lang='grc' dir='ltr'><strong><em>Λακεδαίμονα</em></strong></span> <span class='ocrx_word' id='word_1_223' title='bbox 653 3364 721 3429; x_wconf 74' lang='grc' dir='ltr'><strong><em>δῖαν</em></strong></span> <span class='ocrx_word' id='word_1_224' title='bbox 745 3359 786 3427; x_wconf 75' lang='lat' dir='ltr'>aa</span> <span class='ocrx_word' id='word_1_225' title='bbox 810 3360 916 3438; x_wconf 75' lang='grc' dir='ltr'><strong><em>ξανίίς</em></strong></span> <span class='ocrx_word' id='word_1_226' title='bbox 939 3363 1111 3435; x_wconf 86' lang='grc' dir='ltr'><strong><em>Μενίλαος.</em></strong></span> 
     </span>
     <span class='ocr_line' id='line_1_27' title="bbox 154 3465 1337 3555; baseline -0.005 -19"><span class='ocrx_word' id='word_1_227' title='bbox 154 3470 321 3555; x_wconf 88' lang='lat' dir='ltr'>deditque:</span> <span class='ocrx_word' id='word_1_228' title='bbox 353 3465 420 3535; x_wconf 84' lang='grc' dir='ltr'><strong><em>ίοον</em></strong></span> <span class='ocrx_word' id='word_1_229' title='bbox 451 3471 481 3534; x_wconf 78' lang='grc' dir='ltr'>ἕν</span> <span class='ocrx_word' id='word_1_230' title='bbox 513 3468 727 3547; x_wconf 73' lang='grc' dir='ltr'><strong><em>Λακεδαίμονι</em></strong></span> <span class='ocrx_word' id='word_1_231' title='bbox 751 3468 825 3551; x_wconf 76' lang='grc' dir='ltr'><strong><em>Δία.</em></strong></span> <span class='ocrx_word' id='word_1_232' title='bbox 860 3467 982 3534; x_wconf 77' lang='lat' dir='ltr'>Eodem</span> <span class='ocrx_word' id='word_1_233' title='bbox 1003 3467 1099 3534; x_wconf 92' lang='lat' dir='ltr'>modo</span> <span class='ocrx_word' id='word_1_234' title='bbox 1120 3470 1243 3532; x_wconf 83' lang='lat' dir='ltr'>iocatur</span> <span class='ocrx_word' id='word_1_235' title='bbox 1264 3487 1337 3554; x_wconf 81' lang='lat' dir='ltr'>pag.</span> 
     </span>
     <span class='ocr_line' id='line_1_28' title="bbox 155 3569 901 3642; baseline -0.004 -3"><span class='ocrx_word' id='word_1_236' title='bbox 155 3573 230 3641; x_wconf 77' lang='lat'>132.</span> <span class='ocrx_word' id='word_1_237' title='bbox 254 3595 286 3642; x_wconf 83' lang='grc' dir='ltr'>ιι.</span> <span class='ocrx_word' id='word_1_238' title='bbox 311 3577 345 3640; x_wconf 94' lang='lat' dir='ltr'>in</span> <span class='ocrx_word' id='word_1_239' title='bbox 367 3575 438 3641; x_wconf 87' lang='lat' dir='ltr'>loeo</span> <span class='ocrx_word' id='word_1_240' title='bbox 460 3574 631 3640; x_wconf 83' lang='lat' dir='ltr'>Homerico</span> <span class='ocrx_word' id='word_1_241' title='bbox 653 3572 745 3638; x_wconf 80' lang='lat' dir='ltr'>Iliad.</span> <span class='ocrx_word' id='word_1_242' title='bbox 768 3591 798 3637; x_wconf 85' lang='lat' dir='ltr'>n.</span> <span class='ocrx_word' id='word_1_243' title='bbox 825 3569 901 3639; x_wconf 79' lang='lat'>547.</span> 
     </span>
     <span class='ocr_line' id='line_1_29' title="bbox 322 3672 1144 3759; baseline -0.009 -14"><span class='ocrx_word' id='word_1_244' title='bbox 322 3679 418 3756; x_wconf 75' lang='grc' dir='ltr'><strong><em>δῆμος</em></strong></span> <span class='ocrx_word' id='word_1_245' title='bbox 439 3679 603 3759; x_wconf 72' lang='grc' dir='ltr'><strong><em>Ἐρεχθῆος</em></strong></span> <span class='ocrx_word' id='word_1_246' title='bbox 626 3677 861 3757; x_wconf 66' lang='grc' dir='ltr'>μεγαλήτορος,</span> <span class='ocrx_word' id='word_1_247' title='bbox 887 3672 919 3741; x_wconf 74' lang='lat' dir='ltr'>dn</span> <span class='ocrx_word' id='word_1_248' title='bbox 941 3680 1010 3742; x_wconf 87' lang='grc' dir='ltr'><strong><em>ποτ’</em></strong></span> <span class='ocrx_word' id='word_1_249' title='bbox 1034 3673 1144 3749; x_wconf 66' lang='lat' dir='ltr'>’Adina</span> 
     </span>
     <span class='ocr_line' id='line_1_30' title="bbox 323 3781 440 3863; baseline 0 -17"><span class='ocrx_word' id='word_1_250' title='bbox 323 3781 440 3863; x_wconf 74' lang='grc' dir='ltr'><strong><em>θρέψεν.</em></strong></span> 
     </span>
     <span class='ocr_line' id='line_1_31' title="bbox 152 3882 1336 3972; baseline -0.005 -19"><span class='ocrx_word' id='word_1_251' title='bbox 152 3887 311 3972; x_wconf 80' lang='lat' dir='ltr'>dixitque:</span> <span class='ocrx_word' id='word_1_252' title='bbox 342 3885 535 3968; x_wconf 79' lang='grc' dir='ltr'><strong><em>εὐπρόσωπος</em></strong></span> <span class='ocrx_word' id='word_1_253' title='bbox 566 3888 630 3967; x_wconf 74' lang='grc' dir='ltr'>γὰρ</span> <span class='ocrx_word' id='word_1_254' title='bbox 661 3888 676 3951; x_wconf 86' lang='grc' dir='ltr'><strong><em>ί</em></strong></span> <span class='ocrx_word' id='word_1_255' title='bbox 708 3889 761 3951; x_wconf 80' lang='grc' dir='ltr'>τοῦ</span> <span class='ocrx_word' id='word_1_256' title='bbox 787 3885 1000 3965; x_wconf 72' lang='grc' dir='ltr'><strong><em>μεγαλήτορος</em></strong></span> <span class='ocrx_word' id='word_1_257' title='bbox 1029 3884 1124 3963; x_wconf 76' lang='grc' dir='ltr'><strong><em>δῆμος</em></strong></span> <span class='ocrx_word' id='word_1_258' title='bbox 1149 3882 1336 3965; x_wconf 78' lang='grc' dir='ltr'><strong><em>Ἐρεχίίοις,</em></strong></span> 
     </span>
     <span class='ocr_line' id='line_1_32' title="bbox 152 3989 812 4074; baseline -0.003 -17"><span class='ocrx_word' id='word_1_259' title='bbox 152 3992 229 4057; x_wconf 74' lang='grc' dir='ltr'><strong><em>ἀλλ’</em></strong></span> <span class='ocrx_word' id='word_1_260' title='bbox 252 3989 411 4057; x_wconf 69' lang='lat' dir='ltr'>anatona</span> <span class='ocrx_word' id='word_1_261' title='bbox 434 3991 495 4074; x_wconf 63' lang='lat' dir='ltr'>xlii</span> <span class='ocrx_word' id='word_1_262' title='bbox 516 3992 611 4057; x_wconf 76' lang='grc' dir='ltr'><strong><em>αὑτὸν</em></strong></span> <span class='ocrx_word' id='word_1_263' title='bbox 633 3991 812 4056; x_wconf 85' lang='grc' dir='ltr'><strong><em>ίεοίοασίαι.</em></strong></span> 
     </span>
    </p>
   </div>
   <div class='ocr_carea' id='block_1_6' title="bbox 152 4198 1341 4497">
    <p class='ocr_par' dir='ltr' id='par_1_7' title="bbox 152 4198 1341 4497">
     <span class='ocr_line' id='line_1_33' title="bbox 196 4198 1341 4299; baseline -0.003 -30"><span class='ocrx_word' id='word_1_264' title='bbox 196 4201 324 4269; x_wconf 77' lang='lat' dir='ltr'>Addam</span> <span class='ocrx_word' id='word_1_265' title='bbox 353 4201 504 4287; x_wconf 80' lang='lat' dir='ltr'>pannulos</span> <span class='ocrx_word' id='word_1_266' title='bbox 535 4201 621 4268; x_wconf 90' lang='lat' dir='ltr'>loeos</span> <span class='ocrx_word' id='word_1_267' title='bbox 650 4221 689 4267; x_wconf 87' lang='lat' dir='ltr'>ex</span> <span class='ocrx_word' id='word_1_268' title='bbox 718 4201 810 4268; x_wconf 90' lang='lat' dir='ltr'>libris</span> <span class='ocrx_word' id='word_1_269' title='bbox 832 4201 899 4280; x_wconf 83' lang='grc' dir='ltr'><strong><em>περί</em></strong></span> <span class='ocrx_word' id='word_1_270' title='bbox 922 4201 1035 4279; x_wconf 81' lang='grc' dir='ltr'><strong><em>Νόμων</em></strong></span> <span class='ocrx_word' id='word_1_271' title='bbox 1056 4221 1130 4289; x_wconf 85' lang='lat' dir='ltr'>pag.</span> <span class='ocrx_word' id='word_1_272' title='bbox 1146 4198 1232 4299; x_wconf 20' lang='lat'>¹686.</span> <span class='ocrx_word' id='word_1_273' title='bbox 1256 4217 1287 4265; x_wconf 88' lang='lat' dir='ltr'>n.</span> <span class='ocrx_word' id='word_1_274' title='bbox 1311 4200 1341 4266; x_wconf 86' lang='grc' dir='ltr'>εί</span> 
     </span>
     <span class='ocr_line' id='line_1_34' title="bbox 152 4303 1339 4392; baseline -0.003 -19"><span class='ocrx_word' id='word_1_275' title='bbox 152 4331 198 4381; x_wconf 90' lang='grc' dir='ltr'>τις</span> <span class='ocrx_word' id='word_1_276' title='bbox 231 4306 293 4387; x_wconf 76' lang='grc' dir='ltr'>ἄρα</span> <span class='ocrx_word' id='word_1_277' title='bbox 322 4308 449 4383; x_wconf 64' lang='lat' dir='ltr'>laisida</span> <span class='ocrx_word' id='word_1_278' title='bbox 476 4310 608 4392; x_wconf 81' lang='grc' dir='ltr'><strong><em>[καλῶς]</em></strong></span> <span class='ocrx_word' id='word_1_279' title='bbox 635 4308 719 4388; x_wconf 78' lang='grc' dir='ltr'><strong><em>αὐτῷ</em></strong></span> <span class='ocrx_word' id='word_1_280' title='bbox 742 4306 876 4387; x_wconf 77' lang='grc' dir='ltr'><strong><em>χρῆσθαι</em></strong></span> <span class='ocrx_word' id='word_1_281' title='bbox 899 4304 985 4372; x_wconf 82' lang='grc' dir='ltr'><strong><em>κατοί</em></strong></span> <span class='ocrx_word' id='word_1_282' title='bbox 1008 4329 1077 4371; x_wconf 89' lang='grc' dir='ltr'><strong><em>τινα</em></strong></span> <span class='ocrx_word' id='word_1_283' title='bbox 1100 4303 1219 4386; x_wconf 85' lang='grc' dir='ltr'><strong><em>τρίπον.</em></strong></span> <span class='ocrx_word' id='word_1_284' title='bbox 1256 4303 1339 4370; x_wconf 80' lang='lat' dir='ltr'>Sori-</span> 
     </span>
     <span class='ocr_line' id='line_1_35' title="bbox 153 4410 1337 4497; baseline -0.004 -18"><span class='ocrx_word' id='word_1_285' title='bbox 153 4418 265 4497; x_wconf 87' lang='lat' dir='ltr'>pturne</span> <span class='ocrx_word' id='word_1_286' title='bbox 292 4412 380 4481; x_wconf 89' lang='lat' dir='ltr'>labes</span> <span class='ocrx_word' id='word_1_287' title='bbox 404 4414 657 4480; x_wconf 83' lang='lat' dir='ltr'>additamentum</span> <span class='ocrx_word' id='word_1_288' title='bbox 679 4415 811 4497; x_wconf 87' lang='lat' dir='ltr'>peperit.</span> <span class='ocrx_word' id='word_1_289' title='bbox 848 4411 1057 4477; x_wconf 79' lang='lat' dir='ltr'>Scribendnm</span> <span class='ocrx_word' id='word_1_290' title='bbox 1077 4413 1181 4476; x_wconf 89' lang='lat' dir='ltr'>enim:</span> <span class='ocrx_word' id='word_1_291' title='bbox 1202 4410 1337 4491; x_wconf 74' lang='grc' dir='ltr'><strong><em>χρῆσθαι</em></strong></span> 
     </span>
    </p>
   </div>
   <div class='ocr_carea' id='block_1_7' title="bbox 0 0 1632 5014">
    <p class='ocr_par' dir='ltr' id='par_1_8' title="bbox 0 0 1632 5014">
     <span class='ocr_line' id='line_1_36' title="bbox 0 0 1632 5014; baseline 0 0"><span class='ocrx_word' id='word_1_292' title='bbox 0 0 1632 5014; x_wconf 95' lang='lat' dir='ltr'> </span> 
     </span>
    </p>
   </div>
  </div>
 </body>
</html>
