3276 5006
458 374 616 423 ousrroaa
637 375 697 422 ruo
720 376 747 422 e.
772 374 900 423 naimo
923 374 1079 425 rosrouo.
1318 356 1361 424 85

262 543 711 630 praenecessarium,
742 563 869 610 summo
892 544 962 611 loco
984 549 1093 623 natos,
1117 564 1180 612 nou
1201 545 1236 610 in
1258 544 1360 611 bortis

258 655 316 715 aut
346 648 537 713 suburbanis
569 650 653 725 suis,
689 647 745 715 sed
778 647 913 734 Neapoli
946 652 980 715 in
1010 634 1214 716 celeberrimo
1245 649 1361 736 oppido

263 774 339 820 eum
359 759 384 831 †
404 751 612 838 maeeiapella
633 773 726 838 saepe
748 753 888 818 eidcmm
925 750 1178 841 Ghlamydetnm
1204 753 1300 820 illum
1322 754 1360 819 L.

267 856 394 923 Sullam
428 861 669 944 imperatorem,
704 857 741 922 L.
777 878 853 924 vero
883 856 1055 945 Scipionis,
1088 859 1144 943 qui
1174 857 1298 924 bellum
1328 860 1362 924 in

258 964 336 1030 Asia
363 965 464 1050 gessit
493 963 750 1048 Antiochumque
779 963 914 1040 devicit,
947 983 1010 1028 uon
1037 961 1142 1028 solum
1173 983 1248 1027 cum
1276 962 1360 1029 chla-

265 1066 381 1155 myde,
413 1067 467 1132 sed
497 1068 596 1133 etiam
626 1088 701 1133 cum
731 1068 866 1152 crepidis
896 1068 930 1132 in
957 1063 1115 1153 Capitolio
1145 1072 1286 1133 statuam
1313 1069 1362 1134 vi·

263 1172 373 1237 detis.”

219 1274 323 1342 Verba
351 1295 442 1355 „non
464 1277 559 1343 modo
583 1275 810 1343 adolescentes”
833 1281 907 1342 cett.
932 1277 979 1341 ita
1000 1276 1140 1342 referunt
1163 1276 1252 1343 codd.
1278 1299 1363 1355 „nos

173 1382 256 1448 modo
286 1384 366 1448 civis
396 1380 555 1447 Romanos
585 1380 698 1447 sedet
727 1382 837 1446 nobilis
865 1381 1059 1447 adolescentie
1090 1389 1118 1446 et
1140 1383 1280 1468 queem
1301 1387 1361 1448 cet

180 1486 318 1553 Videam
345 1489 412 1551 iam
441 1489 475 1550 in
498 1485 574 1551 edit
599 1482 842 1565 Cratandriana,
871 1486 960 1553 codd.
983 1486 1091 1551 uideri.
1141 1487 1362 1573 Ollamydetm

173 1596 207 1657 et
227 1592 378 1677 chlamyde
399 1592 433 1655 in
455 1590 628 1656 meiano
651 1591 832 1656 scribuntur
854 1592 1045 1655 elcnridatum
1067 1598 1100 1657 et
1123 1591 1259 1656 chuido.

218 1697 362 1762 Priorem
384 1695 480 1761 huius
502 1698 676 1761 sententiae
697 1700 822 1780 partem
845 1695 1011 1761 emendare
1034 1697 1101 1761 iarn
1124 1695 1249 1781 pridem
1272 1715 1362 1762 eous·

175 1805 321 1866 tussam
342 1802 376 1864 in
398 1796 569 1887 Philologo
590 1797 647 1864 XI.
671 1819 702 1884 p.
729 1796 792 1865 97:

223 1904 450 1984 „Deliciarum
480 1923 574 1969 causa
602 1908 635 1969 et
664 1901 840 1989 uoluptatis
871 1906 949 1970 cives
978 1905 1143 1985 Romanoa,
1159 1924 1237 1985 non
1267 1904 1363 1971 modo

261 2011 375 2076 nobiles
403 2008 630 2101 adolescentes,
658 2007 714 2073 sed
735 2008 889 2094 quosdam
912 2013 1011 2076 etiam
1035 2015 1212 2089 senatores,
1235 2028 1363 2075 summo

266 2115 336 2182 loco
357 2119 466 2192 natos,
490 2132 553 2179 non
576 2115 610 2177 in
632 2111 734 2178 hortis
756 2120 813 2178 ant
834 2113 1024 2180 suburbanis
1046 2117 1131 2194 suis,
1154 2114 1210 2180 sed
1230 2111 1365 2200 Neapoli

266 2222 301 2285 iu
331 2218 535 2285 celeberrimo
563 2216 679 2303 oppido
710 2239 785 2283 cum
815 2219 923 2298 nadre,
950 2226 1038 2305 quob
1062 2219 1171 2285 Gracci
1193 2219 1363 2304 apponant,

272 2343 364 2410 saepe
386 2322 478 2388 cidi.'’

221 2431 413 2496 Litterarum
445 2428 638 2516 farraginem
668 2430 859 2513 maeeicpcllc
888 2436 973 2496 recte
997 2436 1073 2496 tunc
1096 2430 1256 2496 ordinasse
1278 2423 1362 2493 milri

176 2533 303 2612 videor,
326 2534 381 2600 sed
404 2539 513 2619 postea
534 2532 695 2612 intellexi,
719 2535 852 2599 mitram
871 2533 1102 2613 velocitatem,
1121 2534 1364 2619 Hervagianum

176 2643 413 2715 commentum,
432 2658 496 2703 non
518 2652 593 2702 esse⁴
608 2638 705 2702 huius
726 2636 803 2716 loei;
829 2638 868 2704 de
890 2641 1004 2723 capitis
1024 2637 1205 2704 velamento
1226 2637 1280 2701 hic
1302 2653 1366 2700 noa

177 2747 226 2809 est
258 2762 379 2821 sermo,
411 2744 510 2807 mitra
543 2746 652 2807 autem
685 2740 839 2807 Romanis
865 2744 932 2808 iam
962 2743 1030 2809 illis
1059 2743 1257 2828 temporibus
1287 2740 1364 2805 satis

175 2851 251 2912 nota
263 2853 346 2933 erat.
381 2845 539 2927 Quoniam
556 2845 595 2910 de
614 2845 712 2931 pallio
732 2852 780 2912 est
798 2867 919 2926 sermo,
931 2850 1105 2933 requiritur
1116 2848 1237 2912 mentio
1255 2843 1365 2910 leenae

176 2950 349 3029 mollioris,
374 2971 454 3036 quae
476 2950 663 3017 deliciarum
686 2971 721 3016 ae
743 2951 919 3037 voluptatis
937 2954 1043 3040 gratia
1060 2951 1247 3040 gerebatur,
1267 2966 1365 3033 eaque

176 3056 305 3124 ridetur
326 3055 424 3121 fuisse
445 3056 577 3134 cilenis,
598 3057 706 3121 minus
727 3055 828 3144 vulgo
849 3062 941 3135 nota;
966 3077 1046 3142 quae
1068 3076 1131 3123 uox
1150 3054 1272 3122 Graeca
1287 3071 1363 3119 enm

175 3163 210 3227 in
231 3160 314 3228 libro
336 3166 463 3228 vetusto
485 3159 552 3247 legi
575 3160 715 3246 amplius
737 3180 801 3227 non
822 3168 944 3247 posset,
964 3160 1079 3228 lacum
1099 3163 1258 3228 exstitisse
1275 3156 1362 3227 ride·

174 3264 225 3332 ler
244 3268 279 3331 in
301 3265 472 3332 codicibus.
519 3263 656 3331 Omnem
679 3270 870 3332 senteutiam
893 3288 977 3333 nunc
999 3268 1045 3332 sic
1067 3268 1243 3333 constituo:

224 3369 447 3450 ,Deliciarum
476 3391 570 3437 causa
599 3376 631 3435 et
660 3371 836 3458 voluptatis
865 3375 951 3439 cives
983 3371 1161 3449 Romanos,
1184 3391 1248 3437 non
1268 3365 1364 3434 modo

266 3475 389 3541 nobiles
410 3475 639 3554 adolescentes,
664 3475 718 3542 sed
741 3478 894 3562 quosdam
917 3481 1015 3543 etiam
1037 3480 1211 3553 senatores,
1236 3491 1365 3539 summo

261 3580 332 3647 loco
353 3585 461 3659 natos,
484 3601 548 3645 non
569 3582 605 3645 in
625 3581 726 3646 hortis
749 3587 806 3646 aut
828 3582 1016 3647 suburbanis
1035 3582 1118 3658 suis,
1138 3579 1194 3645 sed
1212 3574 1365 3661 Neapoli,

266 3687 301 3752 in
323 3685 527 3751 celeberrimo
550 3686 682 3772 oppido,
707 3707 782 3751 cum
805 3684 978 3768 [chlanide]
1003 3705 1099 3771 quam
1123 3681 1237 3751 Graeci
1260 3679 1365 3767 appel·

266 3790 352 3868 lant,
383 3812 475 3876 saepe
504 3791 589 3868 vidi3
619 3791 751 3854 emeca
779 3789 1021 3876 chlamydatum
1051 3788 1148 3854 illum
1177 3787 1215 3853 L.
1239 3785 1366 3853 Sullam

261 3899 505 3982 imperatorem
530 3895 567 3959 L.
590 3915 665 3960 vero
688 3892 861 3980 Scipionis,
883 3896 938 3978 qui
957 3893 1079 3959 bellum
1099 3896 1134 3958 in
1152 3895 1230 3960 Asia
1247 3893 1364 3981 gessit,

263 4001 521 4085 Andochumque
539 3999 670 4076 derisit,
690 4018 753 4064 non
771 3998 876 4063 solum
895 4019 970 4063 eum
989 3996 1177 4084 chlamyde,
1197 3995 1366 4064 sedetiam

268 4125 343 4171 cum
365 4104 499 4190 crepidis
522 4106 555 4167 in
578 4100 735 4188 Capitolio
758 4108 900 4169 statuam
922 4102 1067 4167 videtis.”

229 4209 318 4274 Vidi:
346 4211 414 4295 ipse
444 4205 551 4274 Oisero
581 4212 614 4273 in
644 4207 724 4275 villa
753 4206 948 4291 Pompeiana
975 4210 1120 4274 versatus
1141 4212 1175 4273 et
1196 4204 1366 4292 Neapolim

175 4317 376 4400 frequentans
407 4313 491 4378 illud
525 4334 617 4398 saepe
652 4313 784 4379 viderat.
826 4311 982 4377 Vallenses:
1018 4313 1052 4377 in
1085 4312 1152 4379 foro
1182 4316 1268 4380 enim
1298 4322 1366 4382 crat

176 4418 285 4487 Sullae
313 4419 370 4485 illa
400 4424 507 4485 statua
530 4417 754 4505 clrlamydata,
780 4439 876 4503 quam
900 4438 939 4482 ex
961 4415 1031 4483 loco
1053 4418 1166 4486 iudicii
1188 4423 1365 4507 prospicere
