3296 5022
617 355 660 403 in
684 355 950 404 marianarum
1339 334 1381 402 4¹7

233 521 310 611 Cap.
335 523 425 590 XIII.
448 528 643 605 Περιεργάας.

234 632 248 696 ὃ
274 630 306 696 at
329 630 487 712 περίεργος
519 632 652 706 ποιοῦπάς
675 657 722 704 πις
745 628 804 705 οἶος
827 671 870 685 --
894 633 1033 712 traam
1059 632 1156 722 [τοὺς]
1184 636 1382 714 μαχομένους

116 826 117 829 ¹
187 739 239 802 ιιοιῖ
263 734 311 809 οὓς
336 739 370 803 οὐ
394 742 587 823 γιγνώσκει]
621 739 719 805 Recte
742 739 855 805 Editor
875 738 945 813 σούς
969 739 1067 806 deleri
1087 739 1209 818 voluit,
1235 741 1290 805 aed
1307 762 1383 806 non·

187 843 266 908 dum
289 844 334 909 sie
356 850 542 928 persanatue
563 845 652 911 laeua
676 851 733 911 eat.
760 853 948 929 „pateinter
971 846 1088 910 dirimit
1110 848 1209 911 etiam
1231 869 1302 932 quoe
1323 868 1383 910 ιιοα

186 949 294 1013 νιοοοῖ”.
341 950 466 1014 Sauram
496 972 622 1038 pugnas
652 952 801 1021 dirimere
829 971 892 1016 non
915 957 963 1016 eet
987 951 1296 1037 reprehendendum,
1328 952 1383 1017 aad

186 1060 365 1142 pugnantes
394 1057 508 1120 alienor
537 1056 686 1123 dirimere
717 1056 801 1122 vella
830 1057 864 1122 id
891 1078 966 1123 vero
989 1060 1135 1143 ineptum
1159 1063 1191 1122 et
1214 1058 1379 1137 περίεργον.

187 1159 297 1246 Itaque
318 1161 375 1226 καί
397 1181 520 1248 quoque
541 1162 712 1229 delendum
730 1167 832 1228 estut
849 1162 994 1251 legatur:
1020 1163 1159 1243 itripyrev
1182 1162 1382 1246 μαχομένους

188 1288 238 1337 ους
261 1289 294 1330 ον
317 1268 492 1344 γιγνώσκει.

233 1478 314 1543 Ibid.
350 1478 402 1542 rat
438 1480 488 1543 rit
524 1480 680 1558 ςραπιςγὸν
712 1482 881 1560 προσελάῖον
914 1484 1061 1563 ἐρωτῆσαι
1087 1520 1129 1532 -
1153 1483 1185 1547 πά
1218 1482 1302 1558 μεπά
1326 1483 1380 1555 πῖον

187 1582 288 1662 αὔριον
311 1583 580 1671 παραγγέΛΛει,]
630 1583 802 1652 Tralatiaio
831 1607 933 1652 errore
956 1590 1111 1673 seriptum
1133 1598 1190 1673 p'ro
1213 1611 1382 1667 παραγγε-

186 1698 255 1765 λεῖ,
281 1690 364 1776 quod
386 1695 599 1757 neceesarium
622 1712 688 1758 esee
709 1698 836 1778 propter
858 1692 943 1769 μετά
967 1694 1021 1769 σὺν
1045 1693 1144 1773 αὔριον
1168 1694 1245 1779 quid
1268 1696 1383 1759 attinet

187 1793 311 1862 dicere?
356 1796 516 1882 Perpetua
546 1798 624 1863 haee
656 1803 704 1862 eet
733 1796 820 1863 labes
842 1794 996 1863 Codicum
1017 1798 1096 1865 Mea.
1120 1801 1266 1866 omnium
1289 1804 1327 1865 ut
1347 1802 1382 1865 in

185 1901 292 1966 verbis
319 1900 492 1986 liquidatia‘
516 1909 641 1990 praeter
670 1903 733 1969 loci
764 1906 953 1969 sententiam
971 1905 1084 1989 setrai
1106 1907 1259 1991 temporis
1280 1904 1383 1971 forma

108 2056 112 2063 -
185 2008 220 2074 in
235 2008 406 2090 ροοοεσιιῖῖσ
427 2009 626 2095 depravetur.

232 2218 340 2285 Multa
362 2226 437 2284 aunt
465 2222 549 2306 apud
571 2219 826 2307 Theophrastum
849 2226 917 2285 tam
940 2220 1029 2286 foede
1052 2227 1199 2308 corrupta
1221 2229 1259 2288 ut
1281 2225 1382 2289 satius

187 2327 230 2390 ait
248 2325 404 2391 abstinere
422 2347 571 2404 manum;
593 2325 687 2412 quala
705 2327 830 2392 honest
848 2329 883 2391 in
901 2328 1037 2392 vicinia:
1062 2329 1306 2409 άπαγορεύοντος
1326 2334 1379 2394 τοῦ

187 2432 291 2511 ἰατροῦ
322 2428 403 2503 ὅπως
432 2436 476 2508 μὴ
508 2433 594 2498 δώσει
625 2428 698 2497 οἶνον
726 2435 768 2514 περ
798 2430 1040 2513 μαλακιζομένῳ
1069 2435 1180 2513 φήσας
1212 2434 1380 2513 βούλεσθαι

188 2537 348 2617 διάπειραν
373 2537 551 2617 λαμβάνειν
575 2538 824 2620 εὐτρεπίσαι
847 2540 898 2603 τὸν
922 2544 1024 2607 κακῶς
1048 2535 1181 2618 ἔχοντα,
1206 2540 1380 2605 absurdum

188 2650 236 2711 eat
264 2645 460 2721 εὐτρεπίσαι,
497 2646 552 2710 aad
585 2644 668 2730 quod
702 2647 858 2728 reponunt
888 2644 913 2706 εἰ
943 2644 1131 2721 εὐτρεπίσει,
1167 2640 1200 2709 εὖ
1232 2647 1378 2720 ποτίσαι,

188 2751 382 2830 άναρριπῖσαι
405 2750 507 2816 nihilo
529 2753 638 2814 minua
661 2749 798 2815 absurda
819 2754 893 2813 eunt
913 2754 946 2814 et
963 2752 1051 2815 omni
1066 2770 1160 2815 eeneu
1178 2771 1288 2816 vanua.
1320 2751 1380 2817 De-

187 2858 291 2942 posita
312 2862 345 2922 et
367 2855 563 2921 conclamata
585 2855 662 2920 haee
684 2859 773 2932 aunt,

393 2969 421 3026 et
443 2963 522 3047 quod
542 2961 625 3025 videt
640 2960 758 3045 periere
773 2961 927 3044 perditum
950 2961 1050 3025 άαοοο.

235 3172 311 3260 Gap.
336 3171 421 3238 xlv.
446 3172 674 3246 Ἀναισάησίας.

235 3280 305 3346 ὅδὲ
336 3277 518 3353 άναίσάησος
548 3277 680 3350 σοιοῦπάς
710 3301 756 3350 τις
786 3273 843 3352 οἷος
875 3277 1080 3356 λογισάμενος
1103 3288 1174 3352 παῖς
1194 3280 1313 3363 ψάφοις
1338 3320 1380 3331 -

98 3401 111 3413 ”
189 3388 302 3468 eperat
325 3385 376 3450 τὸν
400 3384 655 3464 παρακαθήμενον
680 3384 749 3462 „TI
771 3384 962 3472 γίγνεται”.]
1012 3383 1226 3463 InPariainie
1248 3388 1277 3452 A
1300 3392 1332 3453 at
1355 3387 1382 3452 Β

190 3498 238 3558 eet
268 3488 475 3571 λογισάμενάς
507 3500 579 3557 Tlc
610 3498 681 3562 ταῖς
712 3491 851 3573 ψάφοις,
883 3491 967 3557 unde
998 3490 1131 3578 aolh'gae
1160 3512 1274 3557 verum
1298 3510 1380 3557 esse:

190 3596 395 3678 λογισάμενάς
420 3622 460 3662 πι.

235 3703 316 3769 Ibid.
341 3704 393 3767 καὶ
417 3704 706 3781 άπαγγὲλΛΟνπος
729 3704 813 3782 αὐτῷ
838 3698 884 3789 ὅτι
907 3702 1112 3776 πετελεάτιρκέ
1135 3725 1182 3773 τις
1206 3702 1300 3766 αὐτοῦ
1324 3706 1383 3766 πάν

190 3810 290 3893 Φίλων
312 3808 361 3874 ἵνα
386 3812 603 3889 παραγένηται
627 3808 849 3886 σκυθρωπάσας
873 3808 926 3871 καὶ
946 3807 1101 3885 δακρύσας
1121 3808 1217 3872 εἷπεῒν
1239 3809 1382 3889 ,fitandei

189 3916 314 4001 dadi]
351 3916 533 4003 Ambigunt
554 3915 700 3979 homines
731 3915 815 3979 docti
838 3916 920 3978 sitne
944 3912 1125 3979 addendum
1151 3910 1229 3985 τινάς
1254 3935 1294 3979 an
1320 3935 1382 3978 non

189 4026 232 4089 eit
260 4025 295 4088 in
318 4021 588 4100 άπαγγειλονπος.
636 4020 794 4105 Equidem
826 4021 862 4082 in
883 4024 996 4083 neutra
1017 4017 1120 4084 forma
1142 4039 1277 4106 agnosco
1300 4021 1384 4085 Atti·

189 4150 300 4195 corum
329 4126 607 4203 consuetudinem,
640 4126 756 4211 quibua
785 4126 819 4189 in
843 4123 902 4188 tali
924 4144 958 4188 re
981 4129 1028 4188 eet
1052 4128 1238 4190 consuetum
1261 4125 1381 4190 dicere:

189 4236 473 4314 άπαγγελΘΕνπος
497 4233 581 4313 αὐτῷ
606 4227 652 4297 irs
675 4232 742 4297 κσὲ.
1436 4224 1440 4231 ’

236 4443 312 4531 Oap.
336 4445 406 4510 XV.
432 4444 616 4518 Λύάαδείας.
