3340 5014
292 320 356 384 160
687 331 924 381 oessuvnaroues
946 331 1083 380 celricus

288 506 447 594 scriptore
469 503 549 572 nihil
569 508 658 570 certe
677 522 794 571 causae
817 510 868 569 cst
885 521 945 568 cur
965 500 1139 569 offendaris
1160 506 1484 593 plantaremus

286 608 317 680 ol
335 618 435 679 κιικῶν
457 606 492 687 ἦν
515 618 548 678 et
571 608 684 675 iridem
710 633 741 700 p.
759 613 836 675 575.
854 613 892 674 15
914 603 944 673 ol
963 614 1063 675 sassie
1083 602 1162 683 ἦσαν
1184 607 1348 682 συνιέντες.
1374 609 1483 676 [lonsi-

288 716 364 783 nrlle
386 725 437 782 est
468 739 500 806 p.
522 720 600 783 251.
628 719 667 781 18
690 714 823 797 ἔρχομαι
852 711 957 780 οἶκόνδε
983 717 1023 788 sic
1047 711 1183 795 ἒμοιντόν
1213 724 1245 781 el
1274 737 1306 804 p.
1332 716 1411 783 238.
1438 718 1480 781 tt

285 826 325 896 ola
348 821 443 887 adala
465 822 700 901 μετεπέμπετο.
1449 831 1452 835 ’

331 926 417 995 Satis
447 926 526 993 urihi
552 946 638 992 nunc
671 927 836 1013 aperuisse
867 923 978 992 uideor
1000 944 1098 1012 quum
1123 924 1166 992 sit
1189 923 1292 992 oratio
1317 923 1480 992 Heliodori

285 1031 436 1100 abomni
462 1032 709 1121 pauentium,
744 1040 820 1097 sunt
852 1038 961 1098 tamen
992 1031 1025 1097 in
1063 1032 1135 1098 istis
1165 1030 1314 1097 sordibus
1345 1029 1480 1099 uulnera

285 1158 368 1226 qliae
402 1137 526 1203 librarii
564 1137 767 1216 intulerunt,
804 1156 865 1203 non
904 1137 1006 1204 multa
1037 1136 1168 1224 quidem
1205 1135 1340 1202 tortasse
1375 1156 1480 1223 nequa

284 1263 401 1334 operae
435 1245 577 1334 pretium
609 1252 659 1310 est
689 1241 817 1329 singula
850 1246 946 1310 anxia
978 1263 1056 1311 cura
1087 1242 1223 1319 rimari,
1247 1240 1302 1309 sed
1333 1239 1480 1308 delibabo

284 1368 387 1439 pauca
419 1347 576 1436 quaedam
609 1348 749 1414 maxime
781 1349 920 1435 insignia
944 1358 1041 1436 atque
1066 1346 1248 1428 interdum,
1272 1347 1476 1415 occasionem

284 1463 417 1534 nactus,
441 1453 646 1545 exspatiabor
666 1452 707 1519 ad
728 1452 808 1521 alios
830 1465 939 1522 nostra
961 1475 1040 1523 cura
1053 1463 1085 1522 et
1104 1455 1229 1522 intento
1252 1452 1359 1520 studio
1382 1452 1478 1545 paulo

283 1558 462 1647 digniores,
487 1567 584 1647 qnam
609 1559 780 1647 episcopus
805 1571 914 1628 noster
936 1570 996 1629 est.

295 1708 301 1723 ι
328 1664 512 1733 Absurdum
537 1676 585 1733 est
609 1664 694 1751 quod
718 1664 837 1750 legitur
861 1671 1068 1758 perteue:
1093 1666 1323 1757 Νουκροιπόπεις
1343 1664 1474 1749 ἔμπορος

284 1770 514 1853 ὑπόχρυσος
547 1771 642 1850 όνοριοι
664 1779 863 1850 Ναυσικλῆς,
887 1793 946 1841 nec
980 1771 1110 1841 difficile
1144 1784 1251 1841 tamen
1275 1783 1325 1841 est
1359 1792 1473 1840 uerum

283 1878 439 1947 invenire.
465 1881 508 1944 dc
522 1878 663 1966 prienam
684 1887 817 1965 apparet
829 1878 992 1964 vulgatam
1010 1879 1179 1946 lectionem
1195 1899 1256 1945 noo
1270 1899 1362 1966 posse
1374 1877 1472 1945 terri:

284 1993 357 2049 nota
369 1983 525 2070 adjectiva
539 1991 616 2050 sunt
637 1983 808 2065 ὑπόχρυσος
818 1994 851 2051 et
863 1984 1047 2067 ἐπίχρυσος,
1060 2005 1143 2073 quae
1155 1987 1231 2072 quid
1245 1983 1396 2053 differant
1409 2004 1472 2051 non

283 2108 362 2176 opus
371 2096 422 2155 est
434 2087 552 2154 dicere.
568 2087 760 2155 Rectissime
772 2089 861 2155 Plato
874 2091 907 2156 in
921 2090 1156 2178 llepulrlicalV.
1171 2114 1200 2181 p.
1211 2096 1276 2158 tre
1289 2091 1312 2156 C
1326 2090 1472 2157 homiues

282 2193 395 2262 dividit
429 2197 462 2260 in
498 2194 703 2276 inexplicatas,
735 2195 945 2279 ὑπορχὺρους,
975 2196 1174 2280 ὑποχοὺλκους
1198 2206 1230 2263 et
1254 2197 1470 2279 ὑποσιδῆρονς,

281 2301 338 2386 qui
362 2300 514 2387 deinceps
546 2310 642 2366 eruut
671 2300 833 2383 Φὺλυιιες,
867 2303 1033 2386 ε’πόκουροι,
1066 2303 1240 2386 ὑνριιουρχοὺ
1270 2313 1301 2370 et
1325 2302 1469 2385 χευρχοό.

283 2404 447 2473 Vocantur
491 2406 593 2493 igilur
626 2426 645 2472 a
679 2407 808 2474 Pleione
833 2407 1014 2490 ὑπόχρυσοι,
1049 2429 1187 2496 quorum
1220 2429 1394 2496 generosae
1424 2410 1473 2474 iu·

282 2510 345 2577 doli
372 2513 485 2578 melior
516 2521 632 2578 natura
660 2513 753 2599 quasi
773 2532 889 2580 aurum
910 2514 1096 2581 admiscuit.
1142 2513 1261 2582 Eodem
1288 2513 1355 2581 iere
1377 2511 1470 2579 modo

278 2626 389 2702 poetae
424 2626 457 2685 et
484 2626 643 2696 oratores,
680 2618 799 2704 quibus
828 2619 873 2684 nil
905 2620 979 2686 salit
1008 2621 1097 2687 laeva
1126 2620 1159 2684 iu
1193 2627 1283 2707 parte
1307 2616 1469 2686 maurillae

278 2721 422 2803 ὑπόξυλον
446 2733 619 2798 vocantur,
644 2743 706 2810 qua
730 2723 819 2792 dere
840 2734 950 2790 notum
976 2735 1026 2792 est
1045 2724 1123 2812 quid
1148 2724 1315 2812 scripserit
1330 2722 1468 2811 Phryni-

277 2827 376 2908 chus,
411 2831 506 2895 cuius
538 2828 643 2894 locum
674 2831 856 2896 examinavi
900 2831 933 2896 in
966 2829 1204 2917 Prolegoruenis
1239 2829 1280 2898 ad
1315 2830 1469 2896 Plrotium

278 2957 309 3024 p.
323 2939 377 3001 26.
404 2935 535 3024 Proprie
556 2932 704 3012 ὑπόξυλον
726 2944 774 3001 est
792 2937 827 3003 ἕν
852 2935 947 3013 ξύλου
970 2941 1076 3011 σκεὺος
1096 2932 1117 3020 ᾧ
1138 2938 1287 3013 ἐπιπολῆς
1312 2937 1470 3013 όλὺλοιποιο

277 3039 416 3122 ἄργυρος.
465 3040 547 3107 Hinc
572 3039 789 3129 irretaplrorice
812 3042 933 3108 elicitur
954 3042 1004 3108 ἐπὶ
1029 3048 1181 3122 λοιμπρὺν
1203 3045 1261 3120 μὲν
1284 3040 1391 3118 ἓξονόεν
1416 3043 1469 3107 ascl

277 3148 433 3221 ἐπιεικῶν,
466 3153 596 3227 ποννρὺν
624 3146 656 3211 δὲ
691 3146 734 3213 τοὶ
765 3147 857 3215 ἔνδον.
907 3149 967 3229 Qui
1000 3147 1145 3227 ὑπόξυλοι
1169 3154 1245 3213 sunt
1270 3147 1366 3213 iidem
1392 3155 1471 3213 sunt

275 3251 441 3335 όπόρχυροι
462 3252 509 3318 rel
533 3252 702 3334 ἐπόχρυσοι.
750 3252 836 3318 Nilril
856 3255 979 3320 erravit
994 3252 1200 3331 Heliodorus,
1221 3273 1322 3340 quum
1346 3275 1376 3342 p.
1391 3256 1468 3319 271.

278 3363 321 3425 46
345 3357 541 3424 describeret
565 3355 658 3423 ἵππον
680 3360 930 3439 προμετωπιδίοις
954 3361 1096 3441 ἀργυροῖς
1119 3360 1172 3426 κυνὶ
1196 3358 1372 3440 ἐπιχρύσοις
1400 3357 1469 3437 din·

277 3464 442 3544 σκιρμένιιν.
490 3463 597 3528 Gorrtu
618 3462 707 3530 bovis
728 3465 894 3546 ἐπίχρυσον
916 3473 966 3533 est
990 3488 1021 3556 p.
1040 3469 1119 3532 270.
1146 3467 1205 3542 32,
1230 3460 1323 3530 ὅπλον
1344 3487 1375 3553 p.
1389 3468 1467 3531 380.

282 3576 318 3645 1,
339 3567 426 3646 τόξον
450 3590 481 3657 p.
498 3572 608 3634 273.3
630 3578 662 3635 et
686 3579 819 3656 apparet
843 3569 1028 3638 Charicleae
1051 3590 1163 3637 arcum
1189 3568 1288 3637 luisse
1313 3568 1409 3636 simul
1437 3578 1470 3637 et

278 3677 441 3757 ἐπίχρυσον
466 3682 497 3739 et
522 3672 680 3751 ὑπόξυλον.
729 3674 888 3741 Laudatas
920 3677 1011 3742 video
1041 3678 1073 3742 in
1094 3674 1248 3763 Stephani
1269 3674 1470 3742 Thesauros

279 3778 412 3846 Philone
434 3777 627 3860 ὑπορχὺρους
659 3780 711 3846 sai
745 3781 936 3863 ὑποχρὺσουρ
968 3780 1070 3858 όεοὺς,
1100 3801 1180 3868 qrros
1204 3782 1393 3865 ε’ποιρχὺρους
1416 3784 1470 3850 sal

278 3884 461 3967 όπιχρὺσους
493 3883 592 3950 luisse
623 3884 773 3971 conjicio.
823 3885 885 3952 Sed
909 3885 1024 3953 horum
1050 3888 1195 3953 omnium
1221 3887 1301 3954 uiuit
1326 3889 1412 3955 eadit
1438 3889 1469 3955 iu

281 3993 398 4058 bouum
427 3989 626 4057 Nausiolem:
660 4012 763 4079 oeque
787 4001 856 4059 erat
881 3993 1052 4077 ὑπόχρυσος
1079 3992 1258 4061 secundnm
1285 3993 1468 4070 Platonem,

281 4116 385 4182 neque
407 4096 591 4178 ὑπόχρυσος,
612 4097 709 4163 sicuti
740 4096 897 4185 quaedam
921 4097 1220 4177 deorumstatuae,
1242 4118 1324 4186 quac
1344 4097 1470 4180 όλόχρυ-

280 4224 326 4268 σοι
352 4220 414 4266 uon
439 4209 516 4266 sunt
537 4201 584 4267 rel
605 4206 811 4287 σφυρήλατον.
849 4203 911 4270 Sed
935 4203 1012 4291 quid
1033 4224 1123 4272 cesso
1143 4220 1250 4270 reram
1273 4203 1470 4289 scripturam

282 4305 453 4392 promere?
490 4304 655 4373 Nausicles
682 4319 841 4374 rnercator
871 4309 934 4375 iuit
962 4310 1223 4391 πολύχρυσος.
1269 4306 1336 4374 Νοιι
1372 4309 1471 4374 miror

281 4431 404 4478 errasse
428 4410 592 4479 librarios:
617 4412 692 4480 olim
717 4434 844 4502 quoquc
871 4425 1019 4482 errarunt
1044 4439 1075 4505 p.
1096 4420 1174 4484 2⁷0.
1193 4417 1253 4491 52,
1277 4412 1360 4500 quod
1385 4432 1472 4482 nunc
