3296 5022
617 343 660 392 in
685 340 950 391 rnrnrmusrnn.
1339 318 1381 384 57

192 515 361 582 διακεῖσθαι
390 515 520 602 perinde
551 518 599 577 est
629 534 729 576 οοινια
758 514 866 577 labne
893 521 925 579 et
957 534 1058 577 οοπιοιπ
1087 533 1157 575 ecee.
1204 510 1380 598 Xenophon

192 623 288 686 Ααοό.
312 621 354 686 Π.
380 619 410 684 5.
435 617 489 685 27.
514 619 528 683 ό
552 617 713 697 Κλέαρχος
737 617 825 692 δῆλος
849 614 1141 699 >incolumitatis
1165 617 1296 693 οἰόμενος
1316 617 1379 682 δια·

192 727 308 792 κεῖσόαι
332 728 374 805 τῷ
395 723 604 807 Τισσαφέρνη.
628 721 712 807 quod
730 728 778 787 eet
797 722 879 787 ποόνυ
895 724 1073 805 φιλεῖσθαι,
1097 743 1160 787 non
1178 727 1293 802 φιλεῖν.
1328 720 1381 786 Sic

191 836 224 895 et
255 829 379 910 οόλαζόν
412 837 518 895 noster
551 848 584 893 se
616 826 795 891 Alexandro
827 831 968 893 amicum
997 848 1033 893 ec
1061 826 1253 892 familiarem
1284 827 1382 892 fuisse

191 936 340 1001 iactabat.

236 1143 318 1209 Ibid.
342 1144 394 1209 καὶ
418 1147 525 1207 ταῦτα
548 1148 742 1223 ψνφῆσαι
765 1142 902 1220 οὐδαμοῦ
925 1144 960 1207 εἰι
979 1150 1035 1217 τῆς
1052 1140 1169 1214 πόλεως
1186 1142 1379 1217 οῖποδεδνμνι-

191 1248 276 1335 κόι.]
326 1248 417 1329 Quod
445 1249 529 1313 mihi
556 1250 591 1312 in
620 1252 763 1312 mentem
791 1252 921 1314 venerat
953 1251 1117 1330 ψοφῆοαι,
1151 1247 1238 1312 idem
1261 1246 1380 1313 Orellio

190 1352 345 1439 placuisse
373 1354 475 1419 video.
523 1351 652 1438 Optime
681 1351 783 1433 ψόφος
815 1358 847 1418 et
877 1358 992 1434 ψοφεῖν
1023 1353 1062 1418 de
1091 1354 1178 1417 innui
1208 1352 1378 1418 verborum

191 1458 305 1524 tinnitu
328 1460 474 1543 usurpari
497 1456 586 1522 solet.
632 1455 743 1522 Alexis
765 1458 921 1523 Athenaei
942 1479 1017 1544 pag.
1042 1456 1117 1522 336.
1142 1475 1175 1523 n.

394 1563 502 1642 οῖρεταδ
527 1562 558 1627 δὲ
581 1562 748 1641 πρεσβεῖαί
770 1563 879 1628 τεκαὶ
905 1564 1073 1641 ςρατηγόαι

397 1667 508 1743 οιόμποι
533 1667 609 1731 κενοὶ
632 1671 785 1746 ψοφοῦσιν
807 1668 876 1732 ἄντ’
897 1669 1050 1732 όνειοότοον.

105 1852 116 1873 .
193 1773 231 1838 dc
254 1774 384 1838 caeteris
407 1774 543 1857 optime,
568 1772 623 1837 sed
644 1775 770 1852 οῖρεταῖι
793 1773 870 1858 quid
891 1773 945 1837 hic
967 1769 1110 1860 negotii?
1139 1772 1311 1858 Reperernt
1334 1779 1380 1837 tn-

191 1897 267 1942 men
299 1897 412 1942 vernm
443 1875 609 1943 Jacobsins
641 1883 803 1955 'APxAi,¹
832 1878 887 1944 sed
920 1880 1087 1963 spernitur.
1146 1876 1231 1942 'an
1264 1898 1381 1963 repone

193 1980 338 2059 οῦδαμΟΙ
363 2018 405 2032 -
429 1981 677 2059 ἄποδεδημνκώς.

239 2191 321 2259 Ibid.
344 2191 398 2258 ιιαδ
421 2191 574 2269 διδομένης
594 2192 677 2273 αὐτῷ
697 2188 862 2270 ἐξαγωγῆς
882 2189 981 2263 ξύλων
1001 2194 1131 2266 οῦτελοῦς
1151 2188 1198 2257 ὅτι
1214 2194 1380 2274 οῖπεόρνται

193 2291 274 2370 όποος
296 2297 370 2374 μηδ’
393 2299 449 2380 ὑφ’
473 2298 534 2367 ἑνός
557 2299 795 2380 σνκοφοοντηόῇ·
829 2345 846 2374 ,,
854 2296 1019 2377 περαιτέρω
1042 2302 1227 2380 φιλοσοφεῖν
1250 2306 1381 2378 προσῆκε

193 2400 410 2491 Μακεδόσιν”.]
443 2401 519 2468 Sine
540 2404 753 2470 controversis
774 2402 962 2468 mendosum
984 2408 1033 2468 est
1054 2403 1229 2483 οὶπεόρνται.
1265 2404 1382 2489 Requi·

193 2509 237 2572 rit
258 2510 415 2573 sententie
444 2507 566 2593 aliquid
595 2508 678 2592 quod
708 2514 814 2573 noster
844 2497 968 2587 οόλοιζιόν
999 2528 1032 2572 se
1055 2508 1172 2572 dixisse
1194 2515 1250 2572 ent
1272 2509 1383 2574 fecisse

193 2612 326 2689 dixerit,
353 2633 454 2698 quum
477 2616 507 2678 ei
529 2611 678 2690 όξανογῖι
701 2611 800 2688 ξύλον
822 2615 939 2687 sirecte
965 2611 1016 2699 (ex
1038 2611 1238 2692 Macedonia)
1261 2611 1383 2677 offerre-

194 2723 256 2782 tur.
287 2719 332 2782 At
352 2717 435 2783 nihil
458 2716 546 2783 eliud
567 2720 674 2801 potuit
696 2718 830 2794 dixisse,
854 2738 951 2801 quem
972 2738 1005 2782 se
1027 2716 1061 2781 id
1083 2732 1276 2793 nncnsussn,
1301 2713 1379 2788 ὅπως

193 2821 266 2898 μηδ’
290 2821 345 2903 ὑφ’
368 2822 429 2894 ἑνὸς
454 2823 681 2903 σονοφαντηόῦ.
727 2821 837 2907 ltaque
858 2825 893 2887 in
914 2826 1044 2907 promtu
1066 2827 1114 2887 ent
1144 2818 1190 2886 ὅτι
1215 2824 1382 2897 ἆπΗΡΝνρ·

192 2949 256 2991 τοιι.
302 2926 421 3012 Lepide
443 2927 554 2992 Alexis
577 2928 661 3011 epud
682 2926 798 2992 Athen.
822 2948 852 3012 p.
877 2925 953 2991 241.
974 2926 1064 2991 ned
1085 2945 1214 2993 coenam
1233 2932 1383 2992 vocatum

192 3032 332 3116 aliquem
354 3033 479 3099 inducit
502 3035 548 3098 ite
570 3031 778 3117 loquentem:

107 3140 110 3143 ’
775 3138 849 3200 ἀλλ’
873 3138 1064 3219 αἰσχύνομαι

416 3244 468 3307 τὸν
493 3239 618 3322 Κόρυδον
641 3242 666 3306 ri
690 3239 765 3317 δόξα
789 3246 953 3323 σοναριςοῦν
977 3266 1055 3308 τισιν

418 3344 495 3411 οῦτιο
519 3346 705 3427 προχείρως·
728 3350 782 3413 οῦκ
805 3349 1001 3426 ἀπαρνοῦμαι
1025 3348 1051 3413 δ’
1075 3345 1175 3425 ἔμοι,

418 3450 484 3515 οὐδὲ
507 3451 571 3530 etp
595 3450 704 3523 ἐκεῖνος
729 3449 767 3516 όιν
789 3461 872 3532 καλῇ
895 3473 954 3524 τις.

238 3555 359 3620 Deinde
381 3554 632 3640 Theophrastus,
664 3562 702 3621 ut
724 3555 821 3634 solet,
852 3564 980 3642 repente
1002 3558 1042 3622 ed
1064 3563 1184 3623 rectnm
1207 3561 1380 3623 cretionem

192 3663 328 3725 transitu
357 3660 440 3725 facto
470 3662 576 3745 ipsum
602 3661 766 3726 hominem
788 3661 912 3727 inducit
936 3665 983 3726 ita
1006 3663 1182 3727 dicentem:
1216 3662 1379 3742 περαιτέρω

192 3770 375 3847 φιλοσοφεῖν
398 3766 555 3845 τροσῦκΕΙ
581 3766 655 3852 (nnn
677 3769 820 3854 προσῆκε)
846 3767 1044 3844 Μακεδόσιν,
1077 3767 1181 3831 idest
1204 3768 1382 3845 ‚,sollcrtc'ns

191 3870 312 3955 aliquid
330 3870 509 3935 Macedcncc
538 3871 702 3952 οοοορόόοπο
728 3872 864 3949 εἰρύσαθ’,
900 3877 937 3937 nt
958 3893 1011 3937 me
1032 3875 1068 3936 in
1090 3893 1163 3942 suns
1185 3878 1289 3958 partes
1312 3893 1380 3956 per-

190 3975 317 4041 trahant
339 3973 468 4041 scilicet.
570 4032 571 4035 ,

235 4185 316 4251 Ibid.
348 4186 400 4251 uel
433 4187 462 4249 ἐν
493 4195 532 4267 τῇ
562 4186 695 4270 σιτοδεόρι
727 4188 758 4253 δὲ
781 4190 819 4260 ῦς
844 4190 939 4254 πλείω
965 4189 981 4265 ἦ
1006 4190 1098 4256 πέντε
1121 4191 1267 4257 τοόλαντα
1292 4192 1377 4271 αὐτῷ

190 4289 307 4369 γένοιτο
330 4292 372 4354 τοὶ
396 4290 598 4356 οῖναλώΜΛΤ
601 4302 629 4357 A
653 4292 762 4359 διδόντι
794 4304 858 4365 τοῖς
888 4294 1010 4375 οῦπόροις
1034 4304 1091 4360 τῶν
1124 4304 1272 4371 πολιτῶν,
1303 4300 1376 4363 οὶνοι-

190 4394 283 4462 νεῦειν
305 4396 368 4477 γόορ
391 4398 424 4461 οῦ
443 4395 614 4483 δύνασθαι]
640 4396 850 4465 scribendum
873 4401 1023 4479 arbitror,
1047 4405 1137 4468 utin
1158 4402 1216 4468 tali
1239 4426 1273 4469 re
1295 4424 1377 4469 esso·
