3254 5034
227 331 267 396 t0
718 348 919 397 misereamur

218 519 283 586 roba
310 520 405 600 δόξαισ
429 503 741 600 tentationem.
792 521 916 588 Diserte
940 543 968 596 m
989 521 1147 607 scriplum
1173 541 1242 589 esse
1265 527 1342 599 etr
1374 528 1411 587 ut

220 627 469 712 expungendum
492 635 611 715 puncto
633 636 778 693 notatum
802 626 878 692 ridi.
908 626 1018 712 itaque
1038 625 1243 707 desevirem
1262 630 1325 695 iarn
1348 647 1410 693 non

221 741 267 797 est
295 751 365 797 nrea
389 735 548 819 suspicio,
582 732 636 799 sed
671 735 766 799 unius
790 732 936 800 ornrtium
969 732 1082 819 optimi
1110 730 1236 798 Codicis
1267 740 1412 800 certast

220 834 382 922 explorata
404 839 508 905 lectio.
535 837 671 905 Admitti
691 859 767 925 ergo
786 858 889 912 nuuc.
909 857 1022 924 spero,
1040 837 1167 925 poterit.
1192 836 1282 918 Quod
1300 844 1409 904 auteur

221 941 400 1028 Madvigius
424 943 446 1010 l.
467 943 489 1010 l.
512 943 627 1010 bellum
650 963 776 1011 meeum
799 944 945 1010 homines
968 942 1122 1029 quosdam
1144 940 1274 1023 doctos,
1300 943 1354 1030 qui
1377 943 1410 1007 in

221 1045 393 1115 Germania
415 1059 508 1126 sunt,
528 1069 642 1135 gerere
661 1058 791 1125 narrat,
815 1050 854 1115 de
873 1069 910 1115 eo
930 1048 1006 1136 quid
1028 1047 1134 1115 diearn
1158 1050 1276 1115 nescio.
1313 1049 1408 1135 liqui·

222 1151 388 1220 demeum
415 1156 580 1221 erroribus
599 1166 632 1222 et
652 1156 757 1229 vitiis,
780 1175 839 1220 non
862 1174 937 1220 curn
960 1153 1161 1231 bominibus,
1183 1174 1259 1240 gero
1281 1153 1409 1220 bellum.

222 1256 256 1323 Si
281 1260 354 1344 quis
378 1280 429 1326 mc
452 1270 613 1327 errantem
640 1261 749 1337 docte,
781 1269 874 1325 acute
899 1268 930 1324 et
959 1259 1124 1341 ingeniose
1148 1258 1281 1336 refellit,
1313 1258 1409 1324 etiam

222 1363 251 1429 si
277 1363 381 1449 paullo
403 1367 514 1433 acrius
537 1377 566 1431 ot
589 1367 736 1454 asperius
757 1384 883 1431 rnecnm
906 1366 990 1449 agit,
1013 1372 1137 1429 tantum
1164 1364 1254 1429 abest
1276 1372 1309 1427 ut
1331 1363 1411 1429 mibi

222 1469 305 1534 iram
335 1481 477 1553 nroreat,
511 1483 546 1537 ut
577 1471 807 1559 comprobem
843 1470 946 1554 tnagis
972 1479 1004 1535 et
1028 1469 1158 1554 diligam
1193 1478 1224 1535 et
1258 1467 1410 1534 admirer.

223 1571 297 1640 Scio
328 1596 378 1642 me
401 1598 527 1664 quoque
555 1598 625 1645 esse
653 1580 684 1643 in
719 1575 979 1664 reprehendendo
1011 1574 1118 1662 paullo
1150 1574 1329 1648 acriorem,
1355 1572 1411 1640 sed

223 1679 255 1745 id
277 1701 328 1749 me
347 1683 483 1751 candide
503 1685 586 1751 citra
611 1684 764 1750 insidiam
784 1693 817 1749 et
837 1680 946 1748 odium
969 1680 1073 1746 lacere
1093 1690 1125 1746 et
1147 1698 1275 1765 semper
1294 1678 1409 1746 iecisse

225 1785 284 1853 boe
307 1808 434 1875 quoque
458 1793 535 1856 seio.
584 1789 616 1855 st
640 1791 713 1876 quis
736 1798 848 1854 eontra
875 1786 1055 1874 petulanter
1079 1795 1110 1853 et
1132 1795 1280 1873 proterve
1305 1785 1337 1850 io
1360 1803 1413 1851 me

223 1894 361 1974 arietat,
398 1915 437 1960 ne
468 1895 496 1960 is
520 1894 649 1982 quidem
684 1895 763 1960 nribi
797 1896 877 1960 iram
906 1900 1010 1959 moret
1042 1891 1096 1957 sed
1129 1893 1251 1968 risum,
1282 1899 1314 1956 et
1340 1909 1413 1957 mox

224 1994 405 2067 obliviscor.
446 2000 555 2087 Neque
575 2021 634 2087 ego
657 2000 797 2066 arbitror
815 1999 957 2065 cordatis
980 1998 1011 2063 in
1034 1998 1204 2064 Germania
1231 1996 1414 2063 bominibus

226 2102 323 2169 istam
345 2107 527 2187 μειρακιώδη
553 2105 762 2193 petulantiam
788 2104 851 2172 ullo
875 2103 969 2170 modo
990 2101 1126 2190 placere.
1175 2102 1214 2169 Ut
1239 2102 1337 2169 semel
1361 2100 1413 2168 de·

225 2207 343 2294 iungar
365 2212 624 2279 commemorabo
648 2232 768 2286 unum,
794 2209 879 2296 quod
905 2209 984 2275 mibi
1015 2218 1089 2275 ante
1115 2208 1172 2274 bos
1203 2228 1321 2296 paucos
1345 2207 1414 2274 dies

226 2310 367 2381 oblatum
392 2326 453 2384 est.
504 2317 538 2384 ln
565 2316 777 2404 prerneride
801 2314 1015 2401 Philologiea,
1049 2315 1102 2381 eui
1127 2334 1242 2380 nomen
1269 2313 1414 2380 Pbidolo·

225 2418 350 2505 piselrer
372 2424 549 2511 elrrreiper⁹
584 2422 679 2491 bomo
702 2422 816 2489 doetus
841 2443 880 2488 ne
904 2424 1033 2487 nomine
1056 2420 1185 2506 quidem
1214 2419 1292 2485 uribi
1319 2428 1414 2486 notus

226 2523 266 2591 de
286 2524 551 2596 Sotnmerbrodtii
575 2530 743 2596 brteianeis
763 2528 920 2595 iodicium
942 2526 1048 2594 [erens
1072 2546 1144 2615 pag.
1160 2530 1223 2592 rut
1237 2524 1277 2592 de
1305 2544 1357 2592 me
1376 2543 1414 2591 ea

224 2631 307 2696 dixit
329 2653 411 2719 quae
436 2635 518 2701 inlra
543 2639 664 2724 scripta
689 2637 816 2724 saw).

270 2736 425 2825 Lepidum
450 2740 634 2821 bominem,
653 2742 772 2808 dixerit
794 2739 929 2826 aliquis:
949 2738 1034 2826 quod
1055 2758 1166 2804 omnes
1188 2738 1219 2802 in
1241 2735 1414 2803 Germania

227 2841 402 2930 philologos
415 2845 536 2913 dudum
552 2849 648 2935 probe
661 2848 745 2914 scire
759 2854 869 2911 narrat
884 2865 986 2931 neque
1000 2854 1030 2910 te
1043 2843 1173 2909 doctore
1185 2849 1243 2908 aut
1257 2843 1414 2908 monitore

226 2948 391 3035 indigere,
417 2951 447 3018 id
474 2954 577 3040 ipsum
605 2953 789 3042 popularem
815 2970 910 3017 sumn
940 2951 1089 3038 queritur
1118 2949 1242 3016 nescire
1262 2956 1295 3014 et
1315 2947 1414 3012 libros

227 3052 321 3122 affert
348 3057 431 3124 unde
454 3059 568 3126 diseat.
616 3060 817 3145 Quamquam
841 3056 872 3121 id
895 3057 1018 3122 nescire
1043 3074 1104 3120 non
1131 3055 1254 3140 potuit,
1277 3069 1414 3137 natoque

228 3158 258 3226 id
284 3170 320 3228 tu
339 3183 413 3230 eum
435 3164 546 3231 sedulo
569 3175 601 3231 et
626 3166 736 3232 miritis
758 3162 912 3250 exemplis
933 3160 1084 3227 docuisti.
1121 3160 1270 3226 Fortasse
1293 3157 1414 3223 oblitus

226 3274 285 3332 est.
313 3267 416 3336 Simul
430 3270 569 3337 docuisti
584 3272 725 3338 Platonis
738 3271 842 3336 locum
855 3275 1045 3354 corruptum
1060 3286 1077 3332 e
1092 3265 1232 3331 buriano
1249 3262 1414 3330 emendari

225 3383 391 3459 oportere,
424 3386 458 3443 at
489 3376 541 3442 ille
572 3388 684 3444 eontra
717 3376 851 3442 buciaui
885 3373 990 3440 locum
1027 3374 1189 3458 integrum
1221 3390 1259 3437 ex
1285 3369 1415 3437 Platone

227 3481 382 3566 corrupit.
419 3481 568 3550 Fortasse
597 3503 659 3549 nou
692 3480 859 3548 intellexit.
896 3477 922 3546 0
950 3477 1102 3543 indociles
1125 3476 1300 3563 discipulos
1326 3472 1413 3541 tuosl

228 3581 289 3649 Sed
314 3595 405 3651 extra
437 3587 554 3656 iocum.
603 3588 682 3670 Quis
705 3596 755 3654 est
786 3588 818 3651 in
851 3585 1022 3652 Germania
1050 3581 1156 3672 paullo
1188 3581 1360 3649 humanior
1382 3586 1415 3647 et

228 3687 382 3756 urbanior
406 3690 520 3773 bomo,
546 3695 601 3780 qui
628 3693 723 3760 talem
747 3689 975 3758 adolescentuli
999 3689 1242 3777 protervitatem
1269 3707 1331 3753 noo
1357 3687 1415 3753 im·

224 3826 418 3843 -——

265 3896 290 3957 t)
309 3894 365 3946 »De
381 3895 470 3947 Saitae.
488 3902 518 3947 st
539 3894 629 3966 ὥσπερ
645 3897 674 3947 dr
691 3896 838 3965 κατόπτρῳ
854 3896 893 3964 τῷ
910 3894 1020 3964 ὀρχηςῇ.
1047 3895 1102 3945 Vor
1120 3893 1159 3961 τῷ
1175 3892 1272 3945 ecbiebt
1290 3889 1417 3943 Gemmar-

234 3974 306 4025 [Μ
323 3991 346 4041 Ρ·
365 3983 411 4030 100
432 3979 473 4029 ein
494 3978 523 4028 tr
541 3982 596 4041 eim
619 3995 701 4047 gagen
725 3982 799 4031 einen
816 3980 1003 4030 leotstelrenden
1027 3975 1242 4043 spraebgebraueb
1264 3974 1291 4024 in
1314 3972 1417 4023 soleben

229 4057 454 4124 rergleiehnngen.
473 4062 521 4112 den
543 4063 645 4127 Kriiger
667 4062 780 4127 Sprachl.
800 4064 846 4121 lle,
867 4067 882 4112 8
905 4077 946 4111 am
964 4066 1118 4125 paneraston
1136 4057 1261 4109 formulirt
1277 4056 1329 4111 bat.
1361 4052 1419 4103 Bei-
1462 4078 1468 4087 ·

229 4137 307 4201 epicla
326 4139 395 4202 gleba
409 4142 558 4207 Bernhardy
575 4144 652 4195 Wiss.
672 4143 746 4208 Sym.
760 4160 783 4209 p.
794 4148 843 4194 rot
860 4142 892 4193 F.
910 4159 935 4193 u.
953 4159 989 4203 a.;
1007 4142 1070 4192 auch
1088 4142 1168 4192 Cobet
1185 4140 1218 4188 V.
1236 4138 1267 4187 L.
1288 4137 1418 4186 lbb-lbb

228 4220 299 4271 redet
312 4235 362 4271 ron
377 4222 473 4274 dieram
496 4224 716 4291 Spraehgebrauch
730 4227 756 4276 in
770 4227 853 4276 seioer
869 4233 924 4286 art,
941 4226 967 4275 d.
984 4224 1009 4275 b.
1027 4224 1075 4273 mit
1089 4224 1160 4273 einer
1173 4221 1271 4279 mione,
1286 4218 1325 4269 als
1341 4219 1374 4268 ob
1391 4231 1420 4267 er

229 4317 279 4354 ron
297 4303 342 4353 der
359 4305 502 4370 rorselmng
517 4307 693 4359 madrbclrlieh
711 4308 809 4359 bestollt
825 4307 875 4368 sei,
897 4323 942 4358 um
960 4308 1021 4356 iiber
1043 4305 1111 4354 diosc
1127 4303 1180 4353 und
1197 4318 1225 4351 ro
1244 4300 1311 4352 riola
1328 4300 1418 4359 andra,

229 4383 301 4434 nieht
314 4386 377 4436 eben
391 4388 554 4440 unbekannte
567 4389 658 4439 sochen
674 4390 715 4440 die
729 4388 798 4444 Welt
811 4388 865 4439 und
878 4391 913 4446 im
928 4388 1083 4440 besonderen
1091 4387 1132 4436 die
1143 4386 1263 4435 duramen
1275 4381 1420 4435 Deutsohen

228 4480 287 4516 rum
304 4474 405 4520 ematen
422 4471 473 4523 mal
490 4486 522 4522 au
539 4468 686 4523 balearem·
