3388 5010
278 335 344 398 210
773 345 973 393 ιιιευιιιιιιιει

327 520 401 604 Peg.
427 523 503 586 491.
552 513 724 592 σνγγνυςοί
757 515 813 593 μέν
837 511 886 582 οὖν
913 522 968 592 τῆς
991 516 1178 598 φιλοτιμίαις
1201 522 1257 592 τῆς
1280 517 1469 600 ἀνθρωπείας

280 626 402 711 Φύσεως
422 627 457 692 τό
477 623 642 708 φιλότιμον
662 621 784 702 erroro
803 621 1039 703 ἨΓΟΤμένκς,
1059 623 1216 704 μεμπτέον
1235 623 1267 690 δέ
1287 624 1470 705 τῶνλόγυν.

283 732 384 800 Scosu
412 750 547 797 vacuom
574 736 623 794 est
648 727 828 807 ἡγουμένης.
877 728 978 795 Habet
1001 729 1061 796 hoc
1087 738 1201 796 notura
1227 728 1367 797 humana
1394 732 1470 821 (ooo

280 838 453 904 arbitratur
483 835 560 924 esso)
593 831 675 920 quod
710 833 847 899 Pericles
880 834 960 900 dicit
992 834 1075 920 apud
1108 833 1253 924 Thucyd.
1278 834 1317 902 11.
1350 842 1404 903 44.
1428 839 1470 904 τό

281 943 343 1026 γθιρ
368 941 594 1026 Φιλότιμον
618 941 776 1020 θγθριιν
798 937 887 1019 μόνον
911 941 963 1006 καί
987 942 1040 1006 rix
1064 942 1094 1006 ἐν
1117 943 1159 1023 τῷ
1183 941 1300 1026 ἀχρείῳ
1323 949 1379 1017 τῆς
1404 946 1469 1021 ἧλι·

281 1050 350 1123 κίας
373 1051 408 1116 τό
430 1048 609 1129 κερδαίνειν,
637 1043 737 1126 ὥσπερ
760 1046 838 1121 τινές
861 1053 961 1129 φατι,
986 1052 1111 1126 μᾶλλον
1134 1046 1238 1130 τέρπει
1258 1049 1347 1116 ἄλλα
1366 1048 1404 1117 τό
1426 1075 1471 1118 τι·

281 1158 413 1233 μασθαι.
462 1154 574 1240 ltaque
596 1150 804 1219 scribendum
829 1144 951 1234 θγθριιν
973 1154 1221 1234 ΚΘΚΤΗμέννς.

328 1368 405 1453 eng.
433 1370 509 1435 493.
542 1366 556 1431 ό
588 1366 619 1431 δέ
643 1363 849 1448 Ἐπιτάφιος,
878 1361 909 1432 δν
933 1365 1051 1442 διῆλθεν
1073 1365 1232 1444 Ἀθθννσιν
1258 1365 1285 1454 (θ
1307 1368 1471 1457 Γοργίας),

281 1474 398 1556 είρηται
422 1473 473 1538 ἐπί
497 1481 560 1546 τοῖς
585 1474 619 1538 ὲκ
639 1477 697 1537 τῶν
717 1471 860 1551 πολέμων
883 1468 1073 1560 [πετοθσιν],
1098 1469 1146 1546 οὓς
1167 1475 1320 1548 Ἀθηναῖοι
1338 1474 1472 1560 δνμισίμ

280 1579 335 1657 ξὺν
359 1581 492 1653 ἐπαίνοις
517 1578 648 1657 ἔθαψαν.
698 1576 780 1644 Cum
806 1576 857 1641 his
880 1578 1091 1664 componendi
1118 1587 1194 1644 sum
1219 1590 1286 1647 tres
1310 1579 1364 1646 aiii
1386 1581 1471 1667 apud

283 1684 513 1752 Phiiosrromm
541 1685 617 1750 loci:
644 1705 674 1769 p.
702 1687 779 1749 644.
804 1684 909 1766 έτθφν
929 1686 960 1749 έν
980 1686 1211 1770 τῇἋκαδιςμίςι
1226 1686 1337 1770 (scrib.
1351 1688 1472 1778 μείς),

282 1789 316 1858 οὗ
343 1794 441 1868 τίθνσι
471 1794 522 1858 τθν
554 1793 662 1871 dyona
691 1789 743 1854 ἐπὶ
766 1796 829 1862 τοῖς
854 1791 889 1854 ἐκ
912 1797 971 1856 τῶν
993 1789 1136 1872 πολέμων
1158 1791 1356 1871 θαπτομένοις
1381 1794 1395 1859 ό
1419 1818 1471 1860 πο·

281 1899 453 1980 λέμαρχος.
487 1919 517 1983 p.
544 1902 620 1963 604.
645 1902 747 1961 κεῖται
770 1896 833 1979 γθιρ
857 1896 929 1976 πρὸς
952 1904 1016 1970 τοῖς
1041 1898 1075 1962 ἐκ
1094 1905 1152 1964 τῶν
1171 1896 1314 1976 πολέμων
1333 1900 1363 1963 έν
1385 1897 1472 1985 δεξιᾷ

281 2013 336 2081 τῆς
361 2004 591 2081 Ἀκαδνμίανδε
616 2001 727 2086 (scrib.
748 2001 902 2090 -μείανδε)
924 2001 1069 2081 καθόδου,
1093 2012 1125 2069 οἱ
1139 2006 1170 2069 in
1187 2002 1327 2070 Heroicis
1347 2024 1378 2090 p.
1395 2009 1471 2071 721.

282 2110 455 2183 Μενεσθεὺς
480 2110 527 2173 έπ’
552 2108 636 2188 αὐτῷ
661 2107 753 2185 λόγον
776 2107 957 2187 θγόρευσεν,
989 2104 1010 2191 ᾧ
1036 2108 1186 2192 νομίζουσι
1210 2114 1307 2189 τιμῖεν
1329 2110 1470 2188 ’Λθθνκσι

283 2217 352 2288 τοὺς
381 2218 414 2281 ἐκ
447 2223 505 2280 τῶν
528 2213 733 2292 πολεμίων
757 2215 1023 2290 τελευτήσαντας.
1073 2213 1212 2281 Habebis
1235 2216 1343 2281 omnia
1365 2236 1472 2284 enien-

284 2321 381 2389 daodi
412 2320 555 2387 subsidia
587 2327 619 2386 et
650 2318 835 2384 adiumento
871 2320 897 2385 si
929 2340 1004 2386 oum
1037 2320 1087 2386 his
1115 2320 1195 2387 duos
1218 2341 1256 2388 ex
1283 2322 1472 2411 Thucydide

283 2427 369 2495 iocos
401 2425 638 2513 comparaveris
670 2425 709 2491 ΙΙ.
734 2431 788 2491 54.
820 2425 954 2492 τιθέασιν
977 2421 1026 2492 οὖν
1050 2428 1080 2502 ἐς
1104 2427 1139 2494 πθ
1164 2427 1306 2508 δημόσιον
1329 2437 1473 2509 σῆμα-

282 2535 335 2601 καί
360 2534 408 2601 θεί
434 2537 464 2600 ἐν
488 2536 573 2616 αὐτῷ
597 2530 746 2598 θοίπτυυσι
770 2532 840 2605 τοὺς
865 2534 900 2597 ἐκ
926 2539 984 2599 τῶν
1010 2533 1213 2615 πολέμιον,
1245 2542 1277 2602 et
1300 2534 1342 2601 ll.
1368 2541 1422 2602 35.
1445 2537 1471 2603 οί

282 2642 340 2722 μέν
369 2641 477 2708 πολλοὶ
507 2647 565 2707 τῶν
596 2638 701 2705 ένθοίδε
723 2639 960 2721 circumrecidit
984 2642 1142 2706 ἐπαινοῦσι
1163 2646 1214 2707 τόν
1238 2642 1406 2722 προσθέντα
1429 2643 1472 2724 τῷ

284 2746 364 2829 νόμιρ
393 2748 446 2814 τόν
476 2747 568 2826 λόγον
591 2746 677 2812 τόνδε
699 2749 739 2820 ὥς
762 2748 858 2814 καλὸν
882 2747 932 2812 ro}
955 2757 1018 2821 τοῖς
1043 2749 1076 2813 έκ
1108 2750 1166 2812 τῶν
1198 2745 1388 2828 πολέμου
1418 2751 1472 2815 θα·

281 2854 442 2933 πετομένοις
472 2853 673 2939 ἀγορεύεσθαι
706 2851 810 2919 αὐτόν.
858 2851 919 2932 Qui
943 2853 974 2918 in
1000 2852 1129 2939 procliis
1153 2851 1336 2920 ceciderant
1361 2875 1474 2923 omues

283 2962 366 3028 alius
390 2959 466 3025 alibi
491 2958 694 3046 appellantur
716 2962 741 3024 oi
763 2960 875 3025 ἐκτῶν
895 2960 1107 3039 πολέμων,
1134 2979 1237 3045 neque
1253 2967 1310 3024 eui
1329 2958 1473 3034 πεσόντες

285 3075 342 3134 aut
372 3066 615 3141 τελευτήσαντες
649 3063 723 3130 addi
752 3073 874 3152 potest,
908 3085 982 3131 nam
1008 3066 1054 3131 sic
1078 3066 1109 3130 έν
1132 3073 1195 3139 τοῖς
1220 3064 1383 3144 πολέμοις,
1410 3086 1471 3133 non

284 3174 319 3239 έκ
350 3179 408 3239 τῶν
439 3171 601 3250 πολέμων,
628 3190 758 3238 necesse
786 3180 856 3238 erat
879 3170 998 3238 dicere.
1047 3171 1159 3257 ltaque
1183 3172 1365 3238 rectissime
1389 3171 1472 3261 Kay-

285 3299 377 3346 serus
403 3300 434 3365 p.
463 3281 526 3343 493
551 3283 694 3343 πεσοῦσιν
713 3275 930 3343 inducendum
952 3278 1097 3357 censuit,
1123 3276 1179 3343 sed
1197 3276 1308 3345 eadem
1322 3275 1470 3345 decause

285 3407 317 3472 p.
354 3388 413 3450 rel
449 3383 698 3459 τελευτήσαντας
730 3384 879 3471 spurium
912 3404 981 3451 esse
1008 3385 1160 3469 arguitur
1190 3391 1223 3449 et
1247 3391 1333 3469 petet
1358 3386 1472 3452 ἐκτῶν

284 3490 468 3559 τολέΜΩΝ
501 3491 576 3578 (ooo
609 3491 779 3575 πολεμίων)
805 3490 925 3576 corrigi
948 3499 1105 3577 oportere.
1153 3487 1258 3556 Simul
1282 3499 1415 3577 apparet
1441 3511 1472 3577 p.

285 3603 350 3666 694
375 3599 427 3665 τόν
450 3600 560 3677 οὶγῶνα
585 3597 634 3662 έπί
655 3605 718 3671 τοῖς
743 3598 858 3662 ἐκτῶν
883 3594 1025 3674 πολέμων
1044 3595 1243 3675 θαπτομένοις
1266 3598 1473 3683 participium

284 3704 484 3784 θαπτομένοις
527 3703 703 3769 insiticium
740 3723 810 3770 esse
844 3712 877 3768 el
912 3701 1153 3788 interpolatum.
1214 3700 1353 3768 Pericles
1388 3700 1474 3789 apud

285 3810 507 3901 Thucydidem
541 3810 723 3875 rectissime
756 3809 801 3875 ito
829 3807 926 3884 dicio,
958 3808 1110 3892 quoniam
1142 3809 1168 3874 οἱ
1193 3809 1228 3873 έκ
1251 3815 1310 3874 τῶν
1333 3809 1476 3888 πολέμων

286 3919 340 3985 illo
362 3919 431 4005 ipso
455 3917 507 3983 die
532 3915 716 3993 ε’θθπτοντο,
740 3914 794 3981 sod
819 3913 905 4001 opud
930 3912 1157 3980 Philostralum
1184 3915 1296 4002 utique
1318 3916 1477 3995 τεθαμμέ·

286 4048 343 4097 νοις
364 4023 487 4089 dictom
512 4023 672 4110 oportuit,
695 4020 750 4088 sed
774 4029 964 4089 consuetum
990 4029 1058 4086 erat
1083 4021 1126 4086 ila
1151 4019 1277 4102 dicero,
1304 4032 1341 4087 ul
1364 4041 1475 4089 emen·

288 4130 361 4195 dele
393 4150 423 4214 p.
448 4133 513 4195 604
545 4129 703 4214 scriplum
735 4137 799 4196 est:
831 4136 932 4194 κεῖται
961 4127 1033 4208 πρὸς
1058 4135 1121 4201 τοῖς
1145 4129 1179 4193 έκ
1200 4135 1258 4194 τῶν
1278 4126 1475 4207 πολέμων.

288 4235 374 4319 Ergo
399 4232 626 4300 Poiemorchus
649 4235 682 4301 io
707 4234 871 4301 Ceramico
894 4233 986 4299 iudos
1007 4232 1156 4299 funebres
1176 4232 1289 4301 edebat
1310 4236 1343 4300 in
1362 4253 1475 4301 eorum

288 4340 441 4407 honorem
473 4340 527 4425 qui
560 4360 631 4407 ocor
659 4342 692 4407 io
722 4339 852 4427 procliis
882 4339 1044 4406 interiecti
1077 4350 1108 4406 oe
1133 4339 1259 4426 publice
1283 4340 1400 4427 sepuiti
1424 4359 1476 4407 es·

287 4456 370 4515 sent.
420 4444 530 4511 Pollux
555 4440 638 4513 vlll.
664 4452 717 4512 91.
748 4447 762 4511 o‘
787 4446 818 4511 δὲ
842 4446 1268 4528 Πολέμαρχος-διατίθησι
1291 4445 1343 4511 τόν
1366 4445 1476 4514 έπιτθ·
