3242 5014
292 316 356 383 192
794 338 964 388 somnes.

447 503 507 585 χρθη
528 501 587 580 μὲν
609 504 775 587 σφωΐτερόν
797 531 853 586 γε,
876 505 952 585 θεοί,
976 504 1047 580 ἔτος
1070 506 1274 587 εἰρύσσασθαι.

334 611 550 676 Aristonicus:
595 607 626 697 (ἦ
660 608 767 697 διπλῆ)
809 608 855 676 ότι
888 613 962 691 τρός
996 621 1083 678 ΔΤΟ
1118 614 1299 693 οῖμεόβεταν.
1336 612 1372 677 τό
1409 613 1475 693 γὰρ

289 714 515 797 σφωΐτερόν
537 714 584 783 det
605 714 714 780 δνΐνόν.
737 722 837 788 κακῶς
857 719 957 782 '‘APA
979 718 1086 783 οὶθετεῖ
1105 717 1264 790 Ζηνόδοτος
1287 716 1358 782 τόν·

448 816 639 906 (οὐρανόθεν).
653 820 720 900 ’τρθ
744 818 776 885 tl
798 824 833 898 μ’
857 820 910 896 ἧκε
934 821 988 885 θεόν
1011 823 1194 895 λευκώλενος
1217 825 1311 901 Ἥρη.

288 922 341 988 καὶ
355 921 401 988 τό
429 943 436 960 ·
970 915 972 921 ¹

468 1026 567 1111 όμφω
592 1029 671 1107 apoc
695 1031 777 1110 θνμῷ
799 1030 954 1113 <tiniensi
976 1055 1011 1095 τε
1034 1031 1181 1109 κηδομένη
1204 1056 1249 1096 τε.

332 1130 533 1198 Aristarchus
570 1134 673 1221 igitur
705 1153 769 1218 qua
801 1135 921 1201 solebat
954 1137 1192 1221 perspicacitate
1225 1128 1362 1201 feliciter
1394 1155 1475 1200 usus

287 1237 508 1304 observaverat
533 1238 591 1303 hes
613 1258 679 1303 esse
701 1238 785 1323 apud
806 1238 987 1305 Homerum
1008 1243 1232 1326 pronominum
1255 1238 1475 1325 personslium

286 1341 404 1410 formas
426 1342 548 1408 όνοόαε
570 1343 605 1407 in
626 1345 732 1427 prima
752 1362 899 1428 persone:

578 1453 683 1524 Nm,
707 1446 742 1512 id
764 1452 812 1513 cst
836 1450 925 1526 ἡμεῖς
949 1447 1001 1511 καὶ
1025 1449 1119 1526 ἧμας.

579 1662 714 1730 ΝΩΙΝ,
738 1656 773 1721 id
796 1663 844 1721 eat
867 1659 951 1734 ἡμῶν
974 1657 1026 1721 καὶ
1051 1659 1131 1735 ἡμῖν.

579 1874 700 1943 Chol,
723 1865 757 1929 id
781 1872 829 1930 ast
852 1867 939 1943 ὑμεῖς
963 1865 1014 1929 καὶ
1040 1867 1132 1943 ὑμῖος.

579 2081 716 2139 ccmN
728 2120 737 2151 ,
762 2073 796 2139 id
819 2079 867 2141 ost
890 2075 972 2152 ὑμῶν
994 2075 1046 2139 καὶ
1069 2076 1150 2153 ὑμῖν.

283 2182 317 2246 in
339 2183 451 2246 tertia:

211 2366 216 2373 ι
329 2292 465 2361 cosse,
488 2283 523 2349 id
545 2288 593 2348 est
614 2283 746 2359 αὐτούς,
771 2302 847 2347 nam
869 2288 956 2364 σφωε
978 2283 1095 2367 ubique
1118 2289 1166 2348 est
1189 2287 1399 2353 accusativus.

282 2396 315 2455 et

328 2501 476 2567 ΕΦΩΙΝ,
496 2492 531 2558 id
550 2496 598 2557 ost
616 2493 715 2557 αὐτῶν
736 2496 768 2557 ct
788 2495 892 2565 adroic
916 2494 1070 2578 (αὐταῖς),
1091 2492 1275 2559 enoliticum
1292 2502 1472 2582 utrumque

281 2604 314 2665 et
337 2602 467 2664 accentu
498 2597 699 2662 destitutum.
745 2595 835 2663 Haec
865 2601 972 2664 omnia
1000 2597 1196 2664 Zenodotum
1219 2605 1251 2664 et
1274 2602 1472 2686 antiquiores

280 2703 446 2789 ingerant,
476 2706 508 2766 at
531 2703 660 2765 omnino
682 2703 717 2765 iu
737 2705 962 2785 pronominum
985 2703 1096 2767 formis
1118 2705 1201 2768 inter
1222 2724 1255 2769 se
1278 2703 1377 2770 stulte
1399 2702 1471 2791 per·

279 2805 449 2871 miscendis
477 2809 588 2890 politae
609 2804 816 2870 Alexandrini
839 2826 949 2871 omnes
973 2809 1162 2890 conspirant.
1208 2804 1337 2872 Claram
1359 2806 1469 2873 lucem

279 2910 474 2995 praeferebat
495 2908 609 2996 lingua
630 2911 755 2986 Attica,
780 2929 860 2993 qnae
882 2914 931 2974 tot
953 2910 1049 2975 habet
1071 2931 1107 2975 ac
1130 2915 1234 2976 tantas
1251 2910 1383 2998 linguae
1401 2911 1469 2978 Ho

278 3016 415 3080 maricae
445 3015 479 3077 in
509 3013 657 3078 omnibus
686 3014 781 3078 rebus
810 3015 962 3077 maximis
989 3016 1135 3079 minimis
1157 3014 1405 3093 similitudines,
1429 3021 1469 3081 ut

277 3119 413 3182 minime
435 3119 534 3181 mirer
554 3117 737 3182 Aristarcho
759 3116 938 3182 Homerum
956 3119 1183 3185 Atheniensem
1199 3118 1296 3185 fuisse
1313 3120 1420 3186 rideri
1430 3123 1466 3201 ¹).
1485 3180 1491 3193 ,

278 3219 316 3285 ln
345 3219 600 3305 frequentissimo
630 3240 692 3284 usn
721 3227 780 3286 τῶν
807 3220 930 3298 δνῖκῶν,
961 3242 1056 3307 quem
1083 3222 1196 3310 hugus
1216 3224 1326 3289 Attica
1348 3225 1467 3304 (obser-

179 3346 183 3353 ’
278 3327 374 3389 vante
404 3322 586 3388 Aristarcho
617 3325 656 3389 ad
681 3323 774 3390 iliad.
800 3332 841 3389 N.
868 3323 958 3408 197.)
982 3345 1057 3391 eum
1078 3325 1191 3414 lingue
1210 3325 1386 3393 Homerica
1409 3328 1465 3393 ha·

276 3429 332 3494 bet
355 3447 573 3505 communem,
598 3429 805 3495 Athenienses
829 3431 1013 3513 saepissime
1036 3439 1121 3497 Nm
1145 3437 1177 3497 et
1198 3439 1334 3508 NsslN,
1360 3440 1465 3498 ΕΦΩΙ

276 3537 310 3598 et
342 3540 479 3598 conlN
509 3535 705 3618 usmpebant
734 3534 789 3598 sed
819 3536 853 3598 in
874 3554 973 3599 unam
996 3534 1155 3621 syllabam
1177 3541 1337 3602 contracta
1359 3536 1397 3620 νῴ
1421 3574 1467 3587 -

275 3638 339 3717 νῷν,
372 3637 442 3719 copi
467 3675 510 3686 -
533 3637 641 3719 σφῷν,
665 3656 728 3702 non
752 3638 789 3702 νώ
808 3643 840 3702 et
858 3637 948 3719 οΦό,
973 3642 1012 3702 ut
1029 3639 1112 3705 infra
1131 3639 1342 3707 ostendemus.
1378 3641 1466 3707 Aris

282 3809 340 3819 non-

310 3903 335 3965 1)
352 3902 442 3952 lisdem
463 3902 590 3969 agesimo
609 3905 761 3954 Aristsrchus
782 3905 902 3954 Homerici
924 3905 1036 3956 carminis
1051 3910 1173 3957 cucurum
1190 3922 1218 3957 ar
1235 3908 1315 3957 Ath'cu
1333 3908 1466 3957 oriundum

274 3996 325 4033 csso
341 3982 438 4050 collegit
454 3999 483 4033 ox
500 3982 571 4033 Illud.
589 3983 622 4034 N.
641 3988 698 4035 827.

490 4065 601 4128 τοοόμτρν
618 4062 647 4113 θ’
671 4062 705 4121 ὥς
721 4063 793 4115 τότε·
812 4064 956 4131 Ἀθηναίη
975 4066 1023 4114 καῖ
1041 4065 1201 4126 ’Aestii-v,

273 4143 315 4193 uhi
331 4147 472 4195 snnohtur:
500 4142 586 4194 teon
611 4144 768 4209 Ἀθηναῖον
793 4146 956 4197 ὑπονοοῦσιν
968 4146 1107 4215 Ὅμηρον·
1132 4149 1261 4214 πατρῷον
1279 4148 1331 4214 γὰρ
1349 4147 1467 4207 τηροῦσιν

270 4220 428 4275 Απόλλωνα
453 4224 523 4277 Aca.
557 4226 665 4277 limanda
686 4227 870 4295 Ἀπόλλωνα,
896 4229 969 4291 (ἀλλ’
994 4228 1039 4295 οὐ)
1067 4227 1136 4280 Ara.
1169 4231 1239 4280 Pisto
1265 4231 1290 4282 in
1316 4230 1466 4293 Medeae

273 4319 325 4373 pag.
342 4309 399 4354 802.
417 4319 440 4357 o.
459 4306 508 4356 σόα
525 4305 565 4361 ἔσο
581 4307 653 4365 Ζεὺς
666 4310 834 4376 πατρῷος-
841 4307 904 4357 cil·
922 4309 1068 4361 'Auditus
1084 4311 1212 4377 πατρῷος
1230 4310 1278 4361 cut
1297 4310 1350 4372 τὴν
1365 4309 1464 4360 'Isset

272 4384 385 4445 γόοισιν.
