3244 5012
493 386 536 434 an
559 385 791 436 narronoauu
814 387 1007 436 parsurum.
1278 369 1341 436 821

198 556 284 624 Bene
318 558 357 623 de
391 557 450 622 hoe
484 560 717 644 epigrammate
745 562 865 624 meruit
891 580 991 646 nuper
1019 558 1193 646 Bergkius,
1221 561 1276 645 qui
1306 560 1340 625 in

150 662 322 753 Philologo
351 684 380 730 a.
405 660 494 727 1873
516 683 590 749 pag.
615 661 679 727 681
704 684 761 750 pro
784 673 1000 742 λΔΔλΙΟτ,
1025 665 1078 729 cui
1099 667 1133 729 in
1155 664 1262 731 eodioe
1284 666 1341 730 tri·
1409 662 1415 667 ’

150 768 278 848 buitur,
312 771 508 835 substituens
538 777 731 834 λΛΚΑΙΟΤ
755 769 914 835 intellexit
943 768 1061 835 ultima
1082 769 1179 836 verba
1200 774 1340 857 spectare

151 894 214 939 non
237 875 456 940 Alexandrum
477 894 651 961 magnum,
675 880 713 940 ut
735 876 899 960 hueusque
920 880 1110 961 putaverant
1128 873 1264 954 eruditi,
1285 873 1340 940 ssd

150 979 341 1065 Philippum
371 980 531 1064 quintum.
565 978 689 1044 Ultimo
717 1001 811 1046 versu
834 986 979 1066 suspecta
995 980 1078 1045 mihi
1101 985 1149 1045 est
1170 978 1266 1046 leutio
1285 978 1338 1044 καὶ

151 1082 249 1160 τοῦθ’,
268 1085 328 1150 sub
347 1103 410 1170 quo
428 1082 502 1151 vida
522 1102 562 1149 an
581 1083 662 1177 forie
682 1083 846 1152 deliteseat
870 1109 972 1152 κοννο
984 1085 1048 1165 os',
1073 1087 1095 1151 i.
1116 1106 1145 1153 o.
1171 1086 1341 1161 κοινοῦται,

145 1191 298 1275 particeps
320 1197 371 1256 eat.
1151 1210 1153 1215 ⁴

196 1296 307 1384 llpigr.
333 1295 410 1362 261.

287 1400 319 1467 τύ
338 1399 431 1466 πλέον
455 1400 511 1473 εἷς
535 1397 653 1465 ὠδῖνα
673 1410 827 1477 πονεῖν,
848 1403 882 1468 τύ
901 1401 933 1468 δὲ
952 1401 1048 1468 τέκνα
1067 1401 1244 1491 restricta„

151 1504 318 1591 Suspicor:
343 1506 386 1585 ἐξ
408 1503 529 1573 ὠδῖνα
552 1513 707 1583 πονεῖν,
731 1528 788 1592 per
804 1509 921 1574 tmesin
942 1528 999 1594 pro
1023 1509 1158 1574 ἐκπονεῖν
1181 1506 1339 1584 etiami

149 1610 268 1677 <linitur
289 1608 407 1683 ἄθλους
430 1610 582 1687 ἐκπονεῖν,
606 1610 736 1677 similia.
943 1608 949 1618 ’
1103 1635 1107 1642 ·

193 1714 304 1803 Epigr.
328 1713 406 1781 275.
551 1795 554 1801 θ

283 1824 321 1888 ‘A
342 1820 479 1907 Πέλοπος
504 1823 594 1893 κοῖτος
617 1821 670 1886 καὶ
693 1821 843 1896 δύοπλοος
868 1821 963 1889 ὤλεσε
987 1825 1122 1904 Κρύτα

329 1926 382 1991 καὶ
406 1924 535 1991 Μαλύον
558 1927 680 2010 τοφλαὶ
704 1927 925 2006 καμπτομένου
947 1928 1097 2001 σπολάδες

285 2030 423 2108 Δύμνδος
447 2029 675 2111 Ἀςνδύμαντα
698 2031 851 2096 svesans.
876 2033 940 2097 κτὲ.
982 2096 985 2099 ,

108 2187 117 2204 .
192 2135 303 2223 Neque
333 2135 439 2202 insula
465 2143 550 2202 reete
581 2137 730 2211 δύτπλοος
764 2137 899 2215 dicitur,
922 2118 1023 2223 nepus
1045 2135 1140 2204 Grata
1161 2139 1336 2224 perniciosa

148 2261 214 2308 esse
244 2244 349 2329 potnit
380 2243 409 2308 ei
440 2243 496 2327 qui
526 2242 602 2309 feeit
635 2242 841 2330 naufragium
863 2245 898 2308 in
920 2243 1045 2309 Maleae
1067 2242 1216 2329 seopulis.
1262 2243 1335 2310 Nisi

147 2349 291 2434 egregrie
314 2347 423 2425 fallor,
447 2347 500 2413 hie
522 2368 644 2415 norum
666 2347 822 2415 habemus
838 2346 1023 2435 exemplum
1033 2347 1096 2415 loci
1106 2369 1162 2436 per
1172 2348 1333 2436 glossema

147 2454 296 2537 corrupti.
320 2451 457 2518 Dederat
478 2456 590 2538 poeta:

218 2562 222 2567 '
281 2560 319 2622 'A
343 2555 481 2629 Πέλοπος
504 2561 595 2630 νοῖτος
617 2556 669 2622 καὶ
693 2555 842 2632 δύοπλοος
867 2561 962 2623 &aare
986 2558 1137 2631 πύντος.

190 2660 396 2748 Magistellus
423 2664 528 2728 neseio
558 2664 614 2746 qui
643 2682 748 2737 mare,
787 2663 826 2728 de
856 2683 918 2747 quo
949 2683 1052 2729 sermo
1087 2669 1151 2741 est,
1184 2660 1338 2729 Cretense·

144 2766 209 2833 diei
237 2786 361 2833 memor
389 2787 485 2852 supra
513 2765 622 2838 πύντος
654 2768 780 2852 scripsit
803 2774 970 2846 Κοκταῖος,
994 2768 1078 2852 quod
1100 2789 1192 2847 mox,
1215 2773 1253 2833 ut
1276 2766 1330 2847 fit,

143 2875 212 2938 eius
240 2870 347 2938 locum
377 2873 554 2957 occuparit.
601 2870 792 2957 Supervenit
822 2878 976 2938 corrector
1004 2874 1173 2952 metricus,
1206 2875 1262 2958 qui
1292 2873 1332 2938 de

141 2979 297 3043 sententia
319 2997 447 3043 securus
470 2982 533 3045 tres
556 2976 689 3043 ultimas
707 2975 816 3042 literas
840 2977 965 3043 abiecit.

188 3081 298 3169 Epigr.
323 3080 407 3160 289,
433 3080 464 3146 3.

279 3187 398 3264 μούννος
422 3187 456 3252 ἐκ
479 3185 610 3266 &ducere
632 3184 725 3267 θορὼν
747 3185 839 3258 λύκος
864 3184 1043 3253 ἄσκοπον
1066 3185 1161 3269 ἄνδρα

278 3289 415 3358 ἔκτανεν.

188 3394 311 3464 Oollato
334 3397 478 3483 sequenti
501 3398 750 3484 epigrammate,
773 3399 864 3463 euius
887 3397 993 3463 simila
1015 3399 1063 3465 est
1083 3402 1327 3486 argumentum:

142 3503 352 3581 γομνὸν-
365 3499 475 3567 ἔκτανε
498 3501 609 3583 λυγρὸς
630 3499 716 3581 ἔχις,
741 3501 910 3590 intelleges
933 3509 1061 3590 poetam
1083 3505 1260 3589 scripsisse:

277 3607 396 3684 μούννος
421 3606 455 3672 ἐκ
480 3603 609 3684 sanson
634 3604 726 3687 Sociis
749 3607 841 3680 λύκος
866 3604 1048 3675 ἄσκοπον
1069 3605 1165 3690 ἄνδρα

276 3709 400 3776 ἔκτανεν
424 3710 494 3775 xri.

139 3815 282 3879 homiaem
303 3817 522 3901 redamatque
544 3816 690 3881 inermem.

184 3916 295 4005 Epigr.
321 3916 396 3986 337.

275 4025 330 4100 Μύ
354 4047 396 4101 με
420 4021 514 4098 θοῶς,
539 4022 663 4101 attice,
688 4024 841 4107 παρέρχεο
862 4025 1002 4105 τύμβον,
1026 4025 1135 4102 tetre,

319 4134 415 4192 τοῖσιν
437 4128 675 4206 οῖκοομύτοος
699 4128 788 4194 τοτοῖ
815 4127 1058 4211 neronianas.

138 4231 212 4299 Non
233 4231 369 4300 diffiteor
390 4231 475 4298 milri
496 4232 691 4317 probabilius
712 4233 830 4300 videri:

277 4345 371 4404 τοῖσιν
394 4338 640 4415 ύκμήτοντον
664 4339 765 4403 ποοού.

138 4445 193 4510 sed
222 4450 260 4510 ut
291 4444 364 4510 dem
394 4442 452 4508 illo
483 4442 578 4509 modo
608 4447 755 4526 quamvis
786 4444 929 4511 mirabili
948 4446 1086 4512 seribere
1107 4445 1238 4510 sonasse
1260 4444 1326 4530 pla-

1153 4553 1182 4598 οι
