3388 5010
631 375 783 422 cucurum
808 379 843 423 nr
868 377 1021 422 suerrum.
1355 357 1418 419 285

237 545 412 615 Teleclides
435 542 480 611 ib.
506 546 583 610 268.
609 540 650 609 E:

281 650 376 718 lusui
400 649 432 715 δὲ
456 647 569 730 κίχλαι
591 650 663 727 μετ’
688 648 867 726 ἀμητίσκων
890 650 942 720 εἷς·
956 646 1008 711 τὸν
1030 645 1151 729 Φάρον
1174 644 1376 711 εἰσεπέτοντο.

237 756 333 823 Vides
365 762 502 840 utroque
531 752 600 819 lucc
636 751 748 818 turdus
780 752 852 819 illos
883 760 1013 839 curatos
1043 749 1197 816 volantes.
1243 748 1285 815 tu
1316 751 1421 836 priore

115 837 130 919 ¹.
234 861 305 927 lucu
327 858 536 927 Pherecrates
558 856 746 942 subiungit:
766 940 770 948 .

393 963 438 1030 rel
461 963 492 1028 δὲ
514 964 592 1041 μῆλ’
615 961 766 1045 ἐκρέματο
788 962 833 1028 τα
852 962 941 1028 καλαὶ
963 967 1022 1027 τῶν
1045 964 1147 1025 καλῶν
1170 958 1243 1024 tatu

395 1069 469 1149 ὑπὲρ
498 1072 642 1150 κεφαλῆς
666 1066 702 1146 ἐξ
723 1067 838 1140 οὐδενὸς
864 1066 938 1153 (οὐδ’
962 1065 997 1144 ἐξ
1019 1065 1117 1152 tutet)
1142 1062 1320 1147 πεφυκότα.

236 1175 377 1242 Fructus
413 1170 526 1253 addit3
568 1191 607 1237 ne
650 1169 684 1235 hi
718 1170 849 1257 quidem
881 1170 966 1259 apud
998 1169 1157 1236 Lucilium
1193 1169 1331 1246 desunt,
1367 1167 1424 1233 sed

236 1300 299 1347 non
331 1276 486 1345 sublimes
509 1275 565 1342 sed
589 1296 628 1342 ex
652 1274 822 1342 arboribus
845 1278 1009 1363 suspensi,
1039 1275 1132 1342 modo
1156 1292 1254 1340 unanr
1280 1272 1423 1339 litteram

236 1384 361 1462 deleam
386 1382 462 1448 libri
485 1381 656 1468 ficedulae,
680 1380 776 1446 scrib.
799 1381 950 1468 [lectulus

460 1523 506 1536 -·
534 1512 581 1541 υν
609 1493 642 1550 et
665 1484 927 1553 circumvolitant
950 1482 1078 1551 licetula
1102 1481 1202 1569 turdi.

236 1591 415 1659 Ficetulum
445 1590 684 1659 deminutivum
715 1608 734 1655 a
766 1591 896 1678 ficetum
929 1589 984 1676 (cl.
1008 1598 1203 1676 quercetum,
1226 1587 1423 1664 urberetum,

234 1697 393 1783 pinetum,
418 1694 623 1785 frutectum).
649 1693 717 1761 Iam
743 1702 884 1760 metrum
906 1713 967 1759 non
989 1692 1140 1780 impedit,
1161 1690 1424 1776 qrtcmiuushaec

237 1800 278 1867 erl
312 1801 513 1869 tricesimum
548 1798 668 1866 librum
703 1796 898 1872 reseramus3
922 1817 998 1865 uam
1029 1795 1183 1864 vocabule
1214 1796 1340 1862 ·curati
1371 1814 1426 1860 cc·

237 1907 308 1972 cis''
351 1914 408 1972 aut
436 1903 605 1972 scribenda
636 1902 773 1969 diaecesi
804 1902 948 1969 adhibita
978 1922 1061 1989 quse
1091 1910 1140 1968 est
1170 1900 1202 1965 in
1233 1921 1310 1966 autc
1340 1899 1426 1987 upari

239 2010 427 2077 Lucretium
461 2008 515 2096 (cl.
537 2007 734 2083 Schneider,
765 2005 1039 2075 Elementarlehre
1062 2026 1093 2092 p.
1119 2004 1198 2094 356)
1223 2006 1347 2070 »curati
1372 2023 1426 2069 cc·

240 2115 347 2194 cuis’',
378 2122 436 2181 aut
462 2133 482 2179 a
511 2113 613 2180 Nuniu
644 2110 774 2179 omissis
802 2112 926 2200 aliquot
954 2110 1116 2179 rccabulis
1139 2111 1173 2177 iu
1197 2108 1327 2177 brevius
1350 2127 1425 2175 ccn·

235 2225 453 2285 mmmm

282 2321 383 2388 XXX.
410 2325 464 2388 lo·
488 2321 573 2388 Haec
599 2321 717 2389 tradita
742 2332 834 2389 sunt:

419 2445 506 2492 unus
530 2428 707 2494 consteruit
732 2429 822 2494 novis
847 2436 939 2494 vetus
963 2424 1104 2494 restibus
1126 2433 1233 2512 aptus.

235 2531 402 2600 Facillime
426 2529 504 2597 haec
529 2540 663 2618 possunt
686 2533 866 2601 emendari:

419 2655 503 2702 unus
526 2638 703 2704 consternit
728 2639 824 2705 ncvu'
848 2639 948 2705 vectis
973 2635 1112 2703 restibus
1136 2642 1243 2721 aptus.

233 2741 420 2809 Muellerus:
445 2739 567 2807 »cliuas
590 2743 768 2808 consternit
791 2741 883 2809 nubis
906 2743 993 2808 retu'
1017 2739 1160 2807 restibus
1184 2739 1312 2824 aptas.”

281 2844 327 2913 lb.
353 2850 396 2913 ta
420 2845 544 2912 minore
566 2865 639 2911 cum
666 2846 844 2912 mutatione
867 2846 967 2932 legas:

428 2949 610 3037 praesecuit
633 2948 744 3028 labra,
764 2951 909 3029 delicuit,
933 2950 1052 3018 delenit
1074 2968 1199 3024 amore,

235 3074 332 3142 quam
362 3055 506 3140 deliupr't.
549 3053 638 3120 Libri
667 3055 785 3123 delicit.
829 3056 874 3123 [lc
904 3055 1036 3144 perlecti
1060 3054 1164 3121 torma
1187 3052 1232 3122 cl.
1259 3052 1359 3120 Prisc.
1383 3051 1421 3117 X.

235 3182 266 3248 p.
292 3165 356 3227 att
384 3161 418 3227 Ρ.
445 3160 603 3246 Tempora
627 3161 795 3228 uariantur
817 3170 854 3228 ut
877 3161 947 3229 XV.
973 3165 1028 3228 tu.

284 3263 357 3333 rct.
382 3264 490 3332 nitri:
519 3262 655 3351 »plaude
681 3284 743 3331 una
770 3274 819 3333 est
843 3265 977 3353 pedihus
1000 3266 1135 3333 cariosis
1159 3262 1423 3339 mensulibaun”,

236 3369 324 3438 Harl,
348 3390 368 3438 a
389 3390 439 3458 pr.
464 3388 508 3435 m.
534 3369 813 3437 »mensrriabiuc.”
847 3371 927 3438 lude
949 3370 1090 3438 conieci:

412 3473 526 3541 clauda
552 3485 647 3540 unast
670 3473 806 3561 pedibus
829 3478 963 3543 cariosis
989 3495 1100 3545 mensa
1124 3462 1264 3552 Sabinu,

234 3580 315 3648 haec
346 3578 385 3647 rle
408 3579 559 3667 pauperis
593 3578 762 3645 cuiusdam
796 3579 905 3647 Sabini
936 3590 1029 3648 curta
1053 3578 1242 3667 supellectili
1266 3578 1425 3663 interpre-

237 3693 324 3751 tatus
353 3682 459 3772 (Geni.
484 3683 526 3751 11.
553 3685 622 3769 90).
661 3683 756 3752 Vides
781 3693 847 3752 tres
871 3685 997 3754 litteras
1020 3688 1223 3752 immutatas.
1259 3682 1325 3750 Hac
1350 3700 1425 3747 con-

235 3790 361 3856 iectum
397 3796 575 3856 memorata
609 3787 783 3856 lluellerns
818 3809 849 3875 p.
887 3793 972 3867 atr,
1008 3791 1128 3855 mirum
1163 3787 1264 3864 iuret,
1301 3786 1424 3872 inquit,

234 3892 423 3960 verbalem
448 3892 606 3980 simplicia
631 3903 698 3961 tam
723 3892 813 3961 foede
836 3893 1044 3982 deprauata'’.
1069 3890 1173 3960 Verba
1192 3890 1351 3977 simplicis
1364 3890 1425 3956 sci·
1506 3938 1510 3946 .

235 3996 311 4065 licet
333 4006 410 4064 sunt
431 3998 552 4082 plaude
574 4007 607 4065 et
629 3999 854 4066 mensulilcuc.
890 4000 1003 4086 ltaque
1027 4001 1095 4085 ipse
1120 3997 1253 4083 recipit:

371 4101 479 4190 planta
506 4110 620 4181 unast,
642 4102 777 4192 pedibus
800 4105 955 4184 cariosis,
980 4123 1067 4170 mers
1089 4101 1273 4169 Libiteinai.

280 4206 369 4290 Quae
400 4209 539 4275 mutatio
571 4218 693 4295 quantu
725 4209 827 4275 maior
858 4208 900 4275 sit
933 4209 1070 4295 quisque
1093 4207 1196 4283 videt;
1229 4208 1342 4293 itaque
1365 4205 1426 4272 sibi

235 4312 333 4380 licere
356 4321 467 4400 putat,
491 4311 576 4400 quod
601 4312 693 4380 elteri
719 4320 825 4400 neget.
862 4312 1131 4387 MersAEilitiuce
1148 4312 1200 4378 vix
1222 4319 1309 4379 recte
1329 4331 1426 4380 senex

237 4418 381 4496 dicatum
405 4418 546 4487 Libitina
570 4439 633 4488 nen
658 4419 778 4507 accipit
802 4418 982 4497 hominem,
1002 4419 1058 4487 sed
1082 4418 1207 4488 funeris
1227 4418 1427 4493 mercedem3
