3242 5014
297 324 362 390 174
801 343 972 392 noneolas.

295 514 408 585 αὐτοὺς
432 513 654 593 περιαιρεθῆναι
668 518 757 595 Φησι.
781 518 844 584 πῶς
862 512 925 591 γὰρ
946 513 1142 577 ἈΓΝΟΩΝ
1166 514 1218 579 τὸν
1238 512 1334 594 ἄνδρα
1352 514 1489 592 asneri-

262 663 267 674 ·
297 640 367 683 εσοιι
395 618 479 697 αὐτῷ
503 620 557 692 τὴν
586 617 763 697 κοινοτέροις
787 615 893 683 Facile
915 616 1130 704 intelligimus
1153 636 1329 704 numquam
1347 620 1489 684 Aristu-

297 723 395 787 chum
414 744 506 788 suern
525 720 627 787 liliam
646 723 745 804 ι’ριιοοο
763 722 876 786 hmini
893 723 928 786 in
945 723 1188 788 matrimonium
1206 723 1485 797 daturumiuisse‚

295 827 415 892 nedum
438 832 476 892 ut
499 829 566 912 ipse
594 827 681 893 ultro
703 829 733 892 ei
754 827 835 892 banc
858 826 1073 892 conditionem
1094 827 1232 903 offerret,
1262 827 1317 891 sed
1339 827 1489 891 heroicae

296 934 411 996 aetatis
435 931 499 997 alia
521 934 602 997 ratio
625 938 693 997 erat
715 938 748 996 et
770 921 827 995 alii
847 951 952 996 mores
974 936 1007 997 et
1030 933 1209 1016 opiniones:
1233 932 1487 1012 striccitate

295 1040 428 1101 πλοῦτον
459 1036 604 1120 ἀφεώρων
628 1038 653 1101 οἱ
678 1035 808 1100 ποιλοιιοὶ
831 1036 907 1101 ἀλλ’
929 1036 972 1108 εἷς
995 1036 1051 1109 την
1072 1036 1183 1117 οὶρεσὶιν
1206 1036 1268 1102 cini
1291 1043 1347 1109 τῆς
1374 1036 1485 1114 ὄψιος.

521 1141 659 1219 βασιλῆϊ
680 1142 743 1221 γὰρ
765 1140 848 1221 ἀνδρὶ
872 1140 984 1214 ἔοικας.
1009 1141 1080 1228 (Od.
1101 1151 1148 1207 Ω.
1172 1141 1264 1225 253.)

454 1255 545 1329 γενεῇ
569 1245 601 1311 δὲ
625 1245 699 1320 Διὸς
722 1245 875 1325 μεγάλοιο
898 1246 1011 1321 ἐΐκτην.
1036 1245 1108 1326 (od.
1133 1255 1172 1311 Δ.
1198 1244 1267 1324 27.)

454 1347 509 1417 oio!
529 1376 566 1417 τε
588 1349 730 1417 ἀνάκτοιν
753 1350 865 1423 παῖδες
888 1350 983 1417 ἔοισιν.
1010 1350 1081 1439 (οᾶ.
1106 1360 1147 1416 N.
1172 1349 1265 1427 223.)

456 1456 522 1522 ἐπεὶ
548 1457 582 1522 οὔ
605 1480 640 1521 κε
664 1456 752 1521 nasei
775 1454 911 1522 τοιούσδε
933 1455 1057 1520 τέκοιεν.
1082 1455 1153 1541 (Od.
1179 1467 1218 1519 Δ.
1243 1455 1312 1533 64.)

341 1561 467 1627 Bonum
498 1561 620 1626 factum
649 1561 734 1647 quod
764 1563 920 1626 eximium
951 1560 1058 1626 locum
1088 1562 1246 1627 intactum
1268 1560 1484 1646 reliquerunt,

296 1686 398 1752 neque
429 1688 467 1731 ex
497 1686 644 1751 perversa
676 1667 823 1751 opinione
852 1665 1028 1751 praeclaros
1057 1684 1167 1731 versus
1196 1675 1363 1744 περιεῖλον,
1399 1669 1486 1750 quod

189 1804 190 1807 ¹
296 1771 498 1836 Aristarchus
520 1773 636 1835 merito
658 1769 726 1835 lieri
748 1770 880 1835 dixerat.

341 1874 378 1940 Si
407 1875 484 1959 quid
513 1874 687 1940 Plutarcho
717 1875 876 1940 credimus
904 1877 942 1938 dc
972 1876 1131 1939 οιιιοίοκιολι
1152 1875 1251 1958 poetis
1276 1897 1350 1964 pag.
1375 1876 1430 1942 26.
1454 1897 1483 1943 r.

296 2001 406 2047 versus
429 2001 469 2045 ex
487 1978 579 2044 Iliad.
600 1979 625 2044 Ι.
647 1977 837 2044 met-eoa
869 1980 1070 2044 Aristarchus
1097 1982 1267 2064 expunxit:
1292 1981 1382 2057 ὁμὲν
1401 1984 1483 2060 Ἀρι·

296 2107 434 2165 στοιρχορ
457 2083 555 2160 ἐξεῖλε
578 2085 621 2149 τοὶ
645 2083 704 2158 ἔπη
727 2084 886 2167 Φοβηθείς.

342 2188 428 2255 Satis
459 2195 507 2254 est
538 2189 647 2254 damni
676 2189 760 2274 qnod
791 2209 830 2255 ex
851 2190 1071 2254 huiuscemodi
1092 2192 1199 2274 pravis
1220 2196 1253 2255 et
1274 2196 1485 2276 praeposteris

296 2295 499 2380 opinionibus
518 2296 644 2378 saepius
662 2295 841 2379 perineptas
859 2297 1134 2378 interpretationes
1152 2295 1242 2359 nobis
1252 2297 1484 2379 procuderant,

296 2420 433 2484 quarum
456 2398 601 2483 exempla
623 2398 779 2481 quaedam·
800 2399 953 2463 subiicere
973 2401 1074 2464 iuvat.

343 2504 380 2569 In
403 2503 516 2589 Odyss.
541 2514 574 2568 Β.
609 2501 683 2567 133.
715 2508 915 2568 commentus
944 2508 993 2567 est
1022 2502 1154 2587 ahquis,
1191 2505 1243 2567 cui
1273 2502 1484 2570 Telemachus

297 2610 323 2675 ri
345 2609 411 2690 περὶ
431 2606 602 2691 χρημάτων
620 2605 713 2684 ἔλεγε
732 2605 934 2688 σμικρολόγος
955 2605 993 2671 ἂν
1013 2607 1177 2689 ἑφοιινετο,
1201 2606 1374 2673 mirificum
1387 2610 1485 2694 quod·

297 2715 373 2779 dam
396 2713 581 2792 ὑπέρβκσον,
612 2712 695 2796 quod
726 2732 819 2776 nemo
842 2713 877 2775 in
899 2710 1036 2776 Scholiis
1058 2713 1126 2776 sine
1147 2714 1215 2777 risu
1236 2715 1353 2796 poterit
1376 2713 1484 2800 legare

296 2825 354 2885 aut
375 2818 490 2884 saltem
512 2816 661 2904 relegere.

341 2923 414 2988 Non
446 2925 554 2987 minus
590 2921 741 2995 absurdas
775 2925 807 2986 et
840 2920 1041 2986 incredibiles
1074 2923 1274 2986 traiectiones
1306 2921 1345 2985 de
1379 2922 1483 2988 nihilo

295 3027 454 3093 {iunxerunt
477 3029 511 3089 in
532 3024 624 3090 iliad.
651 3034 683 3094 Ξ.
711 3025 739 3089 1.
772 3046 811 3090 ne
841 3025 955 3098 Nestor
980 3030 1088 3109 potare
1110 3026 1288 3102 videretur,
1319 3025 1404 3109 quod
1427 3030 1484 3092 isti

296 3134 330 3197 οὐ
365 3132 450 3195 κοντοὶ
486 3127 663 3208 πρεσβύτην
696 3149 763 3194 esse
795 3128 994 3205 iudicabant,
1030 3130 1114 3214 quod
1143 3134 1252 3195 contra
1282 3150 1348 3194 ease
1378 3134 1485 3196 sciunt

296 3255 415 3302 omnes.
445 3234 508 3298 Vix
530 3239 578 3298 est
599 3232 750 3298 credibile
772 3233 869 3298 fuisse
893 3237 948 3318 qui
970 3234 1067 3299 rerba
1088 3239 1198 3319 poetae
1221 3236 1268 3300 its
1289 3233 1400 3312 βιοίος
1414 3237 1483 3300 dis-

295 3343 495 3427 tmgnrsoent:

432 3442 555 3521 Νέοοροι
570 3443 604 3535 ,δ’
627 3445 681 3507 οὐκ
703 3442 810 3507 ἔλοιθεν
834 3442 931 3524 laxat,
954 3442 1081 3508 alvearii
1105 3467 1161 3524 περ
1185 3444 1286 3522 ἔμπης

432 3550 508 3614 ἀλλ’
533 3548 765 3623 Ἀσκληπιάδην
788 3549 868 3614 ἔπεσι
890 3547 1059 3627 mentera
1081 3550 1254 3628 τροσηύδοι,
1308 3576 1311 3584 ’

294 3664 333 3722 ut
355 3676 418 3722 non
440 3655 556 3720 Nestor
577 3654 632 3719 aed
655 3653 811 3719 Machaon
833 3653 1018 3718 vulneratus
1039 3660 1172 3738 potaret.
1220 3652 1312 3719 'lalia
1333 3656 1415 3719 serio
1433 3674 1481 3720 re-

294 3763 398 3827 futare
421 3762 493 3844 quis
516 3755 721 3845 dignabitur?
766 3756 924 3822 Similiter
956 3760 990 3821 in
1024 3757 1115 3822 Iliad.
1139 3766 1179 3822 T.
1209 3755 1285 3823 218.
1321 3763 1353 3822 et
1386 3757 1480 3823 Iliad.

295 3874 335 3930 Π.
359 3862 436 3930 849.

431 3968 520 4033 οἶλλοὶ
543 3992 585 4046 με
608 3970 687 4047 μοῖρ’
710 3967 779 4040 ὄλοιο
804 3965 855 4031 xci
875 3971 995 4041 Λητοῦς
1019 3965 1145 4032 ἓκποινεν
1167 3967 1250 4043 uide,

430 4072 542 4152 ἀνδρῶν
567 4074 592 4138 δ’
615 4073 799 4152 Εὔφορβος,
823 4074 861 4137 σὺ
883 4071 916 4137 δέ
937 4097 979 4147 με
1002 4073 1100 4152 τρίτος
1122 4071 1312 4153 ἑξενκρίζεις.

294 4179 352 4244 nbi
374 4180 568 4265 gravissima
597 4181 738 4263 quaestio
765 4181 881 4243 oritur:
914 4183 980 4248 πῶς
999 4176 1158 4257 σέσσοιρκς.
1177 4177 1412 4258 recapitulatae
1437 4215 1480 4226 —

293 4281 432 4360 ἐπιφέρει
468 4284 515 4348 σὺ
550 4281 590 4347 δέ
621 4305 670 4360 με
701 4291 859 4347 TPlTOC
887 4279 1083 4360 ἐξενορίζειος
1115 4288 1220 4366 spreta
1241 4280 1485 4366 simplicissima

292 4386 450 4450 solutione
472 4385 617 4450 nonnulli
640 4387 680 4450 ad
704 4387 878 4465 ὑπέρβοιτον
901 4387 1126 4472 confugerunt,
1152 4392 1189 4449 ut
1208 4388 1306 4451 rerba
1323 4390 1414 4470 quasi
1435 4389 1484 4449 sic
