3276 5006
287 306 352 373 124
673 325 716 371 uo
739 325 895 373 rnuroms
917 324 1067 376 eononn.

288 500 364 556 ΣΩ.
387 490 557 570 βουλοίμην
576 493 632 571 μέν
656 492 694 558 διν
716 492 818 573 ἔγωγε
841 493 1003 576 οὐδέτεροι·
1035 498 1060 560 εί
1084 497 1111 562 δ’
1135 497 1308 577 αναγκαῖον
1330 496 1377 571 εἴη
1399 496 1461 561 ιίδι·

163 608 167 613 ’
286 603 350 661 κεῖν
373 596 390 671 ῆ
414 596 600 673 οίδικεῖσύαι,
624 598 747 674 ἑλοίμην
771 598 809 663 διν
832 599 1146 675 peraccesserat
1170 604 1202 684 [ῆ
1221 601 1363 688 ώδικεῖν].
1398 602 1463 667 Fri·

285 699 452 786 gidissime
481 701 577 767 verba
599 701 617 777 ῆ
640 701 756 768 οῖδικεῖν
788 725 826 768 ex
856 705 1070 792 superioribus
1099 709 1234 791 repetita
1256 712 1339 771 suut.
1387 704 1463 784 Quis

286 806 388 881 euim,
409 806 437 867 si
457 804 594 871 duarum
612 827 718 871 rerum
738 808 811 872 duta
830 813 878 872 est
895 811 996 892 optio,
1013 810 1110 875 verbo
1128 814 1251 886 μᾶλλον
1269 809 1307 875 διν
1324 811 1462 886 ἑλοίμην,

284 911 409 985 μᾶλλον
431 908 470 974 a
493 907 642 987 δεξαίμην
672 932 734 978 non
756 912 848 977 illam
869 913 962 976 οοίοοι
983 934 1052 977 rem
1074 915 1218 979 nominat
1240 934 1336 998 qnam
1359 908 1464 998 optet?

329 1115 408 1215 hg.
434 1115 510 1184 471.
534 1139 564 1184 Δ.
589 1122 674 1184 κατὰ
703 1122 760 1198 μέν
792 1122 826 1184 τὸ
858 1122 971 1187 δίκαιον
1002 1122 1105 1195 δοῦλος
1130 1118 1163 1196 ἦν
1187 1125 1337 1188 Ἀλκέτου
1360 1123 1412 1188 καί
1437 1124 1463 1188 εί

284 1220 432 1300 ἐβούλετο
454 1223 497 1287 τύι
520 1222 625 1288 δίκαια
649 1232 743 1290 ποιεῖν
768 1226 921 1291 ἐδούλευεν
944 1225 982 1291 διν
1005 1227 1170 1313 [Ἃλκέτη]
1189 1230 1241 1294 καί
1262 1225 1296 1301 ῆν
1313 1228 1465 1303 εύδιιίμυν

285 1326 371 1391 κατού
389 1350 429 1404 με
447 1327 499 1393 τὸν
520 1328 572 1393 σδν
594 1328 697 1407 λύγον.
731 1329 828 1395 Estne
850 1330 937 1399 idem
960 1330 1062 1400 δοῦλοι
1075 1327 1109 1403 ἦν
1121 1339 1154 1397 et
1176 1332 1345 1409 ἐδούλευεν,
1365 1354 1465 1396 sarar

285 1436 351 1494 erat
372 1435 405 1495 et
425 1432 593 1497 οινυέίαίονα
615 1430 779 1499 secabat?
825 1432 861 1498 Si
890 1456 992 1498 νιοοκοα
1020 1436 1132 1499 domiai
1162 1439 1332 1521 apponitur
1361 1437 1465 1509 δοῦλος

285 1533 320 1610 ῆν
344 1535 526 1614 diesndum,
561 1541 589 1602 si
603 1539 648 1602 dc
677 1539 844 1602 οοοιώὶίίοιιο
873 1546 901 1603 et
922 1546 1002 1603 ούοία
1033 1543 1141 1627 agitur
1170 1541 1333 1606 ἐδούλευεν.
1380 1539 1465 1626 Ergo

285 1638 420 1719 ’Λλκέτη
449 1643 626 1706 insiticium
656 1647 704 1707 est
734 1650 766 1708 et
792 1644 1048 1729 expungendum.
1095 1644 1188 1709 Plato
1216 1648 1284 1730 ipse
1305 1643 1464 1709 Ἀλκέτλῖ

154 1820 156 1823 ¹
285 1763 343 1828 pro
372 1744 507 1825 Ἀλκέτη
535 1749 725 1831 scripsisset,
757 1749 850 1812 utin
873 1747 1060 1814 Macedonia
1083 1749 1263 1827 Ἀμύντας,
1295 1747 1465 1828 Περδίκκας

286 1852 319 1913 et
340 1850 412 1913 sim.
437 1847 585 1914 dicuntur
606 1871 668 1915 non
690 1849 848 1929 Ἀμύντης
873 1856 946 1916 cett.

331 2054 412 2141 Pag.
436 2055 512 2122 471.
536 2074 563 2121 c.
588 2057 761 2137 ’Λρχέλαος
786 2096 828 2107 -
852 2059 903 2123 τὸν
929 2058 1052 2136 μνῆσιον
1074 2064 1127 2124 τοῦ
1150 2058 1315 2139 Περδίκκου
1339 2060 1400 2127 υἱὸν
1423 2096 1466 2109 -

288 2160 331 2233 είς
353 2158 451 2241 Φρέαρ
482 2159 629 2238 ἐμβαλών
654 2161 857 2250 [ἀποπνίξας]
885 2164 957 2243 πρὸς
988 2165 1042 2239 τῆν
1063 2163 1184 2244 μητέρα
1207 2166 1301 2230 οιύτοῦ
1324 2165 1474 2248 Kasara<

287 2286 362 2344 τραν
384 2271 468 2343 χῆνα
492 2261 554 2345 ἔφη
573 2264 704 2330 διώκοντ’
723 2267 868 2344 ἐμπεσεῖν
889 2267 956 2351 [καί
977 2266 1162 2349 austrasis}
1196 2267 1252 2336 Bis
1270 2267 1367 2333 homo
1383 2267 1469 2332 mals

287 2366 416 2433 sedulus
438 2367 581 2432 Platonis
604 2370 779 2436 orationem
800 2371 1019 2456 interpolavit,
1051 2371 1106 2436 sed
1129 2373 1366 2457 compositionis
1387 2373 1468 2436 vitio

287 2473 373 2537 fraus
402 2474 565 2559 arguitur:
598 2494 660 2558 quo
690 2475 790 2540 semel
817 2478 966 2543 attentior
987 2476 1089 2540 factus
1110 2475 1203 2541 facile
1225 2473 1387 2560 intelliges
1408 2476 1470 2538 im·

285 2583 460 2662 portrmum
480 2575 655 2654 ώποπνίξαο
678 2578 771 2663 plane
793 2600 860 2644 esse
882 2582 1037 2656 otiosum,
1063 2585 1095 2644 et
1116 2582 1194 2645 satis
1216 2600 1282 2644 esse
1305 2581 1347 2651 είς
1370 2576 1468 2660 φρέαρ

286 2681 434 2759 ε’μβαλών
457 2687 494 2746 ut
515 2703 651 2767 puerum
672 2686 802 2768 periisse
824 2683 1055 2770 intelligamus.
1101 2686 1217 2748 Activo
1239 2683 1394 2760 ἐμβαλεῖν
1420 2703 1468 2747 re

285 2787 417 2870 spondet
422 2789 586 2871 passivum
596 2787 752 2864 ἐμπεσεῖν,
765 2788 848 2872 quod
858 2787 959 2852 nihilo
971 2790 1076 2874 magis
1087 2786 1202 2851 inutile
1212 2785 1467 2852 additamentum

285 2890 338 2955 καί
373 2891 535 2955 οὶποίανεῖν
568 2893 711 2976 requirit.
757 2890 935 2975 Unicuique
964 2892 1075 2955 statim
1105 2891 1191 2955 fraus
1222 2889 1414 2955 suboluisset
1440 2894 1468 2954 si

285 2993 422 3060 dedisset
443 2995 540 3059 homo
562 2994 710 3070 ἐμπεσεῖν
733 2995 786 3060 καί
809 2996 1030 3071 ἀποπνιγῆναι.

328 3100 487 3184 Arguitur
516 3097 675 3164 emblema
704 3102 803 3165 etiam
825 3098 980 3163 librorum
998 3102 1145 3162 veterum
1168 3100 1374 3176 auctoritate,
1405 3118 1467 3163 non

284 3221 396 3267 eorum
417 3220 495 3284 quos
516 3200 671 3266 habemus
700 3205 933 3268 vetustissimos
958 3210 1039 3266 nono
1061 3206 1132 3285 post
1156 3198 1320 3266 Christum
1344 3202 1467 3267 saeculo

283 3307 492 3390 scriptorum,
527 3304 583 3370 sed
611 3305 716 3372 multo
745 3308 960 3391 antiquiorum
990 3307 1106 3390 quibus
1136 3306 1291 3371 Aristides
1319 3327 1397 3371 usus
1418 3312 1468 3371 est

283 3408 408 3477 saeculo
441 3409 577 3474 secundo
610 3416 753 3476 exeunte.
799 3410 913 3476 Exstat
946 3412 1032 3475 enim
1061 3409 1150 3475 locus
1179 3409 1264 3495 apud
1293 3409 1468 3476 Aristidem

283 3514 374 3581 Tem.
398 3514 429 3579 11
451 3535 524 3601 pag.
550 3511 604 3579 73.
636 3514 809 3594 Ἀρχέλαος
834 3552 877 3563 -
899 3513 951 3577 τδν
980 3513 1093 3587 ἐπτέτη
1126 3514 1237 3580 ἐκείνου
1273 3512 1467 3600 (Perdiccae)

282 3618 384 3684 παῖδα
407 3619 450 3691 εἰς
474 3616 510 3683 τδ
533 3616 632 3698 Φρέαρ
662 3617 812 3697 ἐμβαλών
839 3616 900 3700 ἔφη
924 3618 995 3698 πρδς
1021 3616 1224 3698 Κλεοπάτραν
1248 3617 1394 3683 διώκοντα
1414 3618 1467 3682 τδν

281 3731 370 3804 χῆνα
403 3723 571 3800 ἐμπεσεῖν,
606 3722 663 3786 ubi
691 3721 864 3808 legendum
892 3721 1037 3788 διώκοντα
1068 3731 1220 3788 ATTON
1252 3732 1337 3803 χῆνα
1368 3723 1467 3799 ἐμπε-

283 3852 357 3894 σειν.

327 4036 408 4125 Peg.
432 4033 508 4102 471.
532 4054 563 4102 D.
587 4036 640 4102 καί
663 4039 736 4102 κατ’
759 4037 864 4118 aazia
887 4042 944 4102 τῶν
967 4037 1088 4115 λύμαν,
1120 4036 1141 4103 ώ
1165 4044 1271 4115 Πώλε,
1305 4035 1407 4117 ἐγυμέ
1430 4060 1467 4101 σε

283 4143 419 4223 ε’πῆνεσα
449 4136 494 4205 ύτι
526 4165 577 4218 μοι
608 4141 703 4212 δοκεῖς
734 4139 767 4207 εὖ
797 4141 869 4223 πρὸς
898 4144 1050 4223 ρἠτορικῆν
1082 4144 1325 4219 πεπαιδεῦσθαι,
1356 4146 1409 4207 τοῦ
1433 4140 1466 4206 δέ

283 4243 481 4322 διαλέρεσύαι
504 4245 720 4330 ῆμεληκέναι.]
767 4246 852 4312 Fieri
880 4265 942 4310 non
963 4251 1068 4331 potest
1091 4252 1129 4312 ut
1151 4249 1228 4313 haec
1252 4240 1396 4314 Socrates
1419 4248 1465 4310 sic

283 4348 408 4413 dixerit.
454 4348 524 4414 Non
546 4355 594 4414 est
617 4353 702 4414 enim
725 4351 802 4416 haec
824 4350 910 4426 laus,
942 4350 996 4415 sed
1020 4354 1099 4416 acris
1122 4356 1229 4435 potius
1252 4352 1462 4436 vituperatio,
