3276 5006
562 354 604 401 ΔΙ)
626 353 782 403 suasoms
805 352 957 402 GORGIAM.

212 524 245 587 et
266 522 301 587 in
329 521 431 607 Oedip.
460 520 528 609 Tyr.
554 522 632 591 320.

548 631 630 712 ideo
653 629 716 709 γὰρ
738 632 774 697 τθ
797 628 848 694 σθν
870 652 906 693 το
920 626 970 693 σθ

393 736 481 812 esre
507 735 604 799 δνοθσα
628 734 741 810 τοθμθν
763 736 798 812 ἢν
823 734 889 811 ἐμοὶ
915 734 996 815 τίθη.

212 836 336 903 Possim
369 839 546 927 Aeschylo,
583 839 747 927 Sophocli,
782 839 946 925 Euripidi,
979 838 1185 924 Aristophani
1216 837 1357 904 redditae

85 950 88 959 '
167 949 242 1008 sunt
263 943 384 1009 formae
402 950 524 1011 veteres
543 948 629 1012 τοθοῦ
640 995 648 1023 ,
671 946 811 1018 τίθεσθε,
835 944 992 1020 τοθέσθαο,
1017 944 1174 1023 τοθθμενος
1196 965 1253 1030 pro
1272 953 1358 1009 ssei-

168 1050 234 1121 θον,
265 1051 441 1127 neuma,
474 1057 534 1117 cet.
581 1052 671 1117 Idem
694 1053 728 1116 in
751 1049 883 1135 reliquis
909 1052 1029 1136 passim
1052 1049 1250 1127 faciendum,
1283 1050 1359 1135 quia

166 1153 289 1220 librani
323 1159 441 1222 amissa
474 1156 555 1223 olim
587 1146 693 1224 vetere
723 1157 833 1222 coristi
863 1156 966 1222 forma
997 1157 1088 1222 τνθθν
1117 1160 1150 1221 61
1180 1154 1356 1232 τνθθμενοσ,

166 1262 368 1345 superstitem
392 1261 547 1340 formam,
575 1282 672 1346 quam
695 1261 797 1328 solam
818 1268 990 1340 noverant,
1014 1261 1261 1328 substituebant.
1297 1260 1358 1327 Dc·

166 1365 348 1432 mosthenes
371 1388 444 1455 pag.
471 1366 568 1433 1086.
594 1369 655 1447 οὐχ
679 1368 818 1443 tmesis
842 1368 873 1431 ἐν
893 1366 1055 1448 δνκατηοίῳ
1074 1369 1148 1433 αλλ’
1168 1366 1226 1431 iri
1244 1367 1359 1433 τούτων

167 1471 338 1546 οὶτατηθεὶο
369 1473 421 1538 καὶ
454 1482 517 1547 τοῖο
549 1474 665 1545 οἰκοθοος
695 1472 902 1552 ΠθΙθθμενος.
929 1477 962 1539 61
984 1494 1057 1561 pag.
1083 1470 1170 1537 1133
1192 1472 1209 1548 θ
1234 1475 1356 1549 γυναικὶ

166 1575 361 1654 ΠΕΙθθαενον
393 1578 410 1654 ἢ
444 1579 501 1644 dcci
534 1578 633 1659 γημας
663 1577 928 1661 καταληφθέντα,
966 1582 999 1644 61
1028 1598 1103 1666 pag.
1131 1574 1227 1643 1183.
1260 1576 1357 1658 ἄκυρα

166 1685 272 1746 ταῦτα
301 1681 409 1751 τοὶντα
440 1685 654 1762 ἐνομοθέτησεν
689 1680 766 1749 εἶναι
790 1685 804 1749 θ
830 1681 935 1748 Σθλον
957 1680 991 1757 θ’,
1026 1706 1056 1748 το
1087 1681 1126 1749 θν
1156 1707 1204 1756 τις
1235 1683 1359 1762 γυναικὶ

166 1786 361 1865 Πθῐθθαενος
393 1791 528 1871 τρθττη.
575 1789 613 1856 ln
643 1789 700 1856 his.
723 1791 793 1876 ipsa
823 1791 870 1854 rei
899 1794 1014 1856 natura
1042 1789 1185 1854 οοτίοθκοσ
1206 1788 1357 1876 postulet.

167 1891 259 1974 Quod
289 1900 356 1959 erat
386 1896 421 1960 in
450 1898 530 1982 ipsis
553 1895 679 1963 Solonis
701 1894 828 1984 legibus
850 1898 1006 1981 scriptum
1030 1896 1189 1972 τνθθαενον
1213 1901 1246 1961 61
1267 1897 1359 1960 τνθθν

166 1999 346 2065 retinebant
368 2002 402 2064 in
425 2001 550 2067 dicendi
573 2023 635 2067 usu
657 2021 852 2086 quamquam
877 2001 1015 2087 populus
1038 2003 1171 2075 τενσθεθς
1195 2007 1227 2067 51
1246 2002 1358 2073 τείσας

167 2123 224 2189 pro
253 2104 321 2171 illis
352 2111 496 2191 coeperat
527 2107 640 2173 dicere.
687 2106 736 2172 Ex
767 2105 879 2195 legum
909 2106 1016 2174 verbis
1038 2111 1183 2174 manavit
1205 2106 1290 2194 quod
1312 2111 1360 2173 651
1398 2180 1402 2187 ,

168 2208 253 2294 apud
275 2210 521 2296 Aristophanem
544 2215 579 2278 in
601 2214 692 2279 Plato
716 2211 792 2278 949.

317 2315 389 2382 οθτε
412 2317 606 2396 siscliensis
630 2320 721 2385 τνθὼν
746 2356 788 2368 -
814 2318 885 2384 οὔτε
907 2320 962 2394 την
984 2319 1162 2394 ἐκκλησίαν.

169 2430 202 2490 61
222 2426 257 2491 ia
278 2425 380 2489 *seno
404 2424 502 2491 1168.

566 2532 599 2596 οὐ
622 2532 713 2597 τνθθνν
736 2531 807 2602 τοὺς
830 2531 958 2610 κνρθονς.

214 2635 361 2703 Indidem
383 2638 500 2703 sumsit
522 2634 616 2702 Plato
638 2637 675 2700 dc
697 2635 787 2718 hesy.
811 2657 885 2723 pag.
910 2633 986 2700 913.
999 2654 1031 2701 A.
1055 2635 1100 2713 μή
1124 2658 1171 2707 τις
1196 2641 1255 2700 τῶν
1280 2637 1359 2714 ἐμῶν

168 2742 339 2825 χρημάτων
363 2739 493 2808 θττοντο
518 2780 560 2791 -
583 2742 639 2819 ἐμὲ
663 2742 793 2823 μηδαμῇ
817 2741 969 2818 μηδαμῶς
993 2742 1115 2819 illicis,
1140 2761 1216 2806 nam
1239 2743 1285 2807 sic
1308 2760 1361 2808 ne·

169 2849 303 2915 ceccano
335 2870 392 2939 pro
424 2847 533 2913 τεθθον
564 2847 776 2914 scribendum.
823 2844 898 2912 Suis
928 2845 1035 2913 verbis
1064 2846 1147 2911 dixit
1176 2847 1264 2913 idem
1286 2869 1360 2935 pag.

170 2950 247 3019 845.
270 2972 302 3018 A.
327 2953 382 3018 ἕοὶν
412 2953 517 3026 δοῦλος
547 2955 593 3032 μη
624 2954 693 3017 sesi
701 2976 775 3025 σας
806 2953 857 3016 τὸν
887 2951 1038 3026 δεσπότην
1061 2949 1207 3027 ἅπτηταί
1227 2974 1279 3017 του
1302 2959 1361 3017 τῶν

169 3059 295 3139 χωρίων.

215 3165 266 3231 Ad
295 3165 433 3232 eundem
462 3166 565 3253 igitur
595 3164 729 3230 modum
759 3184 1000 3250 nonnumquam
1030 3165 1126 3230 τνθεῑν
1159 3170 1218 3231 561.
1243 3171 1277 3232 61
1297 3186 1362 3234 sae

170 3271 302 3357 pissime
335 3272 474 3338 πιθέσθαι
509 3277 557 3337 651
590 3270 848 3348 restituendum,
883 3270 1079 3356 ubicumque
1112 3270 1174 3337 loci
1207 3275 1364 3339 sententia
1437 3294 1442 3305 ’

170 3378 314 3442 cerotem
334 3379 478 3464 requirit.

216 3588 295 3676 Pag.
321 3586 398 3654 507.
422 3606 453 3653 1).
479 3585 731 3669 ταρασκευατέον
755 3586 882 3665 ariasso
906 3589 963 3665 μὲν
985 3586 1079 3666 μηδὲν
1104 3587 1219 3653 δεῖσθαι
1243 3590 1297 3652 τοῦ
1316 3611 1363 3652 κο·

171 3694 338 3776 λθζεσθαν.
364 3693 417 3759 ἐὰν
440 3693 472 3758 δὲ
497 3693 586 3773 δεηθῇ
609 3730 652 3742 -
677 3693 828 3758 ἐτνθετέον
852 3693 946 3766 δθκην.
981 3692 1085 3757 Periit
1107 3691 1222 3758 vocula
1245 3692 1285 3758 ab
1308 3693 1365 3758 At

171 3803 245 3866 ticis
267 3803 302 3866 in
324 3821 362 3866 ea
384 3802 612 3885 compositione
631 3800 728 3864 inseri
748 3798 858 3876 solita,
884 3801 975 3864 cuius
994 3804 1087 3864 vetus
1107 3797 1365 3883 compendiolum

172 3908 325 3975 ascribis
355 3927 418 3972 non
448 3905 649 3971 intellectum
679 3924 771 3989 saepe
800 3906 835 3968 in
865 3924 960 3969 causa
990 3903 1054 3968 fuit
1083 3907 1122 3968 ut
1151 3905 1314 3969 omitteret
1356 3951 1362 3967 .

172 4012 273 4080 Scrib.
298 4013 352 4077 ἐὰν
376 4010 401 4075 δ’
422 4013 523 4076 ’‘APA
547 4011 645 4094 δεηθῇ.
693 4009 929 4095 Theophrastus
956 4010 1042 4073 Char.
1068 4008 1135 4093 cap.
1162 4006 1214 4073 18.
1238 4008 1364 4083 αθλοτα

171 4119 229 4196 μὲν
252 4121 296 4196 μη
320 4118 438 4189 δοῦναι.
464 4118 503 4184 δν
526 4117 553 4181 δ’
573 4118 669 4182 '‘APA
696 4139 742 4188 τος
767 4117 872 4186 οἰκεῖος
897 4113 914 4196 ἦ
938 4114 1000 4178 κτὲ.
1048 4114 1221 4179 Aeschines
1244 4117 1278 4179 in
1304 4116 1365 4181 Cte-

170 4225 247 4309 oiplc.
272 4225 289 4308 ᾖ
312 4221 390 4289 203.
422 4223 548 4302 μοθλνςα
579 4225 637 4302 μὲν
666 4224 710 4300 μη
743 4221 947 4301 προσδέχεσθε
971 4257 1014 4268 -
1039 4218 1077 4285 θον
1107 4220 1133 4284 δ’
1159 4222 1259 4285 '‘APA
1292 4221 1365 4299 ὑμῖν

172 4329 243 4412 iiic
270 4328 402 4395 ακοθενν.
458 4329 688 4396 Demosthenes
718 4329 755 4393 dc
790 4329 904 4392 Οονοννο
932 4347 1006 4414 pag.
1033 4324 1117 4405 318,
1153 4325 1204 4393 24.
1239 4327 1365 4406 μθλνςα

171 4436 230 4514 μὲν
251 4438 297 4514 μη
320 4436 404 4518 ἔχειν
430 4473 470 4485 ·-
496 4437 521 4500 si
546 4434 572 4500 δ’
593 4436 673 4501 ’‘AP’
703 4433 830 4511 θονοὶνκη
863 4433 926 4498 κτὲ.
957 4439 989 4498 61
1011 4452 1084 4520 pag.
1110 4430 1193 4513 332,
1219 4433 1273 4501 30.
1299 4434 1364 4513 μοὶ·
