<?xml version="1.0" encoding="UTF-8"?>
<!DOCTYPE html PUBLIC "-//W3C//DTD XHTML 1.0 Transitional//EN"
    "http://www.w3.org/TR/xhtml1/DTD/xhtml1-transitional.dtd">
<html xmlns="http://www.w3.org/1999/xhtml" xml:lang="en" lang="en">
 <head>
  <title>
</title>
<meta http-equiv="Content-Type" content="text/html;charset=utf-8" />
  <meta name='ocr-system' content='tesseract 3.04.00' />
  <meta name='ocr-capabilities' content='ocr_page ocr_carea ocr_par ocr_line ocrx_word'/>
</head>
<body>
  <div class='ocr_page' id='page_1' title='image "./mnemosynebiblio00servgoog_0128.png"; bbox 0 0 3340 5014; ppageno 0'>
   <div class='ocr_carea' id='block_1_1' title="bbox 635 369 1424 437">
    <p class='ocr_par' dir='ltr' id='par_1_1' title="bbox 635 369 1424 437">
     <span class='ocr_line' id='line_1_1' title="bbox 635 369 1424 437; baseline 0.003 -2"><span class='ocrx_word' id='word_1_1' title='bbox 635 388 826 435; x_wconf 79' lang='lat' dir='ltr'><strong>rurcocooucu</strong></span> <span class='ocrx_word' id='word_1_2' title='bbox 851 389 887 436; x_wconf 84' lang='lat' dir='ltr'><strong><em>er</em></strong></span> <span class='ocrx_word' id='word_1_3' title='bbox 910 388 1035 435; x_wconf 77' lang='lat' dir='ltr'><strong>carruca.</strong></span> <span class='ocrx_word' id='word_1_4' title='bbox 1362 369 1424 437; x_wconf 85' lang='lat'><strong><em>117</em></strong></span> 
     </span>
    </p>
   </div>
   <div class='ocr_carea' id='block_1_2' title="bbox 234 554 1430 4579">
    <p class='ocr_par' dir='ltr' id='par_1_2' title="bbox 234 554 1428 3090">
     <span class='ocr_line' id='line_1_2' title="bbox 281 554 1424 644; baseline 0.004 -23"><span class='ocrx_word' id='word_1_5' title='bbox 281 554 359 622; x_wconf 82' lang='lat' dir='ltr'><strong>Tria</strong></span> <span class='ocrx_word' id='word_1_6' title='bbox 383 554 602 644; x_wconf 78' lang='lat' dir='ltr'><strong>psephismata</strong></span> <span class='ocrx_word' id='word_1_7' title='bbox 626 577 644 623; x_wconf 89' lang='lat' dir='ltr'><strong>a</strong></span> <span class='ocrx_word' id='word_1_8' title='bbox 668 577 703 625; x_wconf 84' lang='lat' dir='ltr'><strong><em>se</em></strong></span> <span class='ocrx_word' id='word_1_9' title='bbox 726 556 808 624; x_wconf 87' lang='lat' dir='ltr'><strong>lecta</strong></span> <span class='ocrx_word' id='word_1_10' title='bbox 836 564 1068 624; x_wconf 86' lang='lat' dir='ltr'><strong>oonnuemorat</strong></span> <span class='ocrx_word' id='word_1_11' title='bbox 1092 555 1286 625; x_wconf 78' lang='lat' dir='ltr'>Plutarchus</span> <span class='ocrx_word' id='word_1_12' title='bbox 1310 558 1343 625; x_wconf 93' lang='lat' dir='ltr'><strong><em>in</em></strong></span> <span class='ocrx_word' id='word_1_13' title='bbox 1365 559 1424 627; x_wconf 89' lang='lat' dir='ltr'><strong><em>Pe·</em></strong></span> 
     </span>
     <span class='ocr_line' id='line_1_3' title="bbox 236 660 1422 750; baseline 0.003 -23"><span class='ocrx_word' id='word_1_14' title='bbox 236 660 314 728; x_wconf 77' lang='lat' dir='ltr'><strong>risle</strong></span> <span class='ocrx_word' id='word_1_15' title='bbox 345 682 416 750; x_wconf 89' lang='lat' dir='ltr'><strong>cap.</strong></span> <span class='ocrx_word' id='word_1_16' title='bbox 448 667 491 729; x_wconf 74' lang='lat'><strong><em>32</em></strong></span> <span class='ocrx_word' id='word_1_17' title='bbox 526 664 578 730; x_wconf 79' lang='grc' dir='ltr'><strong><em>καί</em></strong></span> <span class='ocrx_word' id='word_1_18' title='bbox 610 666 767 747; x_wconf 74' lang='grc' dir='ltr'><strong><em>ψήφισμα</em></strong></span> <span class='ocrx_word' id='word_1_19' title='bbox 794 664 956 740; x_wconf 73' lang='grc' dir='ltr'><em>Διοπείθης</em></span> <span class='ocrx_word' id='word_1_20' title='bbox 988 660 1127 745; x_wconf 76' lang='grc' dir='ltr'><strong><em>ἔγραψεν</em></strong></span> <span class='ocrx_word' id='word_1_21' title='bbox 1155 663 1422 744; x_wconf 69' lang='grc' dir='ltr'><strong><em>εἰσαγγέλλεσθαι</em></strong></span> 
     </span>
     <span class='ocr_line' id='line_1_4' title="bbox 234 768 1424 853; baseline 0.003 -19"><span class='ocrx_word' id='word_1_22' title='bbox 234 768 306 843; x_wconf 83' lang='grc' dir='ltr'><strong><em>τοὺς</em></strong></span> <span class='ocrx_word' id='word_1_23' title='bbox 328 769 373 835; x_wconf 80' lang='grc' dir='ltr'><strong><em>τόν</em></strong></span> <span class='ocrx_word' id='word_1_24' title='bbox 400 772 467 836; x_wconf 83' lang='grc' dir='ltr'><strong><em>όεῑα</em></strong></span> <span class='ocrx_word' id='word_1_25' title='bbox 498 773 543 849; x_wconf 68' lang='lat' dir='ltr'><strong>pa</strong></span> <span class='ocrx_word' id='word_1_26' title='bbox 566 769 743 853; x_wconf 72' lang='grc' dir='ltr'><em>νομίζοντας</em></span> <span class='ocrx_word' id='word_1_27' title='bbox 775 771 792 848; x_wconf 70' lang='grc' dir='ltr'><em>ἢ</em></span> <span class='ocrx_word' id='word_1_28' title='bbox 815 768 928 850; x_wconf 84' lang='grc' dir='ltr'><strong><em>λόγους</em></strong></span> <span class='ocrx_word' id='word_1_29' title='bbox 958 771 1025 852; x_wconf 83' lang='grc' dir='ltr'><strong><em>περὶ</em></strong></span> <span class='ocrx_word' id='word_1_30' title='bbox 1049 778 1108 836; x_wconf 77' lang='grc' dir='ltr'><strong><em>τῶν</em></strong></span> <span class='ocrx_word' id='word_1_31' title='bbox 1130 771 1302 852; x_wconf 71' lang='grc' dir='ltr'><strong><em>μεταρσίων</em></strong></span> <span class='ocrx_word' id='word_1_32' title='bbox 1322 770 1424 837; x_wconf 86' lang='grc' dir='ltr'><strong><em>διδοίσ·</em></strong></span> 
     </span>
     <span class='ocr_line' id='line_1_5' title="bbox 235 876 1421 960; baseline 0.003 -19"><span class='ocrx_word' id='word_1_33' title='bbox 235 898 346 949; x_wconf 91' lang='grc' dir='ltr'><strong><em>κοντας</em></strong></span> <span class='ocrx_word' id='word_1_34' title='bbox 375 876 606 957; x_wconf 68' lang='grc' dir='ltr'><strong><em>ἀπερειδόμενος</em></strong></span> <span class='ocrx_word' id='word_1_35' title='bbox 637 880 680 952; x_wconf 82' lang='grc' dir='ltr'><strong><em>τίς</em></strong></span> <span class='ocrx_word' id='word_1_36' title='bbox 709 877 861 960; x_wconf 74' lang='grc' dir='ltr'><strong><em>Περικλέα</em></strong></span> <span class='ocrx_word' id='word_1_37' title='bbox 891 877 929 943; x_wconf 89' lang='grc' dir='ltr'><strong><em>δι’</em></strong></span> <span class='ocrx_word' id='word_1_38' title='bbox 956 878 1167 959; x_wconf 79' lang='grc' dir='ltr'><strong><em>’λναξαγόρου</em></strong></span> <span class='ocrx_word' id='word_1_39' title='bbox 1191 880 1246 954; x_wconf 76' lang='grc' dir='ltr'><strong><em>την</em></strong></span> <span class='ocrx_word' id='word_1_40' title='bbox 1268 876 1421 944; x_wconf 76' lang='grc' dir='ltr'><strong><em>ὑπόνοιαν.</em></strong></span> 
     </span>
     <span class='ocr_line' id='line_1_6' title="bbox 235 980 1423 1065; baseline 0.003 -20"><span class='ocrx_word' id='word_1_41' title='bbox 235 980 416 1061; x_wconf 76' lang='grc' dir='ltr'><strong><em>Δεχομένου</em></strong></span> <span class='ocrx_word' id='word_1_42' title='bbox 439 981 471 1048; x_wconf 83' lang='grc' dir='ltr'><strong><em>δέ</em></strong></span> <span class='ocrx_word' id='word_1_43' title='bbox 493 987 548 1048; x_wconf 82' lang='grc' dir='ltr'><strong><em>τοῦ</em></strong></span> <span class='ocrx_word' id='word_1_44' title='bbox 568 983 664 1062; x_wconf 79' lang='grc' dir='ltr'><strong><em>δύμον</em></strong></span> <span class='ocrx_word' id='word_1_45' title='bbox 687 986 740 1050; x_wconf 84' lang='grc' dir='ltr'><strong><em>καί</em></strong></span> <span class='ocrx_word' id='word_1_46' title='bbox 764 981 960 1065; x_wconf 80' lang='grc' dir='ltr'><strong><em>προσιεμένου</em></strong></span> <span class='ocrx_word' id='word_1_47' title='bbox 984 984 1043 1057; x_wconf 83' lang='grc' dir='ltr'><strong><em>σόος</em></strong></span> <span class='ocrx_word' id='word_1_48' title='bbox 1067 982 1220 1061; x_wconf 69' lang='grc' dir='ltr'><strong><em>διαβολὰς</em></strong></span> <span class='ocrx_word' id='word_1_49' title='bbox 1244 981 1336 1058; x_wconf 80' lang='grc' dir='ltr'><strong><em>οὕτως</em></strong></span> <span class='ocrx_word' id='word_1_50' title='bbox 1368 983 1423 1062; x_wconf 75' lang='grc' dir='ltr'><strong><em>ἤδη</em></strong></span> 
     </span>
     <span class='ocr_line' id='line_1_7' title="bbox 234 1085 1423 1173; baseline 0.003 -21"><span class='ocrx_word' id='word_1_51' title='bbox 234 1090 392 1170; x_wconf 74' lang='grc' dir='ltr'><strong><em>ψήφισμα</em></strong></span> <span class='ocrx_word' id='word_1_52' title='bbox 416 1094 560 1169; x_wconf 77' lang='grc' dir='ltr'><strong><em>κυροῦται</em></strong></span> <span class='ocrx_word' id='word_1_53' title='bbox 583 1090 787 1172; x_wconf 74' lang='grc' dir='ltr'><strong><em>Δρακοντίδου</em></strong></span> <span class='ocrx_word' id='word_1_54' title='bbox 811 1088 992 1173; x_wconf 74' lang='grc' dir='ltr'><strong><em>γράψαντος</em></strong></span> <span class='ocrx_word' id='word_1_55' title='bbox 1012 1085 1092 1163; x_wconf 87' lang='grc' dir='ltr'><strong><em>όπως</em></strong></span> <span class='ocrx_word' id='word_1_56' title='bbox 1112 1091 1138 1156; x_wconf 83' lang='grc' dir='ltr'><strong><em>οἱ</em></strong></span> <span class='ocrx_word' id='word_1_57' title='bbox 1156 1089 1245 1170; x_wconf 91' lang='grc' dir='ltr'><strong><em>λόγοι</em></strong></span> <span class='ocrx_word' id='word_1_58' title='bbox 1269 1098 1327 1157; x_wconf 79' lang='grc' dir='ltr'><strong><em>τῶν</em></strong></span> <span class='ocrx_word' id='word_1_59' title='bbox 1346 1113 1423 1172; x_wconf 80' lang='grc' dir='ltr'><strong><em>χρη·</em></strong></span> 
     </span>
     <span class='ocr_line' id='line_1_8' title="bbox 235 1192 1424 1278; baseline 0.004 -21"><span class='ocrx_word' id='word_1_60' title='bbox 235 1192 345 1273; x_wconf 81' lang='grc' dir='ltr'><strong><em>μύτων</em></strong></span> <span class='ocrx_word' id='word_1_61' title='bbox 369 1193 427 1258; x_wconf 87' lang='grc' dir='ltr'><strong><em>ὑπό</em></strong></span> <span class='ocrx_word' id='word_1_62' title='bbox 451 1194 630 1275; x_wconf 77' lang='grc' dir='ltr'><strong><em>Περικλέους</em></strong></span> <span class='ocrx_word' id='word_1_63' title='bbox 650 1198 694 1269; x_wconf 87' lang='grc' dir='ltr'><strong><em>είς</em></strong></span> <span class='ocrx_word' id='word_1_64' title='bbox 713 1197 783 1272; x_wconf 78' lang='grc' dir='ltr'><strong><em>τοὺς</em></strong></span> <span class='ocrx_word' id='word_1_65' title='bbox 796 1194 963 1278; x_wconf 89' lang='grc' dir='ltr'><strong><em>Πρυτιίνεις</em></strong></span> <span class='ocrx_word' id='word_1_66' title='bbox 982 1197 1174 1274; x_wconf 84' lang='grc' dir='ltr'><strong><em>οίποτεόεῑεν,</em></strong></span> <span class='ocrx_word' id='word_1_67' title='bbox 1198 1197 1224 1263; x_wconf 75' lang='grc' dir='ltr'><strong><em>οἱ</em></strong></span> <span class='ocrx_word' id='word_1_68' title='bbox 1244 1195 1276 1261; x_wconf 84' lang='grc' dir='ltr'><strong><em>δέ</em></strong></span> <span class='ocrx_word' id='word_1_69' title='bbox 1299 1196 1424 1266; x_wconf 58' lang='lat' dir='ltr'><strong>aruerat</strong></span> 
     </span>
     <span class='ocr_line' id='line_1_9' title="bbox 234 1300 1424 1385; baseline 0.001 -19"><span class='ocrx_word' id='word_1_70' title='bbox 234 1302 291 1377; x_wconf 75' lang='grc' dir='ltr'><strong><em>την</em></strong></span> <span class='ocrx_word' id='word_1_71' title='bbox 313 1304 421 1383; x_wconf 79' lang='grc' dir='ltr'><strong><em>ψῆφον</em></strong></span> <span class='ocrx_word' id='word_1_72' title='bbox 437 1300 501 1366; x_wconf 81' lang='grc' dir='ltr'><strong><em>οίπδ</em></strong></span> <span class='ocrx_word' id='word_1_73' title='bbox 520 1306 575 1368; x_wconf 80' lang='grc' dir='ltr'><strong><em>τοῦ</em></strong></span> <span class='ocrx_word' id='word_1_74' title='bbox 594 1301 704 1381; x_wconf 82' lang='grc' dir='ltr'><strong><em>βωμοῦ</em></strong></span> <span class='ocrx_word' id='word_1_75' title='bbox 726 1302 870 1385; x_wconf 85' lang='grc' dir='ltr'><strong><em>φέροντες</em></strong></span> <span class='ocrx_word' id='word_1_76' title='bbox 895 1303 924 1366; x_wconf 84' lang='grc' dir='ltr'><strong><em>έν</em></strong></span> <span class='ocrx_word' id='word_1_77' title='bbox 948 1311 987 1385; x_wconf 71' lang='grc' dir='ltr'><strong><em>τῇ</em></strong></span> <span class='ocrx_word' id='word_1_78' title='bbox 1012 1302 1099 1367; x_wconf 86' lang='grc' dir='ltr'><strong><em>πόλει</em></strong></span> <span class='ocrx_word' id='word_1_79' title='bbox 1124 1304 1255 1383; x_wconf 91' lang='grc' dir='ltr'><strong><em>κρίνοιεν.</em></strong></span> <span class='ocrx_word' id='word_1_80' title='bbox 1299 1301 1424 1380; x_wconf 73' lang='grc' dir='ltr'><strong><em>’λγνων</em></strong></span> 
     </span>
     <span class='ocr_line' id='line_1_10' title="bbox 236 1405 1423 1492; baseline 0.002 -20"><span class='ocrx_word' id='word_1_81' title='bbox 236 1405 268 1472; x_wconf 79' lang='grc' dir='ltr'><strong><em>δέ</em></strong></span> <span class='ocrx_word' id='word_1_82' title='bbox 291 1410 382 1472; x_wconf 80' lang='grc' dir='ltr'><strong><em>τοῦτο</em></strong></span> <span class='ocrx_word' id='word_1_83' title='bbox 404 1407 462 1486; x_wconf 79' lang='grc' dir='ltr'><strong><em>μέν</em></strong></span> <span class='ocrx_word' id='word_1_84' title='bbox 478 1410 594 1491; x_wconf 80' lang='grc' dir='ltr'><strong><em>οδφεῒλε</em></strong></span> <span class='ocrx_word' id='word_1_85' title='bbox 614 1412 668 1474; x_wconf 84' lang='grc' dir='ltr'><strong><em>τού</em></strong></span> <span class='ocrx_word' id='word_1_86' title='bbox 680 1411 910 1492; x_wconf 78' lang='grc' dir='ltr'><strong><em>ψηφίσματος,</em></strong></span> <span class='ocrx_word' id='word_1_87' title='bbox 935 1408 1084 1488; x_wconf 87' lang='grc' dir='ltr'><strong><em>κρίνεσόαι</em></strong></span> <span class='ocrx_word' id='word_1_88' title='bbox 1104 1408 1135 1474; x_wconf 80' lang='grc' dir='ltr'><strong><em>δέ</em></strong></span> <span class='ocrx_word' id='word_1_89' title='bbox 1155 1411 1210 1485; x_wconf 77' lang='grc' dir='ltr'><strong><em>την</em></strong></span> <span class='ocrx_word' id='word_1_90' title='bbox 1230 1408 1313 1484; x_wconf 92' lang='grc' dir='ltr'><strong><em>δίκην</em></strong></span> <span class='ocrx_word' id='word_1_91' title='bbox 1331 1406 1423 1491; x_wconf 75' lang='grc' dir='ltr'><strong><em>ἔγρα-</em></strong></span> 
     </span>
     <span class='ocr_line' id='line_1_11' title="bbox 236 1513 1427 1596; baseline 0.003 -18"><span class='ocrx_word' id='word_1_92' title='bbox 236 1521 295 1596; x_wconf 78' lang='grc' dir='ltr'><strong><em>ψεν</em></strong></span> <span class='ocrx_word' id='word_1_93' title='bbox 318 1514 350 1578; x_wconf 81' lang='grc' dir='ltr'><strong><em>έν</em></strong></span> <span class='ocrx_word' id='word_1_94' title='bbox 372 1513 516 1587; x_wconf 71' lang='grc' dir='ltr'><strong><em>δικασταῖς</em></strong></span> <span class='ocrx_word' id='word_1_95' title='bbox 535 1515 651 1594; x_wconf 83' lang='grc' dir='ltr'><strong><em>χιλίοις</em></strong></span> <span class='ocrx_word' id='word_1_96' title='bbox 669 1515 723 1581; x_wconf 85' lang='grc' dir='ltr'><strong><em>καί</em></strong></span> <span class='ocrx_word' id='word_1_97' title='bbox 743 1515 953 1588; x_wconf 87' lang='grc' dir='ltr'><strong><em>πεντακοσίοις</em></strong></span> <span class='ocrx_word' id='word_1_98' title='bbox 964 1513 1030 1581; x_wconf 93' lang='grc' dir='ltr'><strong><em>είτε</em></strong></span> <span class='ocrx_word' id='word_1_99' title='bbox 1045 1522 1162 1590; x_wconf 77' lang='grc' dir='ltr'><strong><em>κλοπῆς</em></strong></span> <span class='ocrx_word' id='word_1_100' title='bbox 1183 1515 1235 1580; x_wconf 81' lang='grc' dir='ltr'><strong><em>καὶ</em></strong></span> <span class='ocrx_word' id='word_1_101' title='bbox 1248 1514 1343 1596; x_wconf 85' lang='grc' dir='ltr'><strong><em>δύρων</em></strong></span> <span class='ocrx_word' id='word_1_102' title='bbox 1362 1513 1427 1581; x_wconf 88' lang='grc' dir='ltr'><strong><em>είτε</em></strong></span> 
     </span>
     <span class='ocr_line' id='line_1_12' title="bbox 235 1619 1426 1710; baseline 0.001 -24"><span class='ocrx_word' id='word_1_103' title='bbox 235 1620 354 1686; x_wconf 74' lang='grc' dir='ltr'><strong><em>ύδικίου</em></strong></span> <span class='ocrx_word' id='word_1_104' title='bbox 372 1619 518 1698; x_wconf 81' lang='grc' dir='ltr'><strong><em>βούλοιτό</em></strong></span> <span class='ocrx_word' id='word_1_105' title='bbox 535 1643 582 1694; x_wconf 91' lang='grc' dir='ltr'><strong><em>τις</em></strong></span> <span class='ocrx_word' id='word_1_106' title='bbox 599 1620 758 1705; x_wconf 79' lang='grc' dir='ltr'><strong><em>όνομοίζειν</em></strong></span> <span class='ocrx_word' id='word_1_107' title='bbox 775 1624 832 1698; x_wconf 75' lang='grc' dir='ltr'><strong><em>την</em></strong></span> <span class='ocrx_word' id='word_1_108' title='bbox 854 1621 964 1700; x_wconf 78' lang='grc' dir='ltr'><strong><em>δίωξιν.</em></strong></span> <span class='ocrx_word' id='word_1_109' title='bbox 990 1622 1026 1687; x_wconf 87' lang='lat' dir='ltr'><strong><em>lu</em></strong></span> <span class='ocrx_word' id='word_1_110' title='bbox 1049 1621 1099 1688; x_wconf 87' lang='lat' dir='ltr'><strong>his</strong></span> <span class='ocrx_word' id='word_1_111' title='bbox 1120 1641 1246 1710; x_wconf 85' lang='lat' dir='ltr'><strong>quoque</strong></span> <span class='ocrx_word' id='word_1_112' title='bbox 1258 1619 1426 1707; x_wconf 82' lang='lat' dir='ltr'><strong>complura</strong></span> 
     </span>
     <span class='ocr_line' id='line_1_13' title="bbox 236 1726 1425 1815; baseline 0.002 -24"><span class='ocrx_word' id='word_1_113' title='bbox 236 1734 426 1812; x_wconf 75' lang='lat' dir='ltr'><strong>comparent</strong></span> <span class='ocrx_word' id='word_1_114' title='bbox 457 1727 619 1804; x_wconf 73' lang='grc' dir='ltr'><strong><em>αύτολεξεί</em></strong></span> <span class='ocrx_word' id='word_1_115' title='bbox 640 1747 679 1793; x_wconf 85' lang='lat' dir='ltr'><strong><em>ex</em></strong></span> <span class='ocrx_word' id='word_1_116' title='bbox 703 1728 846 1815; x_wconf 76' lang='lat' dir='ltr'><strong>antiquis</strong></span> <span class='ocrx_word' id='word_1_117' title='bbox 870 1728 1089 1794; x_wconf 80' lang='lat' dir='ltr'><strong>monumentis</strong></span> <span class='ocrx_word' id='word_1_118' title='bbox 1119 1727 1299 1815; x_wconf 85' lang='lat' dir='ltr'><strong>descripta,</strong></span> <span class='ocrx_word' id='word_1_119' title='bbox 1325 1726 1425 1793; x_wconf 86' lang='lat' dir='ltr'><strong>veluti</strong></span> 
     </span>
     <span class='ocr_line' id='line_1_14' title="bbox 235 1830 1425 1917; baseline 0.002 -20"><span class='ocrx_word' id='word_1_120' title='bbox 235 1830 460 1911; x_wconf 88' lang='grc' dir='ltr'><strong><em>είσαγγέλλειν</em></strong></span> <span class='ocrx_word' id='word_1_121' title='bbox 488 1832 559 1906; x_wconf 83' lang='grc' dir='ltr'><strong><em>τοὺς</em></strong></span> <span class='ocrx_word' id='word_1_122' title='bbox 590 1833 641 1899; x_wconf 82' lang='grc' dir='ltr'><strong><em>τόν</em></strong></span> <span class='ocrx_word' id='word_1_123' title='bbox 668 1835 759 1900; x_wconf 84' lang='grc' dir='ltr'><strong><em>όεία</em></strong></span> <span class='ocrx_word' id='word_1_124' title='bbox 781 1834 827 1913; x_wconf 69' lang='grc' dir='ltr'><strong><em>μὴ</em></strong></span> <span class='ocrx_word' id='word_1_125' title='bbox 854 1834 1073 1917; x_wconf 73' lang='grc' dir='ltr'><strong><em>νομίζονταςη</em></strong></span> <span class='ocrx_word' id='word_1_126' title='bbox 1104 1833 1216 1914; x_wconf 92' lang='grc' dir='ltr'><strong><em>λόγους</em></strong></span> <span class='ocrx_word' id='word_1_127' title='bbox 1240 1833 1328 1916; x_wconf 73' lang='grc' dir='ltr'><strong><em>περὶ</em></strong></span> <span class='ocrx_word' id='word_1_128' title='bbox 1352 1840 1425 1900; x_wconf 78' lang='grc' dir='ltr'><strong><em>τῶν</em></strong></span> 
     </span>
     <span class='ocr_line' id='line_1_15' title="bbox 235 1936 1425 2021; baseline 0.003 -17"><span class='ocrx_word' id='word_1_129' title='bbox 235 1938 467 2020; x_wconf 89' lang='grc' dir='ltr'><strong><em>μεταρσίων</em></strong></span> <span class='ocrx_word' id='word_1_130' title='bbox 487 1936 698 2013; x_wconf 86' lang='grc' dir='ltr'><strong><em>διδοίσκσντας.</em></strong></span> <span class='ocrx_word' id='word_1_131' title='bbox 731 1940 837 2005; x_wconf 80' lang='lat' dir='ltr'><strong>blinds</strong></span> <span class='ocrx_word' id='word_1_132' title='bbox 857 1950 981 2007; x_wconf 83' lang='lat' dir='ltr'><strong>valeres</strong></span> <span class='ocrx_word' id='word_1_133' title='bbox 1000 1939 1149 2008; x_wconf 82' lang='lat' dir='ltr'><strong>dicebant</strong></span> <span class='ocrx_word' id='word_1_134' title='bbox 1173 1942 1256 2015; x_wconf 77' lang='grc' dir='ltr'><strong><em>όεούς</em></strong></span> <span class='ocrx_word' id='word_1_135' title='bbox 1278 1942 1323 2020; x_wconf 70' lang='grc' dir='ltr'><strong><em>μό</em></strong></span> <span class='ocrx_word' id='word_1_136' title='bbox 1343 1941 1425 2021; x_wconf 89' lang='grc' dir='ltr'><strong><em>νομί·</em></strong></span> 
     </span>
     <span class='ocr_line' id='line_1_16' title="bbox 236 2043 1426 2127; baseline 0.003 -16"><span class='ocrx_word' id='word_1_137' title='bbox 236 2043 297 2127; x_wconf 87' lang='grc' dir='ltr'><strong><em>ζειν</em></strong></span> <span class='ocrx_word' id='word_1_138' title='bbox 318 2054 351 2112; x_wconf 91' lang='lat' dir='ltr'><strong><em>et</em></strong></span> <span class='ocrx_word' id='word_1_139' title='bbox 369 2045 437 2125; x_wconf 77' lang='grc' dir='ltr'><strong><em>περὶ</em></strong></span> <span class='ocrx_word' id='word_1_140' title='bbox 461 2047 521 2111; x_wconf 77' lang='grc' dir='ltr'><strong><em>τῶν</em></strong></span> <span class='ocrx_word' id='word_1_141' title='bbox 534 2047 703 2127; x_wconf 77' lang='grc' dir='ltr'><strong><em>μετεώρων.</em></strong></span> <span class='ocrx_word' id='word_1_142' title='bbox 738 2043 845 2113; x_wconf 83' lang='lat' dir='ltr'><strong>Odiosi</strong></span> <span class='ocrx_word' id='word_1_143' title='bbox 867 2054 898 2113; x_wconf 88' lang='lat' dir='ltr'><strong><em>et</em></strong></span> <span class='ocrx_word' id='word_1_144' title='bbox 919 2046 1018 2112; x_wconf 83' lang='lat' dir='ltr'><strong>innisi</strong></span> <span class='ocrx_word' id='word_1_145' title='bbox 1035 2057 1128 2114; x_wconf 90' lang='lat' dir='ltr'><strong>erant</strong></span> <span class='ocrx_word' id='word_1_146' title='bbox 1151 2057 1184 2113; x_wconf 89' lang='lat' dir='ltr'><strong><em>et</em></strong></span> <span class='ocrx_word' id='word_1_147' title='bbox 1208 2048 1279 2112; x_wconf 82' lang='lat' dir='ltr'><strong>vico</strong></span> <span class='ocrx_word' id='word_1_148' title='bbox 1303 2046 1426 2114; x_wconf 88' lang='lat' dir='ltr'><strong>Pericle</strong></span> 
     </span>
     <span class='ocr_line' id='line_1_17' title="bbox 236 2150 1422 2240; baseline 0.003 -23"><span class='ocrx_word' id='word_1_149' title='bbox 236 2161 269 2218; x_wconf 90' lang='lat' dir='ltr'><strong><em>et</em></strong></span> <span class='ocrx_word' id='word_1_150' title='bbox 288 2150 345 2218; x_wconf 91' lang='lat' dir='ltr'><strong><em>diu</em></strong></span> <span class='ocrx_word' id='word_1_151' title='bbox 367 2160 475 2238; x_wconf 85' lang='lat' dir='ltr'><strong>postea</strong></span> <span class='ocrx_word' id='word_1_152' title='bbox 494 2153 551 2239; x_wconf 84' lang='lat' dir='ltr'><strong><em>qui</em></strong></span> <span class='ocrx_word' id='word_1_153' title='bbox 569 2171 741 2239; x_wconf 88' lang='lat' dir='ltr'><strong>corporum</strong></span> <span class='ocrx_word' id='word_1_154' title='bbox 754 2152 942 2219; x_wconf 90' lang='lat' dir='ltr'><strong>caelestium</strong></span> <span class='ocrx_word' id='word_1_155' title='bbox 957 2162 1064 2218; x_wconf 89' lang='lat' dir='ltr'><strong>molus</strong></span> <span class='ocrx_word' id='word_1_156' title='bbox 1077 2151 1338 2240; x_wconf 85' lang='lat' dir='ltr'><strong>speculabantur.</strong></span> <span class='ocrx_word' id='word_1_157' title='bbox 1357 2163 1422 2221; x_wconf 85' lang='grc' dir='ltr'><strong><em>Με·</em></strong></span> 
     </span>
     <span class='ocr_line' id='line_1_18' title="bbox 236 2257 1427 2342; baseline 0.003 -19"><span class='ocrx_word' id='word_1_158' title='bbox 236 2262 462 2342; x_wconf 82' lang='grc' dir='ltr'><strong><em>ταρσιολέσχαι</em></strong></span> <span class='ocrx_word' id='word_1_159' title='bbox 494 2269 526 2325; x_wconf 93' lang='lat' dir='ltr'><strong><em>et</em></strong></span> <span class='ocrx_word' id='word_1_160' title='bbox 556 2259 794 2341; x_wconf 88' lang='grc' dir='ltr'><strong><em>μεταρσιολόγοι</em></strong></span> <span class='ocrx_word' id='word_1_161' title='bbox 832 2271 864 2326; x_wconf 91' lang='lat' dir='ltr'><strong><em>et</em></strong></span> <span class='ocrx_word' id='word_1_162' title='bbox 891 2257 1112 2341; x_wconf 87' lang='grc' dir='ltr'><strong><em>μετεωρολόγοι</em></strong></span> <span class='ocrx_word' id='word_1_163' title='bbox 1145 2267 1178 2325; x_wconf 85' lang='lat' dir='ltr'><strong><em>et</em></strong></span> <span class='ocrx_word' id='word_1_164' title='bbox 1208 2259 1427 2341; x_wconf 82' lang='grc' dir='ltr'><strong><em>μετεωροκόποι</em></strong></span> 
     </span>
     <span class='ocr_line' id='line_1_19' title="bbox 237 2363 1426 2452; baseline 0.001 -21"><span class='ocrx_word' id='word_1_165' title='bbox 237 2363 334 2451; x_wconf 79' lang='lat' dir='ltr'><strong>uulgo</strong></span> <span class='ocrx_word' id='word_1_166' title='bbox 360 2364 439 2431; x_wconf 88' lang='lat' dir='ltr'><strong>dieti</strong></span> <span class='ocrx_word' id='word_1_167' title='bbox 459 2364 505 2452; x_wconf 87' lang='lat' dir='ltr'><strong><em>(et</em></strong></span> <span class='ocrx_word' id='word_1_168' title='bbox 530 2364 615 2452; x_wconf 90' lang='lat' dir='ltr'><strong>apud</strong></span> <span class='ocrx_word' id='word_1_169' title='bbox 637 2364 886 2452; x_wconf 74' lang='lat' dir='ltr'><strong>Aristophanem</strong></span> <span class='ocrx_word' id='word_1_170' title='bbox 912 2367 945 2430; x_wconf 93' lang='lat' dir='ltr'><strong><em>in</em></strong></span> <span class='ocrx_word' id='word_1_171' title='bbox 970 2363 1112 2431; x_wconf 81' lang='lat' dir='ltr'><strong>Nubibus</strong></span> <span class='ocrx_word' id='word_1_172' title='bbox 1136 2369 1200 2431; x_wconf 72' lang='lat'><strong><em>532</em></strong></span> <span class='ocrx_word' id='word_1_173' title='bbox 1222 2374 1254 2432; x_wconf 89' lang='lat' dir='ltr'><strong><em>et</em></strong></span> <span class='ocrx_word' id='word_1_174' title='bbox 1278 2370 1344 2432; x_wconf 78' lang='lat'><strong><em>359</em></strong></span> <span class='ocrx_word' id='word_1_175' title='bbox 1366 2389 1426 2446; x_wconf 86' lang='grc' dir='ltr'><strong><em>με·</em></strong></span> 
     </span>
     <span class='ocr_line' id='line_1_20' title="bbox 236 2469 1428 2559; baseline 0.003 -22"><span class='ocrx_word' id='word_1_176' title='bbox 236 2471 463 2555; x_wconf 81' lang='grc' dir='ltr'><strong><em>τεωροφίνοικες</em></strong></span> <span class='ocrx_word' id='word_1_177' title='bbox 486 2478 519 2537; x_wconf 90' lang='lat' dir='ltr'><strong><em>et</em></strong></span> <span class='ocrx_word' id='word_1_178' title='bbox 537 2472 833 2559; x_wconf 80' lang='grc' dir='ltr'><strong><em>μετεωροσοφιςαί),</em></strong></span> <span class='ocrx_word' id='word_1_179' title='bbox 857 2469 953 2555; x_wconf 78' lang='lat' dir='ltr'><strong>uulgo</strong></span> <span class='ocrx_word' id='word_1_180' title='bbox 977 2469 1157 2557; x_wconf 77' lang='lat' dir='ltr'><strong>llagrabant</strong></span> <span class='ocrx_word' id='word_1_181' title='bbox 1178 2471 1298 2538; x_wconf 85' lang='lat' dir='ltr'><strong>invidia</strong></span> <span class='ocrx_word' id='word_1_182' title='bbox 1321 2480 1353 2539; x_wconf 89' lang='lat' dir='ltr'><strong><em>et</em></strong></span> <span class='ocrx_word' id='word_1_183' title='bbox 1370 2482 1428 2540; x_wconf 90' lang='lat' dir='ltr'><strong>aut</strong></span> 
     </span>
     <span class='ocr_line' id='line_1_21' title="bbox 235 2575 1425 2658; baseline 0.002 -13"><span class='ocrx_word' id='word_1_184' title='bbox 235 2575 319 2645; x_wconf 79' lang='grc' dir='ltr'><strong><em>ὶόεσι</em></strong></span> <span class='ocrx_word' id='word_1_185' title='bbox 352 2586 409 2645; x_wconf 88' lang='lat' dir='ltr'><strong>aut</strong></span> <span class='ocrx_word' id='word_1_186' title='bbox 431 2578 563 2658; x_wconf 86' lang='grc' dir='ltr'><strong><em>μισόόεσι</em></strong></span> <span class='ocrx_word' id='word_1_187' title='bbox 591 2589 624 2645; x_wconf 91' lang='lat' dir='ltr'><strong><em>et</em></strong></span> <span class='ocrx_word' id='word_1_188' title='bbox 648 2578 796 2657; x_wconf 78' lang='grc' dir='ltr'><strong><em>όεομισεῖς</em></strong></span> <span class='ocrx_word' id='word_1_189' title='bbox 821 2576 1032 2643; x_wconf 83' lang='lat' dir='ltr'><strong>habebantur.</strong></span> <span class='ocrx_word' id='word_1_190' title='bbox 1058 2576 1252 2645; x_wconf 80' lang='lat' dir='ltr'><strong>Plutarchus</strong></span> <span class='ocrx_word' id='word_1_191' title='bbox 1276 2579 1310 2644; x_wconf 91' lang='lat' dir='ltr'><strong><em>in</em></strong></span> <span class='ocrx_word' id='word_1_192' title='bbox 1334 2578 1425 2647; x_wconf 86' lang='lat' dir='ltr'><strong>Ninia</strong></span> 
     </span>
     <span class='ocr_line' id='line_1_22' title="bbox 238 2682 1424 2767; baseline 0.003 -18"><span class='ocrx_word' id='word_1_193' title='bbox 238 2688 298 2751; x_wconf 76' lang='lat'><strong><em>23:</em></strong></span> <span class='ocrx_word' id='word_1_194' title='bbox 328 2687 362 2752; x_wconf 86' lang='grc' dir='ltr'><strong><em>ού</em></strong></span> <span class='ocrx_word' id='word_1_195' title='bbox 393 2684 456 2765; x_wconf 74' lang='grc' dir='ltr'><strong><em>γὰρ</em></strong></span> <span class='ocrx_word' id='word_1_196' title='bbox 487 2684 644 2765; x_wconf 74' lang='grc' dir='ltr'><strong><em>ἠνείχοντο</em></strong></span> <span class='ocrx_word' id='word_1_197' title='bbox 674 2684 743 2757; x_wconf 84' lang='grc' dir='ltr'><strong><em>τούς</em></strong></span> <span class='ocrx_word' id='word_1_198' title='bbox 768 2682 969 2767; x_wconf 82' lang='grc' dir='ltr'><strong><em>Φυσικούς</em></strong></span> <span class='ocrx_word' id='word_1_199' title='bbox 997 2682 1424 2767; x_wconf 82' lang='grc' dir='ltr'><strong><em>καὶμετεωρολέσχοις</em></strong></span> 
     </span>
     <span class='ocr_line' id='line_1_23' title="bbox 235 2788 1424 2881; baseline 0 -24"><span class='ocrx_word' id='word_1_200' title='bbox 235 2790 310 2858; x_wconf 82' lang='grc' dir='ltr'><strong><em>τότε</em></strong></span> <span class='ocrx_word' id='word_1_201' title='bbox 330 2788 537 2869; x_wconf 86' lang='grc' dir='ltr'><strong><em>καλουμένους</em></strong></span> <span class='ocrx_word' id='word_1_202' title='bbox 559 2793 598 2864; x_wconf 70' lang='lat' dir='ltr'><strong><em>aie</em></strong></span> <span class='ocrx_word' id='word_1_203' title='bbox 617 2791 661 2862; x_wconf 88' lang='grc' dir='ltr'><strong><em>είς</em></strong></span> <span class='ocrx_word' id='word_1_204' title='bbox 685 2791 789 2881; x_wconf 81' lang='grc' dir='ltr'><strong><em>αίτίας</em></strong></span> <span class='ocrx_word' id='word_1_205' title='bbox 817 2788 950 2869; x_wconf 84' lang='grc' dir='ltr'><strong><em>ύλόγονς</em></strong></span> <span class='ocrx_word' id='word_1_206' title='bbox 970 2789 1022 2854; x_wconf 81' lang='grc' dir='ltr'><strong><em>καί</em></strong></span> <span class='ocrx_word' id='word_1_207' title='bbox 1054 2789 1198 2870; x_wconf 87' lang='grc' dir='ltr'><strong><em>δυνοίμεις</em></strong></span> <span class='ocrx_word' id='word_1_208' title='bbox 1226 2792 1424 2871; x_wconf 69' lang='grc' dir='ltr'><strong><em>ἀπρονοήτους</em></strong></span> 
     </span>
     <span class='ocr_line' id='line_1_24' title="bbox 237 2895 1423 2985; baseline 0.001 -22"><span class='ocrx_word' id='word_1_209' title='bbox 237 2899 289 2964; x_wconf 82' lang='grc' dir='ltr'><strong><em>καί</em></strong></span> <span class='ocrx_word' id='word_1_210' title='bbox 310 2897 603 2977; x_wconf 73' lang='grc' dir='ltr'><strong><em>κατηναγκασμένα</em></strong></span> <span class='ocrx_word' id='word_1_211' title='bbox 622 2897 705 2972; x_wconf 87' lang='grc' dir='ltr'><strong><em>τοίόη</em></strong></span> <span class='ocrx_word' id='word_1_212' title='bbox 723 2895 937 2977; x_wconf 81' lang='grc' dir='ltr'><strong><em>διατρίβοντας</em></strong></span> <span class='ocrx_word' id='word_1_213' title='bbox 960 2895 996 2960; x_wconf 85' lang='grc' dir='ltr'><strong><em>τό</em></strong></span> <span class='ocrx_word' id='word_1_214' title='bbox 1013 2897 1103 2967; x_wconf 82' lang='grc' dir='ltr'><strong><em>όεῖον.</em></strong></span> <span class='ocrx_word' id='word_1_215' title='bbox 1151 2896 1315 2977; x_wconf 84' lang='lat' dir='ltr'><strong>Quantum</strong></span> <span class='ocrx_word' id='word_1_216' title='bbox 1336 2896 1423 2985; x_wconf 86' lang='lat' dir='ltr'><strong>plau·</strong></span> 
     </span>
     <span class='ocr_line' id='line_1_25' title="bbox 237 3001 1367 3090; baseline -0.001 -21"><span class='ocrx_word' id='word_1_217' title='bbox 237 3022 308 3070; x_wconf 87' lang='lat' dir='ltr'><strong>sum</strong></span> <span class='ocrx_word' id='word_1_218' title='bbox 340 3012 492 3090; x_wconf 89' lang='lat' dir='ltr'><strong>putemus</strong></span> <span class='ocrx_word' id='word_1_219' title='bbox 521 3001 710 3089; x_wconf 78' lang='lat' dir='ltr'><strong>Euripidem</strong></span> <span class='ocrx_word' id='word_1_220' title='bbox 740 3001 852 3067; x_wconf 89' lang='lat' dir='ltr'><strong>tulisse</strong></span> <span class='ocrx_word' id='word_1_221' title='bbox 876 3020 976 3089; x_wconf 89' lang='lat' dir='ltr'><strong>quum</strong></span> <span class='ocrx_word' id='word_1_222' title='bbox 1001 3010 1174 3069; x_wconf 89' lang='lat' dir='ltr'><strong>caneretur</strong></span> <span class='ocrx_word' id='word_1_223' title='bbox 1198 3003 1229 3068; x_wconf 93' lang='lat' dir='ltr'><strong><em>in</em></strong></span> <span class='ocrx_word' id='word_1_224' title='bbox 1254 3023 1367 3069; x_wconf 86' lang='lat' dir='ltr'><strong>scena:</strong></span> 
     </span>
    </p>

    <p class='ocr_par' dir='ltr' id='par_1_3' title="bbox 510 3108 1093 3188">
     <span class='ocr_line' id='line_1_26' title="bbox 510 3108 1093 3188; baseline -0.002 -12"><span class='ocrx_word' id='word_1_225' title='bbox 510 3109 570 3182; x_wconf 87' lang='grc' dir='ltr'><strong><em>Τίς</em></strong></span> <span class='ocrx_word' id='word_1_226' title='bbox 592 3108 669 3175; x_wconf 84' lang='grc' dir='ltr'><strong><em>τόδε</em></strong></span> <span class='ocrx_word' id='word_1_227' title='bbox 691 3109 827 3175; x_wconf 76' lang='grc' dir='ltr'><strong><em>λεύσσων</em></strong></span> <span class='ocrx_word' id='word_1_228' title='bbox 851 3108 915 3174; x_wconf 86' lang='grc' dir='ltr'><strong><em>όεόν</em></strong></span> <span class='ocrx_word' id='word_1_229' title='bbox 936 3108 1008 3188; x_wconf 72' lang='lat' dir='ltr'><strong><em>cdxl</em></strong></span> <span class='ocrx_word' id='word_1_230' title='bbox 1032 3117 1093 3176; x_wconf 75' lang='lat' dir='ltr'><strong>soei</strong></span> 
     </span>
    </p>

    <p class='ocr_par' dir='ltr' id='par_1_4' title="bbox 506 3213 1014 3298">
     <span class='ocr_line' id='line_1_27' title="bbox 506 3213 1014 3298; baseline -0.004 -16"><span class='ocrx_word' id='word_1_231' title='bbox 506 3213 741 3298; x_wconf 90' lang='grc' dir='ltr'><strong><em>μετεωρολόγων</em></strong></span> <span class='ocrx_word' id='word_1_232' title='bbox 765 3214 791 3280; x_wconf 86' lang='grc' dir='ltr'><strong><em>δ’</em></strong></span> <span class='ocrx_word' id='word_1_233' title='bbox 814 3214 887 3288; x_wconf 61' lang='lat' dir='ltr'><strong><em>{naq</em></strong></span> <span class='ocrx_word' id='word_1_234' title='bbox 911 3214 1014 3296; x_wconf 77' lang='grc' dir='ltr'><strong><em>ἔρριψε</em></strong></span> 
     </span>
    </p>

    <p class='ocr_par' dir='ltr' id='par_1_5' title="bbox 508 3318 1000 3402">
     <span class='ocr_line' id='line_1_28' title="bbox 508 3318 1000 3402; baseline -0.002 -16"><span class='ocrx_word' id='word_1_235' title='bbox 508 3322 636 3396; x_wconf 73' lang='grc' dir='ltr'><strong><em>σκολιός</em></strong></span> <span class='ocrx_word' id='word_1_236' title='bbox 660 3319 810 3400; x_wconf 80' lang='grc' dir='ltr'><strong><em>ύποίτας,</em></strong></span> <span class='ocrx_word' id='word_1_237' title='bbox 836 3318 874 3386; x_wconf 79' lang='grc' dir='ltr'><strong><em>ὦν</em></strong></span> <span class='ocrx_word' id='word_1_238' title='bbox 897 3321 1000 3402; x_wconf 82' lang='grc' dir='ltr'><strong><em>οὶτηρός</em></strong></span> 
     </span>
    </p>

    <p class='ocr_par' dir='ltr' id='par_1_6' title="bbox 508 3425 1126 3511">
     <span class='ocr_line' id='line_1_29' title="bbox 508 3425 1126 3511; baseline -0.003 -17"><span class='ocrx_word' id='word_1_239' title='bbox 508 3430 628 3508; x_wconf 79' lang='grc' dir='ltr'><strong><em>γλῶττ’</em></strong></span> <span class='ocrx_word' id='word_1_240' title='bbox 651 3427 806 3507; x_wconf 82' lang='grc' dir='ltr'><strong><em>είκοβολεῑ</em></strong></span> <span class='ocrx_word' id='word_1_241' title='bbox 825 3425 893 3507; x_wconf 80' lang='grc' dir='ltr'><strong><em>περὶ</em></strong></span> <span class='ocrx_word' id='word_1_242' title='bbox 916 3433 975 3493; x_wconf 79' lang='grc' dir='ltr'><strong><em>τῶν</em></strong></span> <span class='ocrx_word' id='word_1_243' title='bbox 998 3427 1126 3511; x_wconf 80' lang='grc' dir='ltr'><strong><em>ύφανῶν</em></strong></span> 
     </span>
    </p>

    <p class='ocr_par' dir='ltr' id='par_1_7' title="bbox 595 3532 1041 3615">
     <span class='ocr_line' id='line_1_30' title="bbox 595 3532 1041 3615; baseline -0.004 -15"><span class='ocrx_word' id='word_1_244' title='bbox 595 3533 678 3600; x_wconf 76' lang='grc' dir='ltr'><strong><em>σύδὲν</em></strong></span> <span class='ocrx_word' id='word_1_245' title='bbox 700 3536 825 3614; x_wconf 86' lang='grc' dir='ltr'><strong><em>γνύμης</em></strong></span> <span class='ocrx_word' id='word_1_246' title='bbox 848 3532 1041 3615; x_wconf 78' lang='grc' dir='ltr'><strong><em>μετέχουσα.</em></strong></span> 
     </span>
    </p>

    <p class='ocr_par' dir='ltr' id='par_1_8' title="bbox 238 3636 1430 4579">
     <span class='ocr_line' id='line_1_31' title="bbox 238 3636 1427 3719; baseline -0.002 -12"><span class='ocrx_word' id='word_1_247' title='bbox 238 3659 313 3707; x_wconf 86' lang='lat' dir='ltr'><strong>nam</strong></span> <span class='ocrx_word' id='word_1_248' title='bbox 337 3640 385 3707; x_wconf 84' lang='lat' dir='ltr'><strong>sic</strong></span> <span class='ocrx_word' id='word_1_249' title='bbox 408 3639 633 3706; x_wconf 81' lang='lat' dir='ltr'><strong>scribendum:</strong></span> <span class='ocrx_word' id='word_1_250' title='bbox 654 3639 729 3714; x_wconf 87' lang='grc' dir='ltr'><strong><em>Τίς</em></strong></span> <span class='ocrx_word' id='word_1_251' title='bbox 753 3636 829 3706; x_wconf 85' lang='grc' dir='ltr'><strong><em>τοίδε</em></strong></span> <span class='ocrx_word' id='word_1_252' title='bbox 854 3638 1007 3719; x_wconf 89' lang='grc' dir='ltr'><strong><em>λεύσσων,</em></strong></span> <span class='ocrx_word' id='word_1_253' title='bbox 1034 3659 1096 3705; x_wconf 90' lang='lat' dir='ltr'><strong><em>non</em></strong></span> <span class='ocrx_word' id='word_1_254' title='bbox 1121 3636 1152 3714; x_wconf 80' lang='grc' dir='ltr'><strong><em>ύς</em></strong></span> <span class='ocrx_word' id='word_1_255' title='bbox 1176 3638 1253 3707; x_wconf 87' lang='grc' dir='ltr'><strong><em>τοίδε</em></strong></span> <span class='ocrx_word' id='word_1_256' title='bbox 1275 3638 1427 3719; x_wconf 90' lang='grc' dir='ltr'><strong><em>λεύσσων,</em></strong></span> 
     </span>
     <span class='ocr_line' id='line_1_32' title="bbox 241 3743 1426 3833; baseline -0.001 -20"><span class='ocrx_word' id='word_1_257' title='bbox 241 3755 275 3813; x_wconf 92' lang='lat' dir='ltr'><strong><em>ut</em></strong></span> <span class='ocrx_word' id='word_1_258' title='bbox 299 3754 348 3813; x_wconf 88' lang='lat' dir='ltr'><strong><em>est</em></strong></span> <span class='ocrx_word' id='word_1_259' title='bbox 371 3743 457 3833; x_wconf 91' lang='lat' dir='ltr'><strong>apud</strong></span> <span class='ocrx_word' id='word_1_260' title='bbox 481 3744 682 3814; x_wconf 79' lang='lat' dir='ltr'><strong>Clementem</strong></span> <span class='ocrx_word' id='word_1_261' title='bbox 708 3744 797 3811; x_wconf 77' lang='lat' dir='ltr'><strong>Alex.</strong></span> <span class='ocrx_word' id='word_1_262' title='bbox 822 3744 936 3812; x_wconf 84' lang='lat' dir='ltr'><strong>Strom.</strong></span> <span class='ocrx_word' id='word_1_263' title='bbox 963 3745 1000 3812; x_wconf 91' lang='lat' dir='ltr'><strong><em>V.</em></strong></span> <span class='ocrx_word' id='word_1_264' title='bbox 1028 3766 1058 3832; x_wconf 86' lang='lat' dir='ltr'><strong><em>p.</em></strong></span> <span class='ocrx_word' id='word_1_265' title='bbox 1086 3749 1168 3823; x_wconf 55' lang='lat'><strong><em>7322</em></strong></span> <span class='ocrx_word' id='word_1_266' title='bbox 1190 3748 1246 3833; x_wconf 88' lang='lat' dir='ltr'><strong><em>qui</em></strong></span> <span class='ocrx_word' id='word_1_267' title='bbox 1269 3747 1317 3820; x_wconf 87' lang='grc' dir='ltr'><strong><em>τίς</em></strong></span> <span class='ocrx_word' id='word_1_268' title='bbox 1342 3747 1375 3812; x_wconf 94' lang='lat' dir='ltr'><strong><em>in</em></strong></span> <span class='ocrx_word' id='word_1_269' title='bbox 1394 3744 1426 3821; x_wconf 84' lang='grc' dir='ltr'><strong><em>ός</em></strong></span> 
     </span>
     <span class='ocr_line' id='line_1_33' title="bbox 238 3850 1420 3939; baseline 0 -20"><span class='ocrx_word' id='word_1_270' title='bbox 238 3852 400 3919; x_wconf 84' lang='lat' dir='ltr'><strong>convertit</strong></span> <span class='ocrx_word' id='word_1_271' title='bbox 418 3860 454 3918; x_wconf 92' lang='lat' dir='ltr'><strong><em>ut</em></strong></span> <span class='ocrx_word' id='word_1_272' title='bbox 476 3850 685 3939; x_wconf 81' lang='lat' dir='ltr'><strong>Euripideum</strong></span> <span class='ocrx_word' id='word_1_273' title='bbox 708 3852 902 3918; x_wconf 86' lang='lat' dir='ltr'><strong>senteutiam</strong></span> <span class='ocrx_word' id='word_1_274' title='bbox 928 3850 1035 3918; x_wconf 83' lang='lat' dir='ltr'><strong>verbis</strong></span> <span class='ocrx_word' id='word_1_275' title='bbox 1059 3852 1128 3917; x_wconf 91' lang='lat' dir='ltr'><strong>suis</strong></span> <span class='ocrx_word' id='word_1_276' title='bbox 1151 3851 1420 3921; x_wconf 82' lang='lat' dir='ltr'><strong>accommodaret.</strong></span> 
     </span>
     <span class='ocr_line' id='line_1_34' title="bbox 240 3955 1426 4046; baseline -0.003 -18"><span class='ocrx_word' id='word_1_277' title='bbox 240 3961 307 4028; x_wconf 83' lang='lat' dir='ltr'><strong>lant</strong></span> <span class='ocrx_word' id='word_1_278' title='bbox 332 3960 459 4026; x_wconf 87' lang='lat' dir='ltr'><strong>verosi</strong></span> <span class='ocrx_word' id='word_1_279' title='bbox 492 3958 667 4046; x_wconf 80' lang='lat' dir='ltr'><strong>Euripides</strong></span> <span class='ocrx_word' id='word_1_280' title='bbox 697 3959 742 4024; x_wconf 89' lang='lat' dir='ltr'><strong>ita</strong></span> <span class='ocrx_word' id='word_1_281' title='bbox 774 3958 874 4024; x_wconf 89' lang='lat' dir='ltr'><strong>sentit</strong></span> <span class='ocrx_word' id='word_1_282' title='bbox 896 3959 911 4024; x_wconf 83' lang='lat' dir='ltr'><strong>t</strong></span> <span class='ocrx_word' id='word_1_283' title='bbox 936 3956 985 4022; x_wconf 77' lang='grc' dir='ltr'><strong><em>έτδ</em></strong></span> <span class='ocrx_word' id='word_1_284' title='bbox 1010 3964 1120 4033; x_wconf 70' lang='grc' dir='ltr'><strong><em>σκηνῆς</em></strong></span> <span class='ocrx_word' id='word_1_285' title='bbox 1145 3955 1317 4043; x_wconf 79' lang='grc' dir='ltr'><strong><em>φιλόσοφος</em></strong></span> <span class='ocrx_word' id='word_1_286' title='bbox 1348 3956 1426 4045; x_wconf 90' lang='lat' dir='ltr'><strong>quid</strong></span> 
     </span>
     <span class='ocr_line' id='line_1_35' title="bbox 241 4062 1428 4152; baseline 0.001 -20"><span class='ocrx_word' id='word_1_287' title='bbox 241 4065 383 4152; x_wconf 84' lang='lat' dir='ltr'><strong>reliquos</strong></span> <span class='ocrx_word' id='word_1_288' title='bbox 412 4065 552 4132; x_wconf 85' lang='lat' dir='ltr'><strong>sensisse</strong></span> <span class='ocrx_word' id='word_1_289' title='bbox 582 4064 752 4152; x_wconf 79' lang='lat' dir='ltr'><strong>putemus?</strong></span> <span class='ocrx_word' id='word_1_290' title='bbox 788 4065 825 4130; x_wconf 91' lang='lat' dir='ltr'><strong><em>ln</em></strong></span> <span class='ocrx_word' id='word_1_291' title='bbox 858 4063 999 4130; x_wconf 81' lang='lat' dir='ltr'><strong>Platonis</strong></span> <span class='ocrx_word' id='word_1_292' title='bbox 1032 4062 1108 4150; x_wconf 77' lang='grc' dir='ltr'><strong><em>Περ.</em></strong></span> <span class='ocrx_word' id='word_1_293' title='bbox 1141 4063 1195 4129; x_wconf 88' lang='lat' dir='ltr'><strong><em>vt.</em></strong></span> <span class='ocrx_word' id='word_1_294' title='bbox 1229 4084 1257 4150; x_wconf 89' lang='lat' dir='ltr'><strong><em>p.</em></strong></span> <span class='ocrx_word' id='word_1_295' title='bbox 1284 4068 1359 4132; x_wconf 77' lang='lat'><strong>488.</strong></span> <span class='ocrx_word' id='word_1_296' title='bbox 1390 4076 1428 4133; x_wconf 85' lang='lat' dir='ltr'><strong><em>E.</em></strong></span> 
     </span>
     <span class='ocr_line' id='line_1_36' title="bbox 240 4170 1429 4254; baseline 0.001 -16"><span class='ocrx_word' id='word_1_297' title='bbox 240 4173 381 4239; x_wconf 76' lang='grc' dir='ltr'><strong><em>τοιούτων</em></strong></span> <span class='ocrx_word' id='word_1_298' title='bbox 404 4172 439 4249; x_wconf 75' lang='grc' dir='ltr'><strong><em>δὶς</em></strong></span> <span class='ocrx_word' id='word_1_299' title='bbox 462 4171 530 4254; x_wconf 78' lang='grc' dir='ltr'><strong><em>περὶ</em></strong></span> <span class='ocrx_word' id='word_1_300' title='bbox 554 4172 613 4247; x_wconf 76' lang='grc' dir='ltr'><strong><em>τοὶς</em></strong></span> <span class='ocrx_word' id='word_1_301' title='bbox 634 4177 707 4246; x_wconf 83' lang='grc' dir='ltr'><strong><em>ναῦς</em></strong></span> <span class='ocrx_word' id='word_1_302' title='bbox 732 4170 920 4251; x_wconf 87' lang='grc' dir='ltr'><strong><em>γιγνομένων</em></strong></span> <span class='ocrx_word' id='word_1_303' title='bbox 943 4172 995 4237; x_wconf 86' lang='grc' dir='ltr'><strong><em>τόν</em></strong></span> <span class='ocrx_word' id='word_1_304' title='bbox 1017 4172 1056 4244; x_wconf 72' lang='lat' dir='ltr'><strong><em>cic</em></strong></span> <span class='ocrx_word' id='word_1_305' title='bbox 1076 4170 1194 4246; x_wconf 77' lang='grc' dir='ltr'><strong><em>οίληόῶς</em></strong></span> <span class='ocrx_word' id='word_1_306' title='bbox 1214 4170 1429 4252; x_wconf 78' lang='grc' dir='ltr'><strong><em>κυβερνητικὸν</em></strong></span> 
     </span>
     <span class='ocr_line' id='line_1_37' title="bbox 240 4274 1428 4363; baseline 0 -16"><span class='ocrx_word' id='word_1_307' title='bbox 240 4281 302 4363; x_wconf 84' lang='grc' dir='ltr'><strong><em>σύχ</em></strong></span> <span class='ocrx_word' id='word_1_308' title='bbox 326 4282 401 4359; x_wconf 73' lang='grc' dir='ltr'><strong><em>ἡγεῖ</em></strong></span> <span class='ocrx_word' id='word_1_309' title='bbox 429 4279 468 4346; x_wconf 78' lang='grc' dir='ltr'><strong><em>δν</em></strong></span> <span class='ocrx_word' id='word_1_310' title='bbox 498 4280 541 4362; x_wconf 76' lang='grc' dir='ltr'><strong><em>τῷ</em></strong></span> <span class='ocrx_word' id='word_1_311' title='bbox 573 4277 635 4346; x_wconf 84' lang='grc' dir='ltr'><strong><em>όντι</em></strong></span> <span class='ocrx_word' id='word_1_312' title='bbox 666 4277 993 4359; x_wconf 88' lang='grc' dir='ltr'><strong><em>μετεωροσκόπον</em></strong></span> <span class='ocrx_word' id='word_1_313' title='bbox 1023 4301 1058 4343; x_wconf 90' lang='grc' dir='ltr'><strong><em>τε</em></strong></span> <span class='ocrx_word' id='word_1_314' title='bbox 1089 4275 1142 4342; x_wconf 78' lang='grc' dir='ltr'><strong><em>καὶ</em></strong></span> <span class='ocrx_word' id='word_1_315' title='bbox 1175 4274 1312 4359; x_wconf 70' lang='grc' dir='ltr'><strong><em>ύλίόςόν</em></strong></span> <span class='ocrx_word' id='word_1_316' title='bbox 1338 4284 1428 4362; x_wconf 82' lang='grc' dir='ltr'><strong><em>σφισι</em></strong></span> 
     </span>
     <span class='ocr_line' id='line_1_38' title="bbox 241 4383 1428 4467; baseline -0.003 -14"><span class='ocrx_word' id='word_1_317' title='bbox 241 4389 404 4454; x_wconf 84' lang='grc' dir='ltr'><strong><em>καλείσόοιι</em></strong></span> <span class='ocrx_word' id='word_1_318' title='bbox 419 4386 477 4452; x_wconf 86' lang='grc' dir='ltr'><strong><em>ύπό</em></strong></span> <span class='ocrx_word' id='word_1_319' title='bbox 496 4392 555 4452; x_wconf 79' lang='grc' dir='ltr'><strong><em>τῶν</em></strong></span> <span class='ocrx_word' id='word_1_320' title='bbox 573 4387 602 4451; x_wconf 90' lang='grc' dir='ltr'><strong><em>εὐ</em></strong></span> <span class='ocrx_word' id='word_1_321' title='bbox 622 4393 692 4459; x_wconf 78' lang='grc' dir='ltr'><strong><em>ταῖς</em></strong></span> <span class='ocrx_word' id='word_1_322' title='bbox 713 4383 789 4451; x_wconf 88' lang='grc' dir='ltr'><strong><em>ούτω</em></strong></span> <span class='ocrx_word' id='word_1_323' title='bbox 810 4383 1117 4462; x_wconf 89' lang='grc' dir='ltr'><strong><em>κατεσκευασμέναις</em></strong></span> <span class='ocrx_word' id='word_1_324' title='bbox 1137 4384 1224 4449; x_wconf 79' lang='grc' dir='ltr'><strong><em>ναυσί</em></strong></span> <span class='ocrx_word' id='word_1_325' title='bbox 1246 4386 1428 4467; x_wconf 74' lang='grc' dir='ltr'><strong><em>πλωτήρων,</em></strong></span> 
     </span>
     <span class='ocr_line' id='line_1_39' title="bbox 243 4489 1430 4579; baseline 0.002 -22"><span class='ocrx_word' id='word_1_326' title='bbox 243 4492 449 4561; x_wconf 84' lang='lat' dir='ltr'><strong>vehementer</strong></span> <span class='ocrx_word' id='word_1_327' title='bbox 471 4492 552 4560; x_wconf 89' lang='lat' dir='ltr'><strong>mihi</strong></span> <span class='ocrx_word' id='word_1_328' title='bbox 577 4492 683 4559; x_wconf 85' lang='lat' dir='ltr'><strong>mendi</strong></span> <span class='ocrx_word' id='word_1_329' title='bbox 708 4490 894 4579; x_wconf 83' lang='lat' dir='ltr'><strong>suspectum</strong></span> <span class='ocrx_word' id='word_1_330' title='bbox 919 4499 968 4558; x_wconf 86' lang='lat' dir='ltr'><strong><em>est</em></strong></span> <span class='ocrx_word' id='word_1_331' title='bbox 991 4489 1237 4572; x_wconf 84' lang='grc' dir='ltr'><strong><em>μετεωροσκόπον</em></strong></span> <span class='ocrx_word' id='word_1_332' title='bbox 1259 4500 1290 4557; x_wconf 87' lang='lat' dir='ltr'><strong><em>et</em></strong></span> <span class='ocrx_word' id='word_1_333' title='bbox 1314 4511 1430 4579; x_wconf 88' lang='lat' dir='ltr'><strong>quam-</strong></span> 
     </span>
    </p>
   </div>
   <div class='ocr_carea' id='block_1_3' title="bbox 0 0 1682 5014">
    <p class='ocr_par' dir='ltr' id='par_1_9' title="bbox 0 0 1682 5014">
     <span class='ocr_line' id='line_1_40' title="bbox 0 0 1682 5014; baseline 0 0"><span class='ocrx_word' id='word_1_334' title='bbox 0 0 1682 5014; x_wconf 95' lang='lat' dir='ltr'><strong><em> </em></strong></span> 
     </span>
    </p>
   </div>
  </div>
 </body>
</html>
