3242 5014
677 349 848 399 normales.
1292 330 1355 398 181

175 537 254 604 quse
284 516 341 583 alii
371 517 410 583 de
433 517 611 603 ροσονιίίθνο
641 519 727 584 diota
755 518 967 605 accipiebant,
1003 519 1041 584 de
1063 518 1269 601 procu‘alii,
1301 520 1356 586 sed

174 618 316 698 ἕπεσθαι,
348 621 382 687 id
411 626 460 687 est
485 623 676 698 θκολουθεῖν,
705 622 795 689 nullo
817 623 880 690 alio
902 642 995 689 sensu
1019 624 1120 707 accipi
1140 628 1262 709 potest,
1292 626 1356 688 nisi

173 730 211 791 ut
232 725 277 790 τὰ
299 724 387 791 ἔεδνα
416 745 533 792 novam
562 732 698 812 nuptam
723 736 885 814 ιοραοαίιοο
907 733 939 792 et
960 729 995 793 in
1016 729 1127 792 mariti
1149 726 1281 792 domum
1304 727 1355 793 de-

173 829 323 895 ferantur.
369 829 490 896 Eadem
520 835 568 896 est
597 834 779 897 etiamnunc
811 831 957 920 vulgans
989 833 1097 916 opinio
1125 828 1196 897 ἕδνα
1229 831 1268 897 da
1290 833 1357 896 θοίο

173 953 298 1019 quoque
320 934 404 1019 apud
425 933 605 1001 Homerum
628 936 692 1001 dici
715 937 831 1003 solere:
863 937 918 1004 sed
941 938 1132 1021 quicumque
1155 937 1355 1013 testimonia,

174 1058 254 1123 quae
264 1058 360 1123 snpra
369 1042 488 1124 scripta
503 1046 593 1118 sunt,
614 1038 785 1128 diligenter
803 1041 1047 1109 consideraverit
1064 1040 1153 1106 dabit
1171 1040 1270 1116 mihi,
1291 1060 1357 1105 cre-

174 1142 231 1220 do,
255 1142 299 1208 τοὶ
322 1139 394 1209 ἕδνα
416 1164 480 1209 non
501 1152 573 1217 ταίς
596 1146 765 1228 παρθένοις,
788 1153 859 1218 ταῖς
872 1143 1105 1224 γαμουμθναις,
1128 1152 1356 1222 παῖςμνηεευο-

174 1245 281 1326 μέναις
312 1248 393 1314 dono
422 1249 508 1327 dari,
541 1248 596 1315 sed
625 1257 689 1322 τοῖς
716 1253 777 1316 τῶν
798 1249 1025 1329 μνητευομένυν
1048 1247 1198 1329 παρθένων
1219 1247 1357 1328 πατρύσι

175 1357 208 1419 et
229 1356 334 1438 patres
361 1372 434 1418 suas
456 1349 539 1419 filisa
560 1352 611 1419 illi
633 1354 757 1421 madere
778 1353 842 1428 θςις
864 1353 1048 1434 περιβθλλοι
1071 1350 1218 1426 ἅπαντας
1242 1361 1356 1428 μνηεῦ·

174 1479 230 1537 ρας
251 1456 399 1537 δύροισιν,
423 1457 457 1521 id
480 1462 528 1523 est
549 1456 601 1523 illi
622 1458 675 1545 qai
697 1459 824 1524 θαθθοοοί
840 1461 1024 1544 plurimun:
1044 1461 1153 1541 itaque
1175 1477 1238 1523 uno
1260 1457 1358 1524 verbo

174 1564 280 1644 patres
308 1581 382 1626 suas
407 1558 489 1627 filias
510 1579 658 1628 vmennan
679 1571 742 1637 τοῖς
766 1564 872 1636 ἑέδνοις
895 1569 928 1630 et
948 1583 1058 1649 procos
1081 1568 1140 1626 τῶν
1161 1557 1248 1627 ἕδνον
1271 1562 1357 1637 ὑπερ·

175 1665 255 1745 βολῇ
276 1664 418 1749 puellam
442 1671 570 1751 epatre
599 1687 656 1733 sno
678 1684 795 1733 aunan.
841 1668 879 1733 ln
901 1666 975 1733 aula
996 1666 1254 1733 Ptolemaeorum
1276 1667 1360 1730 inter

175 1774 364 1853 purpuratos
387 1770 425 1834 de
448 1768 505 1835 illo
527 1791 616 1836 more
631 1754 856 1857 antiquitatis,
881 1775 937 1858 qui
959 1771 1039 1838 olim
1059 1770 1210 1857 plurimis
1231 1773 1266 1834 in
1283 1772 1361 1835 Asia

176 1878 209 1938 et
231 1872 310 1938 alibi
331 1872 410 1940 locis
433 1880 600 1940 consuetus
622 1875 742 1953 filaret,
766 1878 929 1964 cogitabat
950 1896 1053 1941 nemo.
1087 1873 1225 1960 Sponsae
1245 1875 1361 1938 mittere

176 2000 298 2041 οναυονο
320 1983 352 2043 et
373 1979 525 2061 οροιιεοθὶο
554 1981 632 2044 dccc
654 1981 731 2065 qnid
754 1987 836 2047 esset
857 1982 954 2067 probe
977 1984 1148 2056 noverant,
1180 1979 1235 2044 ead
1258 1976 1360 2043 filiam

177 2085 329 2148 umentia
350 2087 383 2148 et
405 2084 558 2171 gregibus
585 2085 788 2163 (νομίσματος
810 2084 893 2150 ούπυ
917 2083 1091 2169 εὑρημένου)
1117 2087 1247 2169 epatre
1269 2104 1362 2147 emere

177 2186 255 2272 qnid
284 2191 366 2253 esset
394 2207 572 2272 numquam
600 2189 797 2255 audiverant.
842 2188 907 2255 Sed
928 2188 1114 2255 Aristoteles
1135 2188 1169 2252 id
1190 2187 1287 2272 probe
1308 2206 1363 2253 no

177 2297 283 2368 verat,
308 2293 364 2376 qui
385 2292 496 2357 scribit
517 2296 552 2357 in
574 2292 816 2380 Poac.11.cap.
842 2292 873 2358 5.
897 2293 968 2364 τοὺς
989 2294 1142 2375 ἀρχαίους
1164 2289 1362 2370 ciacconius

177 2394 297 2469 ύπλοῦς
328 2391 403 2461 εἶναι
434 2394 488 2461 καί
518 2397 746 2478 βαρβαρικούς·
782 2397 1041 2480 ἐσιδηροφοροῦντο
1069 2396 1133 2476 γὰρ
1163 2398 1189 2460 ol
1210 2396 1362 2469 Ἕλληνες

176 2498 230 2565 καί
262 2498 322 2573 τὰς
344 2507 497 2577 γυναῖκας
521 2503 781 2568 ἘΩΝΟΤΝΤΟ
805 2504 879 2582 παρ’
902 2502 1057 2577 αλλήλων.
1104 2499 1157 2565 Sic
1178 2503 1281 2587 igitur
1302 2501 1363 2565 ior-

176 2623 283 2669 mosae
313 2604 438 2689 puellae
467 2626 531 2670 non
561 2606 623 2670 sibi
651 2612 740 2671 amnt
770 2606 993 2688 ἀλφεσίβοιαι,
1027 2604 1091 2670 sed·
1113 2603 1257 2689 patribus
1285 2604 1363 2669 suis.

176 2708 264 2775 Audi
284 2713 413 2794 poetam
436 2706 549 2794 Odyss.
575 2716 616 2773 A.
640 2707 717 2775 287.

334 2821 414 2878 τοῖσι
436 2813 462 2878 δ’
485 2814 536 2878 ἐπ’
558 2812 688 2896 ίφθίμην
711 2816 798 2894 Πηρὼ
820 2813 892 2880 τέκε
917 2814 1024 2892 θαῦμα
1046 2813 1198 2893 βροτοῖσι,

334 2918 391 2992 την
413 2916 530 2991 πάντες
551 2916 683 2996 μνώοντο
706 2918 896 2998 περικτίται·
921 2917 987 2984 cett
1008 2942 1038 2983 τι
1061 2916 1185 2993 Νηλεύς

333 3023 377 3103 τῷ
399 3021 494 3087 ἐδίδου
516 3017 549 3094 ῦς
571 3023 617 3099 μη
639 3018 747 3095 ἕλικας
769 3021 845 3101 βοῦς
869 3022 1099 3104 εὐρυμετώπους

334 3128 368 3193 ἐκ
393 3134 537 3199 Φυλακῆς
560 3125 683 3194 ἕλύσειε
705 3127 778 3207 βίης
800 3127 1005 3210 Ἰφικληείης.
1333 3216 1334 3219 ¹

177 3223 297 3320 optima
318 3232 492 3299 Pausanias
514 3232 553 3298 de
575 3253 613 3298 ea
632 3254 667 3299 re
690 3235 736 3299 sio
758 3233 870 3299 scribit
893 3230 947 3298 IV.
969 3230 1023 3298 36.
1047 3231 1079 3297 2.
1102 3231 1225 3303 ταύτας
1244 3232 1308 3313 γδρ
1325 3232 1361 3308 δίη

176 3338 236 3409 τοδς
267 3337 344 3415 βοῦς
372 3337 496 3412 Νηλεὺς
524 3336 658 3403 ἘΔΝΛ
690 3337 740 3402 ἐπί
771 3346 810 3420 τῇ
842 3335 970 3418 θυγατρὶ
994 3336 1060 3420 ᾔτει
1083 3336 1154 3409 τοὺς
1176 3337 1360 3416 μνωμένους.

177 3439 283 3520 Quid?
305 3446 437 3526 putesne
457 3440 596 3507 Neleum
618 3445 753 3509 eximias
776 3463 815 3508 ex
837 3440 1002 3509 'l'hessalia
1023 3441 1120 3509 boves
1141 3440 1257 3525 Iphicli
1277 3439 1362 3505 filiae

177 3564 253 3609 suae
273 3548 379 3628 petere
401 3566 442 3613 an
462 3546 578 3611 εἰθίαοί
598 3547 683 3630 pei?
705 3547 844 3613 Minime
868 3548 1038 3612 obscurum
1061 3528 1122 3610 hoc
1143 3545 1273 3630 quidem
1296 3549 1361 3621 est,

177 3653 212 3713 et
232 3647 405 3714 Pausanias
427 3649 543 3715 diserte
564 3651 592 3734 ᾗ.
606 3649 637 3714 3.
662 3652 786 3726 Νηλεὺς
809 3649 951 3729 γενέσθαι
971 3650 999 3714 oi
1017 3647 1093 3727 βοῦς
1109 3648 1283 3727 ἐπεθύμησε
1301 3648 1362 3720 τοὶς

177 3754 336 3833 Ἰφίκλου,
359 3759 393 3819 et
413 3755 459 3818 sic
480 3754 694 3838 pulcherrima
714 3754 896 3841 puellarum
911 3754 992 3820 Pero
1010 3755 1095 3839 patri
1112 3773 1187 3832 suo,
1211 3753 1362 3830 nonsibi,

177 3857 241 3924 fuit
263 3857 467 3940 ύλφεσίβοια.
514 3857 602 3924 Haec
625 3859 688 3923 sibi
709 3864 801 3944 pater
822 3854 894 3923 ἕδνα
918 3857 968 3923 ἐπὶ
991 3866 1032 3940 τῇ
1056 3858 1183 3939 θυγατρί
1205 3858 1306 3936 circi,
1331 3863 1363 3924 et

177 3983 242 4028 uno
272 3963 369 4029 verbo
399 3963 615 4029 θεδνοῦται
645 3963 701 4036 ris
732 3962 908 4043 θυγατέρα,
942 3963 977 4028 id
1006 3968 1055 4028 est
1084 3962 1134 4027 ἐπί
1157 3960 1274 4035 τούτοις
1298 3968 1362 4033 τοῖς

177 4066 269 4142 ἕδνοις
299 4070 355 4143 τὴν
384 4068 540 4149 θυγατέρα
573 4072 614 4149 τῷ
638 4075 766 4149 μνηςῆρι
790 4066 918 4133 δίδωσιν.
965 4067 1051 4132 Hinc
1072 4069 1165 4133 uxori
1186 4070 1288 4133 nutus
1306 4067 1362 4132 Ἦ·
1436 4054 1441 4065 ’

179 4178 293 4252 φαιςος
316 4173 430 4261 Odyse.
455 4182 493 4238 Θ.
519 4171 584 4238 317
608 4175 655 4238 ita
677 4172 773 4237 dicit:

496 4277 584 4345 ύλλύ
608 4284 694 4361 σφωε
717 4278 802 4348 δθλος
826 4278 877 4341 καί
902 4279 1013 4355 δεσμὸς
1037 4275 1151 4358 ἐρύξει,

338 4385 435 4451 είσθκε
460 4408 511 4462 μοι
534 4384 627 4463 μύλα
653 4383 759 4450 ποίντα
784 4387 885 4464 πατὴρ
910 4384 1059 4465 ἀποδῷσιν
1085 4381 1190 4461 ἔεδνα,
