3296 5022
244 344 310 409 tab
659 352 860 403 oosrsorsurs
890 352 1006 401 ιλτιιλ.

333 541 392 589 ueo
416 518 522 586 lacere
548 526 583 587 ut
607 523 735 605 possam
757 518 932 603 quiequam
957 537 1015 587 neo
1039 518 1146 587 redere
1169 538 1345 605 quoquam,

242 626 295 693 obi
319 634 426 691 tanuen
451 624 558 689 cedere
578 632 627 691 est
651 622 810 697 ιἰιωοιίοοι,
833 622 895 698 iro,
921 631 1042 704 χωρεῖν.

287 726 502 796 statuendum
521 735 570 792 est
595 727 700 812 potius
722 725 829 793 eeolere
851 725 911 791 hoe
935 746 1032 795 seusu
1054 727 1127 813 poni
1152 726 1236 813 apud
1261 726 1345 793 solos
1366 747 1424 793 an·

242 834 413 920 tiquiores;
448 829 532 896 uude
564 838 754 915 sequeretur
783 828 949 897 Heinsium
974 833 1045 897 iure
1069 840 1212 898 murtasse
1235 831 1340 898 losum
1363 831 1421 896 Ho-

241 940 425 1014 ratianum,
450 936 512 1000 uisi
536 934 598 1002 alia
625 954 678 1001 res
701 940 836 1001 vetaret.
872 933 993 1020 Nempe
1016 936 1125 1019 gravis
1145 955 1195 1000 me
1216 944 1303 1001 teuet
1324 936 1422 1021 suspi-

240 1043 291 1110 cio
321 1040 399 1107 baao
430 1039 501 1125 ipsa
532 1039 628 1107 rerba
662 1046 718 1107 aut
749 1036 864 1107 saltam
896 1047 1020 1123 purtem
1052 1059 1181 1107 eorum:
1211 1039 1375 1105 detrolere
1397 1047 1425 1103 et

240 1165 373 1220 erasus,
405 1163 523 1209 uiribus
554 1163 616 1228 quo
646 1142 784 1229 quisquo
804 1162 862 1226 per
890 1162 946 1207 oro
976 1142 1096 1209 eederet
1125 1162 1290 1211 rsrroasuu
1321 1162 1426 1208 rueris

240 1249 409 1316 Horatium
443 1256 630 1317 mutuatum
662 1266 731 1315 usse
762 1264 781 1311 a
813 1243 953 1319 brteilio,
985 1245 1025 1313 de
1059 1266 1123 1339 quo
1154 1245 1233 1311 haee
1259 1245 1426 1313 dicuntur.

238 1353 319 1421 Nam
351 1348 482 1420 alluuie
511 1369 548 1418 ea
577 1351 676 1436 petito
705 1368 776 1419 esse
798 1358 934 1436 apparet
955 1350 1022 1418 lere
1045 1370 1083 1416 ar
1108 1350 1205 1419 buius
1228 1349 1288 1417 looi
1313 1348 1427 1419 simili-

239 1456 352 1525 tudiua
373 1475 447 1522 oum
473 1452 597 1532 alluo,
620 1454 676 1539 qui
700 1452 819 1538 legitur
843 1454 947 1541 Epist.
966 1455 1007 1533 l,
1035 1461 1095 1533 tu,
1119 1461 1160 1524 ib
1185 1474 1345 1542 quomque
1369 1453 1427 1521 rui·

244 1579 300 1629 ror
321 1580 341 1627 a
366 1557 600 1633 recentioribus
625 1557 856 1643 interpretibus
882 1559 990 1627 omnia
1012 1561 1110 1628 stiam
1135 1559 1330 1628 alienissima
1354 1579 1428 1627 ooo·

242 1664 431 1751 gerentibus
456 1683 517 1732 uua
541 1661 660 1731 allerri.
696 1660 899 1731 baudoverat
916 1672 1043 1739 autem,
1070 1674 1105 1733 ut
1124 1683 1211 1735 ouoo
1230 1662 1342 1743 rideo,
1362 1663 1426 1733 iam

241 1767 417 1838 Lambinus
440 1768 486 1833 sie
510 1766 697 1835 habeatem:

377 1870 433 1938 sed
460 1871 544 1940 ridet
570 1870 656 1939 lauro
681 1873 786 1937 omnis
809 1870 924 1937 domus
948 1879 980 1938 et
1003 1871 1122 1939 vicinia
1143 1879 1228 1949 toto,

378 1995 539 2043 rssrorsos
563 1994 683 2041 suoru
706 1976 886 2058 speciosum
910 1996 1001 2042 reuss
1025 1975 1150 2043 deeora.

288 2074 357 2144 Nisi
389 2076 499 2155 tollor,
533 2078 611 2144 olim
638 2077 782 2161 Lucilius
813 2082 846 2145 in
876 2078 992 2147 Satiris
1016 2078 1075 2146 hoe
1100 2078 1149 2147 bis
1173 2078 1239 2147 lere
1261 2078 1367 2147 serbis
1390 2080 1429 2149 de

244 2202 314 2255 sesa
338 2183 600 2269 praedicaverat,
625 2203 659 2248 se
675 2182 858 2248 simulatam
879 2182 1080 2267 quorundam
1095 2182 1260 2251 bominum
1275 2184 1428 2255 uirtutem

247 2285 421 2363 invadere,
464 2294 498 2354 et
536 2287 648 2373 quales
688 2306 798 2353 revera
837 2296 944 2352 esseut
975 2287 1143 2355 ostendere
1176 2288 1300 2375 populo.
1342 2287 1429 2369 Quae

245 2393 431 2458 eouiectura
462 2392 489 2456 si
524 2413 596 2457 vera
630 2401 694 2467 est,
726 2389 925 2475 intellegitur
956 2411 1018 2456 nou
1042 2388 1081 2457 de
1104 2390 1205 2456 nihilo
1227 2412 1314 2469 esse,
1343 2389 1428 2477 quod

244 2506 397 2581 appareat
444 2495 502 2561 litis
542 2496 612 2560 loeo
653 2494 754 2559 lorma
798 2495 958 2563 arobaioa.
1015 2494 1063 2561 tu
1102 2497 1203 2581 ipsam
1236 2496 1427 2587 loeutiooeur

246 2598 331 2687 quod
358 2601 490 2678 attinet,
525 2600 701 2666 Lambinus
725 2599 800 2664 olim
824 2599 961 2664 contulit
995 2597 1134 2666 Platonis
1158 2601 1263 2669 Ιοοιιιιι
1289 2600 1329 2667 de
1352 2601 1424 2684 liep.

247 2704 293 2779 ll,
315 2725 345 2790 p.
375 2708 438 2769 565
458 2725 493 2769 u:
518 2706 620 2769 οὐκοῦν
645 2702 749 2778 ἐπειδὴ
773 2705 809 2768 τί
831 2704 979 2770 δοκεῖν-ν
993 2703 1045 2769 καί
1066 2702 1219 2781 ἀλήθειαν
1240 2705 1355 2783 βιᾶται
1376 2702 1425 2773 καί

246 2806 344 2889 κύριόν
363 2808 425 2876 iero
449 2809 663 2885 εὐδαιμονίαι,
689 2807 848 2872 ἐπὶτοῦτο
871 2808 905 2881 ab
928 2808 1073 2888 τρεπτέον
1095 2806 1189 2884 ὅλως,
1213 2809 1352 2890 πρόθυρα
1373 2811 1429 2887 μίν

248 2912 300 2978 καί
325 2919 438 2990 σχῆμα
463 2912 565 2992 κύκλρι
588 2911 655 2991 περ)
679 2912 814 2988 ἐμαυτὸν
836 2914 1053 2992 σκιαγραφίαν
1072 2912 1432 2994 αρετῆςπερινραπτέον,

248 3016 304 3090 rip
333 3015 365 3080 bi
394 3018 448 3079 τοῦ
479 3014 663 3097 cromeras
694 3016 883 3097 Ἀρχιλόχου
916 3018 1067 3083 ἀλώπεκα
1101 3017 1222 3085 ἑλκτέον
1253 3015 1431 3094 ίξίπιτθεν,

250 3116 419 3198 κερδαλέαν
442 3119 493 3183 καί
518 3120 674 3196 ποικίλην,
698 3139 836 3204 eumque
860 3122 1071 3196 recentiores,
1097 3128 1132 3186 ut
1156 3120 1299 3198 ridetur,
1326 3118 1431 3185 secuti

248 3230 326 3289 suut
348 3221 552 3308 interpretes
597 3226 638 3288 bt
662 3222 768 3289 [abula
792 3221 845 3288 illa
866 3222 1089 3291 brobttocbtea
1109 3222 1149 3291 tle
1163 3225 1270 3313 aquilo
1289 3232 1322 3293 et
1338 3223 1433 3308 oulpe

248 3325 352 3411 deque
375 3325 469 3411 eulpa
491 3334 524 3392 et
547 3327 640 3395 νίνιιίω
664 3326 722 3415 (ct.
750 3328 864 3413 Bergk.
888 3328 965 3415 byr.
990 3326 1040 3396 ed.
1064 3328 1109 3393 lll
1133 3349 1165 3414 p.
1190 3332 1255 3397 706
1273 3329 1337 3413 sq.)
1354 3346 1432 3412 quo·

250 3428 344 3498 ruodo
375 3430 497 3497 ι’ωιανωω
527 3430 585 3496 itta
609 3432 767 3516 ίννρίιωιίο
787 3431 942 3518 pellisque
964 3431 1075 3499 deeora
1095 3432 1276 3502 iliustretur
1299 3450 1432 3519 Prorsus

170 3607 175 3614 ,
248 3555 311 3602 riou
338 3534 500 3621 intellego.
534 3535 602 3622 Epo
623 3537 730 3623 potius
752 3536 791 3603 ds
809 3537 951 3605 Cumano
969 3538 1299 3622 asinocogtuverim.
1316 3536 1434 3623 dequo

250 3640 322 3707 virle
355 3660 438 3727 quae
469 3640 582 3707 scribit
613 3642 763 3707 Lucrssus
793 3642 826 3706 iu
855 3640 1013 3707 Piscatore
1036 3660 1106 3726 oap.
1132 3645 1191 3711 ab:
1215 3647 1359 3709 Treuiro
1379 3641 1433 3709 rosi

251 3747 334 3824 ὕμῖιρ
365 3743 552 3825 πάσχοντας
583 3746 635 3810 ὑπ’
667 3745 784 3811 ίνονίνωω
816 3745 897 3833 (soil.
929 3765 949 3812 a
978 3744 1066 3813 labsis
1097 3743 1160 3813 illis
1185 3744 1378 3835 pbilosophis
1400 3755 1435 3815 st

251 3848 442 3934 aretalopis,
468 3850 524 3937 qui
547 3849 663 3916 Curios
683 3850 838 3916 simulant
861 3848 1125 3917 et'Baoobaualia
1144 3849 1269 3939 uiuunt)
1293 3848 1364 3931 ὁρῶν
1379 3851 1435 3919 οὐκ

251 3956 371 4032 ἤννρνιια
393 3956 449 4032 stu
472 3954 624 4037 αἰσχύναν
646 3965 702 4032 τῆς
726 3955 922 4036 ὑποκρίσεως,
952 3956 979 4021 si
1003 3953 1127 4027 πίθηκοι
1150 3954 1434 4032 &saresberienses

251 4059 347 4140 ἡρώων
373 4068 434 4137 (so.
461 4079 689 4143 germanorum
714 4058 990 4146 pbilosophorum,
1014 4069 1048 4127 ut
1074 4059 1229 4137 Platonis,
1252 4058 1436 4127 Aristotelis

252 4162 433 4248 iterumque
446 4163 616 4250 similium)
630 4175 804 4246 προσωπεῖα
816 4162 1001 4247 περιθέσθαι
1024 4165 1042 4241 ἢ
1066 4167 1131 4233 τίν
1155 4166 1191 4233 ίν
1215 4163 1327 4247 Κύρων
1350 4162 1437 4229 loru

251 4269 392 4351 (turpent
415 4268 565 4352 bestiam)
586 4268 875 4348 μιμήσασθαι,
901 4262 937 4344 le
962 4278 1128 4344 λεοντῆν
1151 4271 1247 4357 (quse
1269 4276 1321 4337 νει
1344 4267 1438 4353 pellis

250 4389 328 4436 saue
358 4368 504 4460 tleooral)
540 4374 876 4454 περιβαλόμενος
909 4374 1020 4452 ἠξίου
1051 4375 1151 4441 λέων
1182 4372 1304 4446 αὖτίς
1329 4369 1434 4437 εἶναι
