3254 5034
553 344 745 391 ettttotoutcn
770 345 807 391 ΒΤ
832 347 959 394 uutrtctt.

344 511 495 595 ὦνέρον,
520 515 618 587 οὔπως
642 512 1041 594 transtorrentem:
1065 519 1132 586 tta.
1172 530 1175 535 “

157 619 216 706 qui
240 629 367 687 servato
391 619 491 695 οὕτως
516 640 553 685 ex
580 620 718 689 Homero
747 621 975 689 enrentlamlns.

204 832 250 899 tu
276 830 390 922 Odyss.
414 841 457 900 N.
485 838 547 900 119
573 834 692 921 legitur
712 835 807 922 inriga
833 836 1002 925 Porphyrii
1029 839 1212 915 annotatio,
1238 840 1350 927 quales

154 938 338 1027 permultae
362 959 436 1005 cum
460 942 602 1007 auctoris
627 942 756 1008 nomine
780 943 812 1007 iu
836 941 974 1009 Scholiis
1000 942 1129 1011 Venetis
1153 944 1192 1009 ati
1218 945 1349 1013 tttauem

155 1046 389 1131 reperiuntur,
421 1046 504 1113 uutle
529 1045 622 1114 l'acile
645 1049 677 1113 in
703 1046 753 1114 his
779 1046 862 1113 idern
894 1059 1007 1116 auctor
1031 1050 1229 1135 agnoscitur.
1277 1050 1351 1117 Por·

154 1149 294 1240 phyrius
319 1151 420 1218 multa
447 1152 486 1219 ah
510 1151 716 1232 lutisthene,
744 1152 833 1239 plura
857 1153 896 1219 ah
922 1154 1108 1232 Aristotele,
1135 1156 1350 1223 nonnullaab

156 1256 327 1324 Heraclide
348 1258 480 1325 Pontico
503 1258 542 1325 ile
562 1259 700 1326 Homero
724 1262 844 1346 scripta
870 1260 980 1328 sedulo
1004 1262 1162 1328 lectitarit
1183 1263 1349 1349 multaque

154 1383 199 1430 ex
223 1362 272 1428 his
295 1362 335 1427 ad
360 1363 492 1431 llonreri
517 1365 817 1453 interpretationem
843 1387 1031 1454 expromere
1055 1370 1145 1436 solet.
1194 1368 1256 1437 seu
1284 1389 1348 1435 nra·

150 1468 222 1535 luni
244 1468 364 1535 iactum
387 1469 470 1557 quotl
493 1470 572 1537 nihil
597 1489 807 1559 magnopere,
825 1473 909 1561 qnod
931 1472 1021 1540 nobis
1041 1476 1113 1541 usui
1134 1496 1204 1542 csse
1225 1476 1344 1562 possit,

150 1597 193 1645 ex
215 1576 278 1643 illis
302 1577 496 1665 philosophis
522 1581 553 1644 in
579 1578 719 1645 aredium
743 1579 918 1666 protertur.
966 1581 1041 1646 l‘lus
1061 1589 1109 1647 eat
1133 1584 1164 1647 in
1188 1602 1249 1647 una
1275 1582 1347 1647 hri·

148 1682 277 1750 starchi
308 1683 528 1752 obseruatione
553 1684 626 1751 honi
660 1704 756 1771 qitaur
791 1686 822 1749 in
858 1686 1008 1752 omnihus
1031 1706 1114 1773 quae
1150 1684 1347 1775 Porphyrius

149 1811 193 1857 ea
214 1789 477 1878 Philosophorum
500 1791 540 1858 tle
563 1791 700 1858 Homero
722 1793 853 1879 scriptis
874 1792 964 1858 nohis
987 1793 1139 1859 servavit.
1179 1789 1261 1857 som
1283 1811 1344 1857 uon

150 1896 302 1982 illepidae
322 1895 363 1962 tle
386 1896 579 1983 quibusdam
605 1897 683 1964 locis
704 1897 885 1964 Homericis
913 1898 1186 1965 confabulationes
1211 1896 1345 1983 legenti-

151 2002 217 2068 hns
242 2002 423 2069 istiusmodi
456 2002 645 2070 deliciarum
679 2004 864 2070 arnantilrus
889 2004 991 2071 inulto
1016 2005 1223 2071 iucundiores
1246 2022 1342 2090 quam

149 2107 195 2175 ad
222 2108 394 2175 Homerum
416 2108 661 2196 intelligendum
687 2110 849 2185 utiliores,
871 2110 978 2197 qualia
999 2120 1050 2177 sat
1070 2110 1169 2176 nrulta
1194 2108 1344 2176 Socrates

148 2212 237 2302 apud
268 2213 431 2280 Platonem
457 2225 489 2282 ei
513 2215 754 2304 Xenophontem
780 2214 885 2297 παθζει
908 2216 1018 2281 τεκαὶ
1043 2217 1240 2296 εθριονεθεπαι.
1280 2217 1344 2281 llu-

149 2319 328 2388 insoemotli
352 2330 401 2386 est
425 2320 602 2408 disputatio
629 2321 814 2389 Heraclidae
849 2322 994 2401 Pontici,
1027 2341 1123 2409 quam
1155 2324 1245 2391 nohis
1270 2327 1343 2391 Por·

148 2427 289 2517 phyrius
313 2428 464 2494 servarit.
501 2428 558 2494 Est
581 2427 673 2515 paulo
695 2427 858 2494 verbosior
879 2426 934 2494 sed
956 2447 1017 2492 non
1043 2427 1218 2496 iniucunda
1240 2431 1342 2511 lectu,

146 2553 257 2621 neque
286 2533 472 2600 Homericae
504 2534 762 2622 interpretationi
796 2533 904 2612 utilis,
937 2532 993 2600 seri
1023 2531 1075 2599 hio
1107 2533 1171 2601 illic
1197 2537 1341 2604 uitiiset

147 2638 277 2706 urentlis
308 2639 428 2715 obsita,
460 2660 545 2727 qttne
576 2641 694 2729 partim
728 2640 913 2724 abstergere
945 2638 1151 2717 cunalrinrur,
1184 2641 1267 2729 qnotl
1302 2663 1340 2710 eo

146 2745 313 2813 lubentius
346 2744 502 2812 iaciemus
532 2748 607 2834 quia
643 2745 826 2813 Heracliotes
858 2754 941 2811 tersa
973 2741 1144 2811 atlruotlum
1173 2756 1206 2813 et
1239 2749 1340 2814 nititla

147 2852 294 2918 oratione
326 2852 441 2919 utitur.
499 2853 539 2920 Et
571 2862 647 2919 sunt
679 2852 836 2939 quaerlam
871 2850 1032 2926 tenuiora,
1066 2859 1102 2917 nt
1126 2872 1156 2937 p.
1188 2857 1272 2931 563,
1297 2857 1339 2920 οὔ

149 2957 208 3026 ubl
242 2961 360 3025 inserto
391 2958 529 3025 articulo
552 2957 782 3025 scribentluntt
817 2955 1008 3040 ταχνπθτοος
1035 2955 1121 3045 (τοῖς)
1146 2958 1340 3038 οῖποπομπιὶς

148 3065 301 3132 ποιεῖσθαι
323 3066 383 3131 πᾶν
404 3063 516 3145 ξένοιν,
548 3074 580 3132 et
605 3085 636 3152 p.
663 3068 748 3140 lilll,
774 3064 856 3131 Sral
881 3064 938 3141 μὲν
963 3063 1030 3144 περὶ
1054 3062 1105 3128 ria
1126 3063 1262 3142 πθλεμον
1283 3064 1341 3130 δει-

146 3170 275 3238 νθσοοτον
298 3177 357 3237 πῖον
380 3171 499 3237 θνσιον
532 3173 604 3259 (pro
629 3170 750 3258 θνητῶν)
775 3167 872 3246 εἶναι,
903 3178 935 3235 ci
955 3189 984 3255 p.
1011 3171 1097 3246 565,
1129 3176 1139 3233 l
1169 3170 1225 3245 rin
1249 3173 1341 3235 ανα-

145 3282 290 3359 rayno
321 3279 502 3355 ἐποιήσαντο
535 3297 592 3366 pro
623 3278 775 3357 ἀρωγήν,
813 3273 868 3341 seu
899 3275 1049 3361 graviora
1085 3274 1218 3342 vulnera
1251 3275 1340 3341 locus

145 3384 273 3472 accepit
297 3405 327 3473 p.
353 3389 440 3463 tot,
470 3389 529 3451 10:
557 3385 589 3450 οθ
612 3384 675 3464 γαρ
697 3385 753 3459 σὺν
773 3380 927 3460 οῖποθειξιν
949 3380 1149 3464 ἐφοβήθησαν
1171 3383 1210 3454 οῖς
1234 3383 1340 3448 λαθεῖν

144 3492 359 3573 ἐβουλήθησαν
382 3494 412 3558 ἐν
434 3487 456 3574 ᾧ
476 3491 560 3573 τθπρ
580 3494 790 3567 κατοικοῦσιν,
817 3487 871 3554 uhi
893 3507 943 3554 res
965 3488 1048 3574 ipsa,
1073 3505 1136 3573 qua
1161 3485 1200 3553 de
1219 3488 1339 3573 agitur,

145 3598 348 3665 domonstrat
372 3596 541 3683 legendum
568 3615 651 3662 esse:
685 3598 717 3661 ni
741 3596 806 3677 γὰρ
830 3591 927 3660 οὕτω
951 3595 1006 3669 σὴν
1029 3591 1202 3671 dicitas
1222 3594 1340 3678 ἐφοβιὶ·

145 3709 242 3781 θησαν
265 3705 330 3770 uri.
363 3713 394 3769 et
421 3705 536 3769 misere
561 3711 713 3788 corrupta
742 3709 818 3767 sunt
853 3699 981 3765 ultima:
1011 3700 1065 3776 ἤδη
1091 3699 1123 3764 δὲ
1156 3698 1339 3778 πλάσσομεν

146 3813 181 3877 ἐκ
200 3817 259 3877 πῖον
280 3812 360 3877 ἐπῶν
382 3836 412 3879 σι
434 3820 497 3885 τοῖς
519 3808 651 3888 Φαίαξιν
675 3808 869 3890 αῖρεπιθπερον
888 3805 1062 3885 συμβαῖνον
1085 3804 1217 3884 διόπερ
1241 3803 1341 3871 ἴδιον

145 3918 292 4000 τρῖσνι
323 3919 449 3996 &lotias
486 3917 626 3988 κίνδυνος.
684 3913 766 3981 Sunt
802 3911 879 3978 haee
915 3910 1073 3996 flagitiose
1108 3917 1261 3996 corrupta
1294 3910 1339 3975 ita

147 4032 255 4090 taureu
290 4033 321 4088 ut
360 4032 498 4090 ueterem
536 4022 730 4106 scripturam
764 4039 801 4085 ex
835 4018 875 4081 iis
909 4015 1123 4103 pellucentem
1162 4035 1337 4100 agnoscere

147 4129 270 4216 possis,
291 4148 373 4214 quae
400 4127 477 4195 haec
499 4137 567 4195 est:
594 4126 637 4194 nt
666 4125 867 4208 περιεῖδον
892 4124 955 4188 rio
978 4130 1034 4199 τοῖς
1058 4120 1183 4200 &hoziae
1209 4121 1339 4189 κθνθν·

146 4260 227 4314 νον,
250 4254 333 4321 quae
358 4235 549 4320 respondent
575 4229 814 4319 superioribus:
840 4227 925 4312 φασί
946 4250 976 4292 rt
1002 4225 1118 4310 πρᾶξαι
1141 4227 1212 4302 τοὺς
1238 4230 1340 4296 Φαθα-

146 4365 206 4414 και
227 4345 362 4407 τοιοῦτον
384 4339 421 4419 if
443 4338 477 4407 οὖ
501 4339 629 4412 κίνδυνος
656 4332 688 4413 ἦν
710 4336 818 4420 οῖθοξῖρι
840 4342 1023 4416 περιπεσεῖν.

191 4445 336 4513 Notanda
361 4458 409 4513 est
434 4442 518 4533 apud
548 4440 749 4510 Heraclidem
772 4461 801 4527 p.
831 4443 917 4519 563,
949 4444 991 4505 29
1016 4439 1151 4507 lootttio:
1183 4439 1267 4505 οὐδὲν
1290 4438 1339 4506 οὖν

1161 4549 1176 4593 ο
