3340 5014
277 343 342 408 tau
772 355 973 402 nrscecnanca

273 525 420 595 tudinem
436 535 568 594 secutus
589 533 653 599 τοῖς
669 526 869 608 ἐπιτυχοῦσιν
881 519 1026 602 ίνίμασιν
1044 524 1151 592 utitur
1169 524 1223 593 uhi
1245 520 1460 593 Athenienses

273 634 373 700 certis
388 642 420 700 et
436 633 575 719 propriis
587 630 693 699 veritis
716 630 908 705 utebantur,
930 627 1029 695 veluti
1050 651 1121 718 cap.
1137 637 1188 698 37.
1214 632 1229 697 θ
1252 640 1461 712 Περικλῆς-

274 739 363 818 νίμον
384 737 506 822 ἔγραψε
526 738 634 818 μόνους
657 735 835 812 Ἀθηναίους
855 731 932 801 εἶναι
952 735 1023 810 τοὺς
1041 737 1076 802 ἐκ
1089 737 1168 805 δυεῖν
1187 738 1353 814 Ἀθηναίων
1365 762 1462 818 γεγο·

274 846 386 926 νίτας,
424 845 566 911 Atticum
602 851 652 910 est
681 843 717 907 ίκ
747 842 825 908 δυοῖν
857 842 943 908 riceii
972 841 1161 922 γεγονότας,
1186 853 1219 911 et
1243 853 1459 932 postpauca:

273 951 289 1016 t
298 949 506 1034 προίθησαν
525 948 574 1017 οὖν
592 950 720 1024 οίλίντες
740 949 835 1030 ίλίγορ
852 950 1115 1029 πεντακισχιλίων
1134 949 1284 1024 ίλοίττονς
1300 951 1371 1018 sine
1388 970 1462 1017 cun·

273 1056 430 1121 troversia
443 1055 618 1137 ἐπροίθησαν
638 1061 828 1140 corruptum
841 1061 901 1119 est.
928 1053 1084 1140 Loquitur
1104 1053 1142 1120 de
1156 1056 1195 1121 iis
1208 1057 1264 1143 qui
1279 1055 1373 1122 malis
1385 1061 1462 1122 arti·

273 1158 334 1226 hus
348 1162 379 1226 in
393 1162 556 1229 civitatem
578 1164 793 1249 irrepserant,
814 1158 932 1246 quibus
946 1160 1055 1226 cicitur
1072 1159 1219 1237 ademta,
1245 1181 1308 1227 non
1322 1161 1460 1228 libertos.

272 1266 385 1354 ltaque
415 1267 608 1335 Plutarchus
639 1265 848 1342 θπηλιίθησαν
878 1265 1019 1343 dixerat,
1051 1265 1262 1333 Athenienses
1294 1268 1325 1331 in
1358 1288 1396 1334 ea
1428 1287 1462 1335 re

272 1374 540 1457 οίπεψηφίοθησαν
564 1373 724 1441 dicebant.
773 1372 887 1440 Paucis
911 1372 1112 1458 interpositis
1142 1372 1272 1439 scribit:
1293 1375 1462 1455 σονοχοίρη·

272 1503 333 1547 σαν
361 1479 613 1565 ἀπογράψασθαι
643 1482 695 1548 τίν
717 1480 796 1548 νόθον
821 1480 865 1551 είς
886 1479 957 1554 τοὺς
982 1477 1139 1562 Φροίτορας
1160 1476 1257 1559 ὄνομα
1279 1479 1402 1559 θίμενον
1425 1483 1461 1549 τὸ

274 1586 389 1665 αὑτοῦ,
422 1596 525 1673 potest
557 1587 589 1652 in
622 1585 672 1652 his
706 1584 897 1654 Plutarchus
924 1582 1092 1651 emendate
1116 1584 1285 1671 scripsisse
1319 1587 1363 1660 είς
1392 1587 1462 1660 τοὺς

272 1691 450 1773 φροίτερας,
475 1691 796 1775 cresanciacum
825 1693 857 1756 in
889 1689 945 1755 tali
979 1709 1014 1756 re
1038 1691 1214 1776 improprie
1236 1700 1268 1756 et
1292 1711 1460 1779 perperam

272 1794 413 1876 dicitur,
446 1797 658 1865 Athenienses
689 1807 778 1865 certo
808 1806 841 1863 et
874 1803 1028 1882 perpetuo
1059 1815 1122 1862 usu
1153 1795 1292 1876 είσοίγειν
1325 1800 1367 1872 είς
1391 1798 1461 1873 τοὺς

271 1900 429 1984 Φροίτερας
458 1901 609 1971 dicebant
630 1913 661 1971 et
687 1903 861 1987 ἐγγράφειν
885 1903 927 1977 είς
951 1902 986 1968 τὸ
1009 1899 1209 1983 ληξιαρχικὸν
1231 1911 1460 1985 γραμματεῖον.

273 2007 438 2095 Exemplis
470 2009 502 2075 in
536 2030 571 2077 re
597 2012 672 2078 trita
698 2010 776 2099 quid
797 2007 899 2098 opus?
936 2007 1041 2074 Unum
1065 2016 1171 2074 tamen
1196 2010 1272 2095 quia
1294 2020 1360 2077 tam
1385 2009 1459 2098 lepi-

273 2112 351 2180 dum
383 2122 433 2180 est
465 2115 637 2201 proteram.
685 2118 723 2183 tn
755 2113 981 2203 Aristophanis
1009 2112 1128 2180 Avibus
1150 2133 1195 2181 vs.
1226 2118 1310 2182 1669
1333 2116 1459 2203 quaerit

272 2239 311 2287 ex
337 2219 474 2287 ltercule
503 2221 739 2290 Pistbetaerus:

454 2326 509 2405 ἤδη
533 2331 564 2395 σ’
587 2328 602 2393 ὅ
626 2331 730 2411 πατὴρ
749 2327 899 2407 είσνίγαγ’
922 2328 953 2400 ir
975 2326 1047 2402 τοὺς
1070 2325 1246 2411 φροίτερας;

272 2432 325 2499 cui
351 2430 420 2500 ille:

453 2540 486 2606 cri
509 2540 577 2618 θῆτ’
600 2540 656 2621 ἐμέ
679 2563 720 2621 γε
743 2539 795 2606 καί
820 2537 886 2616 θῆτ’
909 2537 1082 2622 ἐθαύμαζον
1105 2538 1221 2607 ποίλαι.

318 2748 516 2817 Deliciehant
553 2750 763 2818 Plutarchum
797 2750 842 2817 τίν
875 2754 932 2817 τοῦ
961 2752 1113 2832 Κρατεροῦ
1148 2749 1367 2833 ψηφίσματα,
1406 2749 1460 2816 ubi

14 2852 206 2959 *Ag
271 2855 385 2922 scribit
409 2856 448 2923 tle
472 2856 606 2923 Periclis
635 2856 755 2923 iudicio
788 2876 857 2944 cap.
887 2863 936 2922 is.
962 2856 1129 2941 ἐπεγράφη
1156 2855 1187 2922 δὲ
1210 2865 1250 2937 τῇ
1273 2857 1340 2939 δίκη
1361 2858 1461 2935 κατη-

209 2950 217 2955 ’
273 2985 358 3044 γορος
385 2964 425 3034 ὥς
447 2963 504 3042 μὲν
527 2964 696 3042 Ἰδομενεὺς
719 2963 807 3043 λέγει
831 2961 935 3029 Κλέων
947 3011 956 3041 ,
981 2964 1020 3036 ric
1041 2963 1073 3028 at
1105 2962 1285 3045 Θείφρατος
1317 2961 1460 3042 Σιμμίας

275 3066 386 3154 (scrib.
413 3071 529 3149 Σιμίας
552 3089 590 3135 ex
614 3069 736 3156 σιμίς),
765 3069 779 3134 ί
804 3070 834 3135 il
858 3068 1003 3140 Ποντικὸς
1034 3069 1235 3148 Ἡρακλειθης
1259 3069 1461 3151 Λακρατίδαν

274 3173 350 3259 (scr.
391 3176 622 3263 Λακρατείθαν)
654 3175 935 3258 είρηκεν.θόιίσεεο
967 3193 1080 3239 omues
1110 3193 1184 3241 vera
1216 3184 1350 3242 narrant
1385 3176 1461 3261 qnia

272 3278 455 3366 complures
478 3290 683 3348 accusatores
708 3279 825 3368 publici
848 3279 1147 3360 constituebantur,
1172 3300 1253 3367 quos
1289 3279 1460 3346 Athenien·

273 3404 324 3451 ses
356 3386 535 3468 συνηγίρους
576 3387 754 3474 appellant,
788 3385 982 3453 Plutarchus
1017 3387 1221 3469 κατηγθρονς,
1263 3394 1299 3452 ut
1331 3386 1363 3450 in
1396 3383 1462 3450 vita

274 3490 407 3558 Periclis
438 3512 509 3579 cap.
540 3497 580 3558 10
611 3490 646 3568 ἦν
669 3494 733 3575 γαρ
757 3487 800 3567 είς
824 3500 883 3560 τῶν
906 3491 1143 3573 κατηγίριον
1175 3494 1189 3559 ί
1220 3497 1370 3574 Περικλῆς
1403 3490 1461 3556 ὑπὸ

273 3602 327 3664 τοῦ
347 3596 443 3677 δήμου
462 3598 715 3680 προβεβλημένος
737 3600 768 3664 in
781 3598 964 3676 Cimonem,
980 3606 1012 3664 et
1033 3606 1104 3685 post
1122 3618 1240 3685 pauca:
1266 3594 1461 3674 ἅπαξοίνίτη

273 3706 329 3780 τίον
349 3704 503 3787 προβολὴν
522 3705 743 3788 αφοσιοιίμενος
768 3705 821 3771 καί
844 3712 904 3771 τῶν
928 3704 1156 3787 κατηγόρων
1179 3703 1319 3788 ἐλοίχιςα
1339 3703 1391 3769 τίν
1410 3702 1462 3769 ut-

272 3833 362 3892 μονα
390 3814 535 3891 λυπήσας
565 3814 758 3894 ἀνεχώρησα
781 3809 824 3879 cl.
851 3809 1013 3878 Plutarch.
1038 3809 1072 3875 in
1095 3808 1226 3879 Cimone
1249 3830 1320 3898 cap.
1346 3813 1399 3877 14.

322 4022 399 4089 Sine
414 4022 478 4090 ulla
498 4024 716 4092 controversia
735 4024 771 4090 ίκ
789 4031 845 4100 τῆς
865 4027 919 4089 τοῦ
936 4025 1089 4105 Κρατεροῦ
1110 4031 1304 4105 Συναγυνῆε
1321 4020 1463 4108 descrip-

276 4135 346 4196 tum
372 4138 421 4195 est
444 4130 479 4195 τί
498 4131 655 4213 ψήφισμα
673 4129 709 4197 τὸ
725 4130 778 4196 tat
803 4128 990 4208 Θεοπόμπου
1014 4126 1162 4212 ἄρχοντος
1182 4131 1236 4213 ἐφ’
1254 4125 1288 4195 οὖ
1312 4129 1337 4195 οί
1354 4150 1462 4209 τετρα·

277 4233 370 4301 κίοιοι
401 4235 617 4310 κατελύθησαν
651 4234 769 4325 (Olym.
802 4235 894 4302 XClt.
927 4239 957 4301 2.
983 4238 1043 4318 445
1072 4255 1090 4301 a
1118 4232 1211 4322 uer.)
1233 4237 1303 4301 καθ’
1326 4231 1340 4299 i
1364 4231 1463 4309 ἔδοξεν

276 4341 431 4424 Ἀντιφῶν
454 4341 605 4422 κριθῆναι,
631 4340 717 4429 apud
742 4339 950 4408 Plutarchum
970 4341 1001 4406 in
1024 4342 1137 4408 ritisx
1166 4338 1338 4408 Oratorem
1352 4360 1382 4427 p.
1396 4343 1461 4406 855

275 4452 314 4516 Ε.
343 4446 535 4516 Plutarchus
559 4465 598 4514 ex
621 4447 758 4516 Caecilio
782 4446 921 4515 Rhetore
944 4446 1038 4515 allert
1063 4448 1090 4537 (θ
1114 4447 1271 4521 Καικίλιος
1295 4446 1463 4530 παρατίθε-
