3296 5022
704 373 903 419 conluctantia
927 368 1044 416 Latinae

766 540 893 606 diversa
918 558 975 625 per
999 557 1135 623 aequora
1158 535 1257 601 ventis

453 645 581 709 iactator
605 644 734 732 Lybicis
757 654 846 721 cett„

273 769 334 836 qua
367 748 552 815 coniectura
585 757 731 815 mutatur
763 751 953 817 vocabulum
981 754 1072 817 ⁴omni
1106 745 1289 831 suspicione
1320 758 1460 805 vacuum

270 862 389 933 vectos,
423 853 509 919 nulla
542 853 651 919 habita
681 854 803 920 ratione
827 856 962 939 originis
983 854 1132 922 adiectivi
1156 846 1240 935 quod
1256 853 1305 913 est
1327 866 1393 910 ouo.
1421 841 1459 908 lit

272 957 385 1044 paucis
406 957 588 1037 absolvam,
614 958 692 1025 mibi
720 962 751 1024 in
777 959 952 1048 archetypo
977 960 1076 1026 luisse
1099 956 1241 1021 ridetur:

477 1063 509 1127 ui
532 1065 632 1129 subite
656 1064 784 1152 Libycis
808 1073 982 1151 tempestas
1006 1064 1130 1152 adpulit
1157 1062 1234 1125 oris.

319 1166 397 1233 lnde
420 1186 530 1233 errore
554 1188 651 1254 snpra
674 1168 815 1235 indicato
838 1168 1006 1261 librarium
1032 1170 1144 1236 iecisse
1168 1164 1334 1250 suspicor:

478 1277 561 1359 sorte
583 1274 685 1338 subite
709 1273 836 1361 Libycis
864 1284 940 1342 cett.

275 1376 469 1463 Supervenit
500 1386 664 1443 corrector
697 1381 870 1455 metricos,
903 1381 960 1465 qui
989 1400 1056 1446 rem
1082 1376 1244 1464 praeclare
1268 1389 1379 1458 gerere
1400 1367 1463 1434 sibi

275 1480 444 1548 ridebatur
469 1485 638 1569 expunctis
663 1481 767 1549 tribus
790 1482 894 1549 literis
917 1486 1099 1569 corrigens:

457 1592 539 1672 sorte
563 1610 620 1653 suo
644 1586 773 1676 Libycis
793 1597 869 1655 cett.

277 1692 324 1757 dd
346 1690 429 1758 banc
453 1694 672 1759 coniecturum
698 1714 848 1779 compara
873 1716 918 1759 vs.
944 1699 986 1761 87
1009 1714 1072 1779 sq:

455 1797 608 1884 Eripiunt
635 1798 744 1873 subito*
760 1799 861 1864 nubes
886 1799 1074 1885 coelumque
1098 1797 1248 1883 diemque

458 1903 657 1968 Teucrorum
681 1922 719 1968 ex
744 1903 846 1969 oculis
870 1913 943 1969 cett.

277 2016 310 2073 et
334 2006 507 2073 decadem
533 2014 723 2092 tempestate
747 2029 792 2073 vs.
817 2006 885 2074 554
910 2029 970 2094 sq:

436 2110 495 2176 llic
520 2131 635 2177 cursus
659 2111 738 2178 luit:

437 2214 518 2281 (lum
545 2216 644 2281 subito
668 2217 847 2299 adsurgens
869 2216 970 2283 lluctu
995 2216 1160 2282 nimbosus
1185 2216 1283 2283 Orion

436 2323 468 2385 in
494 2321 573 2386 vada
599 2342 693 2387 caeca
718 2322 803 2388 tulit.

278 2427 312 2494 Si
335 2445 409 2492 cum
433 2426 547 2493 Gentio
571 2426 721 2493 hocloco
746 2429 853 2513 apices
877 2428 1045 2493 literarum
1068 2429 1161 2493 anxie
1186 2425 1376 2514 spectandos
1392 2445 1469 2492 cen·

278 2552 400 2612 serem,
427 2533 605 2599 mutatione
631 2536 726 2599 unius
750 2532 897 2598 literulae
922 2533 1148 2598 rescriberem:

707 2705 709 2710 .
756 2638 880 2704 diversa
906 2658 962 2723 per
985 2658 1124 2723 aequora
1147 2646 1254 2703 rectos

482 2752 564 2808 corte
588 2763 644 2808 suo
670 2742 799 2831 Libyeis
823 2752 998 2829 tempestas
1022 2743 1145 2830 adpulit
1169 2744 1257 2821 oris;

280 2855 317 2914 ut
340 2848 481 2932 imagine
505 2846 677 2913 admodum
705 2849 828 2934 poetica
852 2849 934 2912 uenti
956 2857 1148 2914 vocarentur
1167 2849 1275 2914 colrors
1292 2846 1318 2912 T
1317 2857 1471 2932 emposta·

280 2955 341 3032 tis,
377 2951 647 3038 quemadmodum
682 2953 832 3018 Horatius
863 2962 938 3017 noto
968 2952 1036 3019 loco
1070 2952 1177 3019 dicere
1213 2952 1407 3019 meministi:
1441 2962 1472 3017 ct

258 3066 359 3124 nove
382 3058 520 3143 febrium
541 3056 547 3145 Ι
568 3058 661 3122 terris
683 3058 824 3123 incubuit
847 3057 967 3122 colors.
1069 3101 1073 3109 ι

349 3161 405 3227 Vs.
429 3167 619 3228 597-398.
651 3162 691 3228 Ut
714 3161 849 3228 reduces
875 3162 920 3226 illi
944 3160 1060 3228 ludunt
1084 3160 1296 3228 stridentibus
1320 3162 1379 3228 alis

644 3276 675 3332 et
700 3277 792 3333 coetu
818 3270 947 3332 cinxere
973 3268 1077 3352 polum
1103 3276 1283 3352 cantusque
1304 3266 1420 3333 dedere

285 3378 377 3457 aptos
401 3390 471 3437 esse
495 3369 526 3435 b.
551 3370 572 3435 l.
599 3370 679 3436 milri
704 3372 833 3457 quidem
859 3392 920 3436 non
946 3382 1177 3458 persuaserunt
1198 3373 1309 3458 longae
1326 3374 1471 3439 virorum

283 3476 452 3542 doctorum
484 3475 728 3561 disputationes.
773 3476 838 3541 lloc
870 3476 962 3542 rideo
993 3477 1055 3542 illis
1086 3478 1214 3543 omissis
1244 3497 1293 3546 rs.
1325 3483 1391 3545 599
1422 3498 1471 3564 sq.

284 3581 365 3648 bene
389 3581 580 3668 respondere
605 3583 751 3648 versibus
773 3586 837 3648 595
858 3602 922 3667 sq,
950 3584 1010 3648 nisi
1031 3583 1115 3668 quod
1136 3604 1182 3647 vs.
1196 3587 1261 3648 596
1282 3592 1472 3669 suspectum

285 3695 334 3755 est
358 3686 546 3753 vocabulum
567 3696 682 3773 coptos.
707 3688 854 3752 Ceterum
878 3687 935 3753 lros
956 3708 1018 3752 vss.
1040 3691 1120 3772 (595
1135 3688 1198 3776 sq.)
1219 3688 1383 3772 aliquanto
1404 3708 1473 3755 ree·

287 3795 354 3859 tius
378 3792 575 3858 intellexisse
601 3791 680 3856 mibi
702 3793 851 3857 videntur
874 3793 1079 3858 Burmannus
1101 3802 1133 3858 et
1155 3794 1353 3878 antiquiores
1374 3795 1473 3859 inter·

286 3908 394 3985 pretes
424 3918 520 3982 quam
553 3897 772 3964 Weicbertius
803 3899 922 3984 quique
956 3918 973 3963 e
1005 3898 1238 3963 recentioribus
1267 3919 1340 3964 eum
1369 3902 1474 3964 secuti

288 4012 376 4068 sum.
418 4002 546 4068 Etenim
578 4013 693 4068 terrum
719 4025 827 4091 cepere
851 4024 907 4088 pro
930 4003 1027 4067 oculis
1051 4015 1167 4069 terrem
1190 4025 1298 4090 cepere
1322 4004 1473 4071 Latinum

288 4127 358 4173 esse
390 4127 451 4172 non
485 4108 546 4174 nisi
577 4108 731 4194 exemplis
758 4111 862 4173 rictus
886 4108 1080 4187 concedam3
1108 4118 1140 4173 et
1163 4108 1222 4173 boc
1245 4119 1409 4194 praeterea
1434 4108 1475 4174 il-

287 4209 392 4277 lorum
430 4214 686 4299 interpretationi
718 4214 836 4290 obstat,
871 4212 953 4300 quod
973 4215 1137 4300 sequitur:
1170 4224 1369 4301 neuportum
1393 4226 1476 4280 tenet

290 4334 376 4401 sqq,
407 4337 468 4383 non
504 4319 543 4383 de
567 4330 726 4404 conqrecto
744 4329 867 4405 portus,
904 4320 1035 4405 opinor,
1068 4320 1122 4387 scd
1149 4321 1277 4407 proprio
1301 4320 1474 4387 verborum
