3388 5010
610 375 802 424 ouroouoorot
828 376 863 421 er
887 377 1013 422 cursim.
1340 360 1404 424 213

258 543 317 609 Est
350 545 383 610 iu
410 542 583 611 codicibus
606 543 695 611 MSS.
722 554 886 612 certorum
908 545 1136 613 vocabulorum
1162 544 1406 634 turmarumque

214 661 366 738 perpetua
397 648 554 736 quaedam
588 649 734 717 conlusio
759 660 795 717 ut
819 653 851 717 iu
877 653 976 733 -βααῆ
1000 660 1032 720 et
1056 654 1190 733 -βνυλῆ,
1216 653 1350 719 τέτυκα
1373 662 1405 720 et

213 757 386 836 τέττακα,
411 755 528 838 δεκάζει
552 764 584 822 et
607 755 719 838 δικάζω
743 765 776 823 et
800 759 833 823 iu
857 758 929 825 aliis
957 758 1129 827 sexcentis.
1177 759 1405 826 Diversissimo

213 873 290 930 sunt
317 862 374 930 sed
403 863 528 929 soribue
552 860 632 928 nihil
657 864 816 931 sentiunt.
863 865 911 932 lix
936 885 973 932 eo
996 885 1114 952 genere
1136 873 1186 932 est
1211 863 1405 951 frequentis·

212 970 294 1036 sima
316 967 462 1037 conlusio
483 970 568 1036 inter
588 971 717 1044 καθῆκεν
737 971 972 1051 steririlem,
998 972 1403 1049 καθεῖναι-καταθεῖναι,

211 1076 315 1150 καθεθς
332 1115 376 1128 -
393 1074 561 1155 καταθεθς,
587 1082 618 1141 et
642 1075 740 1142 simili
768 1076 861 1143 morlo
886 1098 944 1165 pro
966 1079 1098 1157 μεθῆκε,
1122 1079 1277 1158 μεθεῖναι,
1300 1076 1410 1157 μεθεθρ

211 1182 244 1247 in
266 1181 356 1249 tibris
369 1200 524 1269 apparere
536 1180 636 1247 solent
650 1182 818 1261 μετέθηκε,
839 1186 1034 1264 μεταθεῖναι,
1055 1183 1221 1265 μεταθεθς,
1240 1193 1269 1250 et
1285 1209 1403 1264 euyxer·

210 1284 353 1369 τέθηκεν,
378 1288 566 1368 ἒρκαταθεθς
592 1307 648 1375 pro
672 1292 886 1369 συγκαθῆκεν,
913 1291 1058 1370 ἐγκαθεθς
1083 1291 1211 1357 elsim.
1260 1289 1350 1371 Quod
1375 1291 1403 1357 si

211 1395 284 1481 quis
312 1393 410 1461 semel
441 1393 660 1461 observaverit
687 1395 789 1462 multu
820 1397 898 1462 vitia
929 1396 1003 1463 hino
1028 1405 1103 1462 nata
1127 1397 1237 1463 statim
1264 1394 1401 1462 sonabit.

210 1499 320 1567 isaeus
349 1500 470 1567 dieitur
499 1500 585 1588 apuu
619 1499 766 1568 Philostr.
800 1522 830 1588 p.
856 1506 921 1568 513
953 1523 993 1569 ex
1026 1503 1091 1569 rita
1120 1500 1286 1567 luxuriosa
1316 1502 1402 1588 lrugi

210 1605 314 1673 lactus
338 1626 425 1673 esse:
449 1606 502 1672 καὶ
525 1605 685 1689 τράτεζαν
708 1605 840 1673 ἕκθλασε
862 1608 915 1674 καθ
939 1608 973 1674 τθ
998 1610 1068 1691 ἕράν
1090 1607 1280 1687 μεΤΕθηκεν
1299 1604 1399 1689 θττερ

209 1713 279 1786 τοὺς
302 1713 459 1795 προτέρους
483 1714 665 1797 ὀφθαλμοὺς
686 1713 871 1792 άτυβαλεθν.
920 1713 1011 1781 Satin
1036 1714 1244 1801 perspicuum
1269 1722 1319 1779 est
1341 1735 1400 1792 με·

209 1819 296 1892 θῆκεν
328 1839 399 1885 esse
432 1817 675 1905 reponendum?
711 1819 799 1885 idem
824 1819 978 1887 mendum
1004 1819 1098 1887 facile
1122 1818 1342 1906 deprehendes
1367 1822 1400 1887 io

209 1922 351 1991 Heroier's
383 1946 412 2012 p.
439 1929 515 1991 714.
541 1925 555 1991 θ
578 1927 635 2005 μὲν
657 1925 737 1998 Αἶας
751 1926 928 2005 -ῆλρησέ
952 1951 987 1993 τε
1013 1927 1065 1994 καθ
1089 1928 1144 2002 τῆν
1168 1925 1260 2007 θρρῆν
1283 1925 1402 2004 μΕΤέ·

207 2032 294 2107 θηκεν
317 2033 332 2096 θ
357 2031 388 2097 δὲ
410 2031 583 2113 Ἀχιλλεὺς
607 2032 787 2112 άτεμῆκυνε
810 2035 866 2110 τῆν
889 2042 979 2112 μῆνιν
992 2084 1002 2115 ,
1031 2034 1096 2099 imo
1120 2051 1195 2099 tero
1218 2033 1300 2098 iram
1325 2032 1400 2098 mis·

207 2158 275 2203 soro
298 2137 395 2226 serit,
420 2139 563 2220 μεθῆκεν.

253 2349 327 2436 Peg.
353 2353 429 2417 615.
453 2350 548 2434 φύσει
572 2351 630 2430 μὲν
654 2351 717 2434 γάρ
741 2352 902 2435 ἐπίφθονον
924 2359 1037 2434 χρῆμα
1060 2349 1237 2433 άνθρυτΟΙ.
1274 2349 1396 2418 Natura

205 2457 252 2522 rei
281 2464 314 2522 et
344 2454 473 2522 dicendi
503 2457 702 2525 cousuetudo
733 2456 898 2546 postulant
930 2467 966 2524 ut
992 2454 1169 2539 άνθρυτΟο
1194 2456 1396 2543 corrigatur,

206 2568 242 2627 ut
265 2562 349 2649 apud
373 2561 581 2630 Theocritum
605 2563 758 2633 Adoreios.
784 2568 826 2631 83
851 2562 947 2650 σαφθν
969 2587 1015 2631 ταν
1038 2566 1137 2647 χρῆμ’
1161 2561 1332 2646 θνθρυτυς,
1363 2571 1396 2630 et

204 2670 325 2756 passim
349 2668 435 2757 apud
458 2668 547 2736 alios.

249 2880 367 2950 llirum
391 2879 483 2948 dictu
505 2889 555 2948 est
583 2881 615 2946 in
637 2900 718 2967 quas
738 2881 876 2968 ineptius
896 2902 931 2950 se
951 2879 1119 2969 sophistae
1136 2878 1272 2947 induant
1292 2900 1393 2967 quum

204 2987 381 3053 orationem
413 2986 609 3054 oelouristris
637 2987 772 3053 inurunt
800 2996 833 3053 et
864 2988 1040 3075 sophistico
1063 2988 1214 3055 aeumiue
1237 3006 1290 3053 res
1314 2987 1394 3054 sim·

204 3092 303 3180 pliees
326 3092 476 3181 imbuunt
500 3102 532 3161 et
556 3101 713 3162 exornent
736 3090 871 3160 scilieet.
919 3092 1025 3174 Quum
1052 3092 1146 3161 vellet
1174 3093 1281 3160 <liuere
1307 3113 1393 3160 »nou

203 3208 254 3265 est
277 3199 461 3265 mirandum
488 3199 634 3266 hourirres
657 3200 744 3265 omui
769 3197 898 3266 dicendi
923 3197 1075 3267 looultate
1096 3198 1271 3266 destitutos
1294 3199 1395 3266 diser·

203 3306 329 3372 tissime
348 3305 463 3372 aetatis
483 3325 562 3372 suae
583 3307 651 3372 viro
671 3304 886 3372 maledicere”
907 3304 963 3371 diu
982 3302 1159 3370 meditatus
1177 3302 1394 3371 Philostratus

202 3408 281 3478 haec
312 3411 436 3498 peperit
467 3431 539 3498 pag.
565 3417 661 3483 tls:
696 3414 728 3479 οὐ
760 3412 821 3494 χρῆ
853 3409 1022 3493 θαυμάζειν
1054 3411 1079 3475 εἰ
1108 3409 1311 3489 πεπεδημένον
1336 3415 1391 3488 τῆν

201 3516 351 3596 γλῶττάν
380 3541 461 3591 τινες
492 3517 545 3583 καὶ
577 3525 691 3585 ΒΟΤΝ
724 3517 914 3599 άφυνθας
938 3518 988 3582 ἔτ’
1011 3517 1108 3592 αθτῆν
1135 3515 1395 3597 βεβλημέναι

202 3658 247 3673 -
269 3622 443 3690 δναττθυνέν
465 3647 501 3690 τε
524 3624 576 3690 καὶ
600 3624 750 3708 κααθζυνεν
774 3621 1133 3702 τὸν-μεγαλενθτατα
1159 3623 1220 3687 τῶν
1243 3623 1296 3705 ἐφ’
1320 3622 1393 3689 ἑαυ-

201 3731 255 3794 τοῦ
285 3731 441 3806 Ἑλλήνων
465 3729 707 3813 ἑρμηνεύσαντα.
754 3729 812 3796 usi
834 3726 958 3815 aliquid
981 3728 1067 3794 iuter
1089 3726 1306 3815 Aeschylum,
1337 3729 1393 3813 qui

202 3834 234 3899 iu
260 3838 493 3923 Ayomemooue
517 3835 598 3903 dixit
622 3856 669 3904 rs.
697 3841 752 3904 δῦ.
1081 3890 1085 3897 .

382 3942 427 4009 τά
450 3942 478 4009 θ’
501 3940 593 4010 ἄλλα
616 3948 714 4023 σιγῶ·
739 3942 815 4023 βοῦς
839 3940 890 4007 tet
914 3941 1043 4021 ρλθσση
1068 3937 1174 4020 μθραα

385 4048 533 4129 βθβηκεν.

201 4161 234 4220 et
259 4152 498 4241 theognium,
525 4155 619 4222 ouius
643 4153 676 4221 lri
700 4161 778 4221 sunt
800 4155 867 4219 noti
892 4150 1044 4218 versiculi
1069 4154 1134 4217 813
1160 4171 1210 4238 sq.

315 4262 390 4342 βοῦς
413 4286 465 4341 μα
488 4262 538 4328 tet
562 4260 707 4342 γλθστης
732 4261 865 4343 κρατερῷ
888 4258 957 4325 ταδὶ
981 4255 1045 4335 λάξ
1069 4257 1237 4339 ἐτνβαθνυν

406 4367 491 4451 ἴσχεν
515 4370 676 4437 metium
699 4368 810 4450 καθτερ
832 4364 1041 4445 ἐτντάμενυν,
1088 4396 1092 4401 ·

202 4472 257 4558 qui
284 4480 390 4540 vetere
412 4472 500 4543 dieto
524 4475 558 4542 in
582 4495 657 4543 eum
680 4475 736 4561 qui
754 4495 833 4561 quoe
851 4470 965 4540 sentior
984 4471 1088 4539 dicere
1106 4493 1167 4540 νυν
1187 4473 1299 4539 audeat
1316 4471 1396 4537 scite
