3242 5014
294 323 359 393 262
534 416 538 425 ⁸
787 340 975 391 rmuomca.

289 514 479 597 scripturam
502 511 658 576 servarit:
684 507 717 586 οὔ
735 509 766 574 δὲ
786 507 804 583 ἢ
824 515 924 581 κακῶς
944 510 992 581 τίς
1014 508 1180 596 (suprascr.
1198 534 1228 575 τι
1241 507 1352 574 eadem
1365 507 1484 594 manu)

289 614 417 694 γέγονεν
441 616 471 680 ἕν
493 614 593 680 πόλει.
628 613 788 680 Lectionis
812 613 829 687 ἢ
854 613 959 692 ἑτέρως
983 616 1064 681 vitio
1075 619 1168 681 natae
1187 635 1245 680 nec
1264 611 1339 677 vola
1358 617 1409 677 est
1425 632 1487 677 neo

287 721 463 807 vesngium
498 725 531 786 et
560 718 780 785 Valckenacrii
810 720 990 783 coniectura
1020 721 1108 783 omni
1137 719 1293 805 praesidio
1324 717 1488 782 destituta

289 828 416 891 corruit.
452 824 581 912 Integra
603 830 651 889 est
672 823 817 889 Platonis
838 841 972 887 manus:
996 816 1030 886 εὖ
1054 823 1085 888 δὲ
1113 823 1130 898 ἢ
1154 830 1255 895 κοινῶς
1278 844 1325 892 τις
1349 820 1485 898 γέγονεν

290 930 320 994 ἐν
344 928 452 1007 πόλει,
477 932 511 994 in
535 930 650 1015 quibus
672 929 840 993 verbisne
867 932 991 1012 poterat
1015 929 1145 1013 quidem
1169 928 1274 1008 ἑτέρως
1296 946 1353 1013 pro
1376 932 1484 999 κοινῶς

288 1034 458 1100 substitui:
493 1054 569 1099 nam
597 1034 794 1117 quiciacum
817 1031 879 1095 loco
901 1039 997 1098 natus
1019 1039 1067 1098 est
1090 1041 1191 1106 κοινῶς
1215 1032 1377 1111 γενονέναι
1401 1029 1485 1095 dici-

287 1144 342 1204 tnr
364 1145 449 1205 certo
472 1143 505 1203 et
527 1138 683 1222 frequenti
706 1157 784 1213 unu,
816 1156 879 1201 non
902 1137 1025 1217 ἑτέρως,
1057 1138 1142 1223 quod
1163 1137 1292 1224 perinde
1313 1140 1363 1201 cst
1383 1136 1485 1203 vitio-

291 1263 365 1308 sum
392 1263 428 1308 ac
458 1244 486 1306 si
517 1244 588 1325 quis
619 1239 725 1321 ἑτέρως
748 1238 887 1318 inrisu,
913 1241 1036 1319 λέγειν,
1061 1250 1175 1318 ποιεῖν,
1199 1241 1355 1320 τοέοχειν,
1379 1238 1482 1319 τριέτ-

290 1370 353 1412 τειν
365 1395 374 1426 ,
398 1351 530 1429 φρονεῖν,
554 1349 626 1412 sim.
650 1364 707 1430 pro
730 1346 830 1417 κοινῶς
853 1344 953 1412 vellet
974 1346 1087 1413 dicero.

333 1449 384 1517 Na
414 1452 485 1535 quis
515 1451 646 1535 posthac
677 1448 778 1515 simili
808 1448 918 1516 fraude
946 1453 1090 1536 capiatur
1118 1457 1151 1517 et
1178 1456 1217 1517 ut
1245 1452 1306 1516 hoc
1333 1449 1486 1515 Platonis

291 1554 479 1620 emendandi
509 1555 689 1620 subsidium
720 1550 845 1617 firmius
876 1558 1054 1640 certiusque
1078 1555 1152 1633 fiat,
1182 1555 1346 1640 plerasque
1370 1573 1487 1619 omnes

290 1659 388 1724 bonas
416 1658 566 1725 lectiones
594 1662 627 1723 et
647 1656 835 1722 lacunarum
858 1657 1079 1743 supplementa
1101 1663 1136 1726 in
1158 1660 1339 1725 Florentino
1364 1654 1486 1725 Codice

290 1767 414 1848 reperta
437 1763 544 1828 ordine
556 1781 751 1847 expromam.
775 1760 846 1826 Non
864 1764 932 1847 ipse
951 1764 1032 1830 hanc
1054 1763 1180 1831 Codicis
1197 1769 1322 1848 partem
1340 1762 1466 1828 contuli
1471 1809 1484 1841 ,

291 1866 347 1933 sed
377 1872 451 1934 utor
473 1867 642 1933 collatione
665 1885 762 1950 quam
785 1886 913 1933 summa
935 1888 1011 1933 cura
1033 1874 1065 1933 et
1085 1868 1256 1955 diligentia
1278 1866 1414 1932 confecit
1436 1866 1485 1931 di·

292 1970 436 2056 scipulus
457 1971 617 2055 quondam
640 1990 748 2046 meus,
771 1990 855 2034 nunc
877 1970 980 2036 fidelis
999 1975 1121 2037 amicus
1139 1971 1164 2036 Ι.
1184 1970 1337 2036 Ronanus
1354 1972 1390 2034 in
1406 1989 1486 2034 enu-

293 2075 423 2140 cleanda
453 2072 609 2141 Codicum
639 2076 794 2158 scriptura
820 2078 962 2159 apprime
983 2082 1144 2154 versatus,
1174 2077 1232 2160 qui
1259 2095 1369 2140 omncs
1390 2075 1487 2138 intri-

292 2182 379 2243 catos
402 2185 434 2243 et
451 2177 617 2264 perplexos
636 2176 802 2242 literarum
821 2178 935 2243 ductus
955 2182 1146 2265 peritissime
1164 2181 1325 2264 expedivit
1335 2178 1486 2263 mihique

292 2288 332 2348 ut
352 2302 409 2349 suo
431 2281 538 2349 labore
560 2282 682 2347 fruerer
702 2283 865 2366 permisit:
889 2283 1019 2362 μεγάλη
1042 2284 1136 2365 χάρις
1159 2286 1253 2363 abab.

336 2386 486 2453 Primum
512 2386 651 2453 Medicei
674 2383 800 2452 Codicis
822 2388 993 2470 scripturas
1014 2388 1238 2456 memorabiles
1260 2394 1293 2453 et
1313 2386 1412 2453 utiles
1435 2407 1486 2453 or·

293 2492 367 2558 dine
397 2491 589 2557 enumerabo
619 2497 651 2556 ct
680 2491 745 2555 stac
770 2488 920 2570 τοὶρερνον
942 2491 1113 2558 Iamblichi
1135 2494 1220 2560 locos
1243 2492 1365 2578 aliquot
1388 2496 1486 2557 corri-

293 2616 380 2685 gam.
415 2595 538 2662 Deinde
570 2596 682 2681 ecquid
704 2594 778 2659 inde
800 2595 875 2660 boni
899 2596 939 2660 ad
960 2596 1106 2662 Platonis
1128 2597 1382 2663 emendationem
1403 2596 1487 2661 hau·

291 2703 350 2767 riri
379 2703 479 2787 possit
510 2704 543 2766 et
574 2700 613 2765 ad
642 2699 800 2763 iudicium
832 2699 870 2763 de
904 2696 1074 2767 Oodicibus
1095 2700 1240 2767 Platonis
1261 2701 1430 2766 ferendum
1453 2705 1488 2767 et

293 2807 336 2871 iis
359 2809 414 2890 qui
435 2825 520 2870 nunc
543 2810 618 2870 sunt
642 2809 674 2870 et
696 2805 752 2888 qui
774 2802 853 2868 olim
875 2802 1017 2882 fuerunt,
1041 2803 1151 2870 sedulo
1173 2806 1343 2889 inquiram.

340 2905 416 2993 Gap.
440 2907 481 2973 H.
512 2931 586 2996 pag.
612 2907 664 2974 16.
697 2907 843 2989 Kairiana
875 2910 916 2982 εἷς
941 2906 1055 2973 ἄσυλον
1078 2909 1203 2988 τέμενος
1224 2911 1279 2984 τὴν
1301 2912 1411 2989 οὶρετίρν
1435 2913 1486 2991 ὄρ·

294 3013 408 3090 μητέον
439 3009 519 3085 ὅπως
550 3014 622 3094 πρὸς
654 3012 810 3091 μηδεμίαν
841 3014 955 3090 οὶνεννῆ
987 3021 1098 3093 Ψυχῆς
1135 3012 1222 3096 ὕβριν
1252 3013 1331 3094 ὦμεν
1357 3015 1484 3081 ἔκδοτοι.

294 3117 411 3184 Veram
441 3117 611 3183 lectionem
641 3118 753 3195 Τύχης
784 3120 923 3182 servavit
945 3116 1116 3199 Stobaeus,
1146 3139 1243 3203 qnam
1265 3123 1486 3207 uniusquisque

293 3222 386 3289 facile
408 3243 448 3287 ex
470 3221 533 3288 loci
555 3226 711 3288 sententia
733 3222 844 3287 elicere
866 3225 1032 3307 potuisset.

341 3323 417 3413 Gap.
440 3325 482 3393 H.
506 3348 579 3413 pag.
607 3326 658 3392 16.
692 3329 801 3407 Ἀρετῇ
834 3327 890 3404 μὲν
920 3327 1081 3407 laprandus
1109 3331 1148 3402 ὣς
1178 3329 1306 3411 σώφρονι
1332 3340 1483 3412 γαμετῇ,

293 3429 377 3515 τύχρ
400 3431 426 3496 δ’
451 3433 489 3503 ὥς
513 3431 622 3511 sisoim)
645 3439 923 3496 ΠΙΟΤΘΤΤΘΟΝ
947 3432 1075 3515 tranq,
1099 3435 1483 3511 111101θ1οἋτις11τέον,

293 3540 333 3602 ut
355 3535 418 3607 loci
440 3538 595 3600 sententia
618 3537 745 3601 clamat.

339 3639 421 3704 Ibid.
446 3638 738 3719 ascerpiniaco
758 3645 872 3721 τροφῆς
893 3640 949 3716 μὲν
967 3640 1101 3723 dolosior
1120 3643 1161 3723 τῷ
1181 3642 1321 3723 σώματι,
1346 3634 1482 3719 brisaca

296 3743 327 3809 ti
347 3746 388 3825 τῷ
409 3745 464 3820 τὴν
484 3745 591 3823 ψυχὴν
610 3744 788 3825 διακειμένῳ
801 3749 921 3815 κοινῶς.
946 3748 1066 3830 optime
1078 3742 1201 3813 Codex:
1225 3750 1267 3830 τῷ
1291 3748 1333 3814 τὲ
1353 3755 1480 3827 σῶμα,

295 3851 433 3925 κτήσεως
457 3849 500 3913 δέ.

341 3952 419 4040 Gap.
443 3952 500 4019 III.
530 3974 604 4041 pag.
629 3952 683 4019 28.
716 3945 730 4017 ὃ
761 3953 834 4037 τρὶς
867 3952 956 4033 μόνον
978 3955 1013 4021 τὸ
1036 3955 1150 4034 acaia,
1174 3955 1281 4024 Codex
1302 3958 1391 4024 addit
1413 3983 1480 4040 τρο-

294 4058 409 4140 τρὲτει.

339 4163 419 4250 Peg.
445 4161 498 4228 32.
530 4161 582 4228 aa}
609 4166 665 4238 τὴν
686 4163 744 4240 μὲν
768 4164 994 4240 incurratis
1016 4203 1059 4216 -
1080 4168 1230 4237 ὑτόςοοοιν
1252 4172 1290 4243 ὥς
1313 4168 1482 4250 οὶλλοτρίοιν

293 4266 378 4340 ἐκτὸς
399 4266 546 4347 μεθίησιν.
583 4266 711 4351 Optime
736 4266 860 4335 Codex:
886 4270 1085 4346 ἐπεισοδιώδη.
