3388 5010
668 379 822 427 cocturus
847 380 884 425 rr
907 379 1063 433 coorturt.
1385 367 1458 437 243

254 547 354 635 pedor
377 548 401 615 1.
427 552 487 625 45,
512 547 597 635 qnod
621 547 654 614 in
680 548 752 614 Par.
777 548 956 639 mroopodas
974 557 1100 627 exstat,
1124 548 1259 637 reliquis
1279 549 1458 642 clinopodos

256 654 502 742 praebentibus,
536 655 597 721 nisi
630 653 713 721 lorto
742 655 864 724 Graece
897 658 1019 734 metra.
1044 655 1220 730 κλεινδπους
1244 657 1453 731 scribendum

257 769 359 847 putas.
412 760 518 825 Troico
549 760 706 826 scribitur
737 761 791 831 Xl.
822 769 880 842 tt,
905 763 981 829 alibi
1007 764 1100 839 bico,
1127 771 1257 849 propter
1281 763 1390 843 Rern„
1417 775 1454 835 ut

256 866 400 943 ridetur,
435 868 467 931 in
501 885 565 952 quo
588 877 637 933 est
662 867 769 936 troico.
796 869 877 935 Aliis
901 888 1028 956 qnoque
1052 866 1131 935 locis
1154 867 1328 937 admodum
1354 870 1452 940 dubia

253 983 309 1040 aut
331 973 410 1040 laisa
431 970 511 1039 adeo
525 972 765 1052 correctioest,
785 994 865 1062 quos
878 984 1045 1062 propterea
1060 973 1111 1041 bic
1124 973 1321 1063 subiungere
1335 975 1450 1064 placet.

300 1079 352 1148 vt.
380 1085 436 1145 ts:
462 1098 526 1145 uno
550 1079 642 1146 oculo
667 1076 864 1167 pedibusque
887 1080 1015 1149 duobus
1037 1080 1234 1149 dimidiotclo

459 1192 496 1253 ut
520 1204 649 1272 porcus.

298 1291 489 1359 dioridiotur
513 1291 609 1377 vulgo
632 1290 716 1378 apud
742 1290 880 1359 Gellium
906 1292 961 1360 lll.
991 1298 1040 1360 tl.
1066 1298 1105 1371 6,
1132 1291 1216 1360 unde
1239 1291 1318 1360 baec
1337 1304 1446 1365 cuncta

251 1404 342 1471 sunt;
377 1400 568 1465 rectissime.
618 1400 664 1464 bo
699 1417 775 1464 vero
806 1398 925 1484 singuli
959 1398 1055 1486 pedes
1080 1400 1167 1483 porci
1192 1397 1446 1469 discinderent

251 1502 384 1572 Minime
417 1525 506 1579 vero:
530 1503 723 1571 dimidiatur
745 1523 862 1589 porcus
886 1513 1068 1584 mactatus,
1093 1514 1230 1592 utruque
1255 1525 1331 1593 pars
1357 1509 1446 1593 porci

250 1607 347 1676 babet
371 1609 453 1677 duos
473 1609 570 1699 pedes
592 1619 625 1676 et
651 1629 752 1676 unum
776 1609 928 1686 ooolum;
953 1610 996 1678 cl.
1023 1611 1125 1680 XXX.
1154 1618 1214 1678 131
1240 1620 1273 1678 ct
1300 1609 1445 1689 Goniect.

244 1713 282 1784 ll.
309 1721 340 1787 7.
389 1716 464 1783 Post
487 1717 608 1783 duobus
631 1714 900 1801 distinguendum
926 1725 986 1783 est.

289 1821 402 1890 XXVl.
424 1827 477 1891 ot.
504 1822 581 1889 Sine
603 1823 643 1890 bl.
656 1821 869 1908 explicatione
882 1843 944 1888 non
958 1822 1051 1891 lncile
1064 1821 1142 1889 baec
1158 1821 1441 1908 intellegerentur:

320 1927 413 1995 malis
437 1931 574 1997 resccist
600 1930 724 1997 lautum
749 1948 768 1995 o
792 1949 924 2010 mensa,
952 1950 1050 2017 pure,
1074 1937 1227 2016 capturos
1251 1929 1372 1996 cibum.

245 2032 450 2112 »Sententia,
475 2038 601 2123 inquit,
627 2033 704 2101 baec
725 2035 810 2102 dccet
831 2045 901 2120 port
923 2057 1064 2102 meorum
1091 2035 1185 2104 molis
1206 2035 1289 2105 cocci
1312 2056 1363 2105 toa
1386 2037 1443 2123 qui

244 2142 413 2208 etiamnum
439 2144 654 2209 courriuutm
673 2162 754 2229 pure
779 2142 800 2207 i.
827 2161 854 2207 e.
878 2144 1010 2228 poere.'’
1046 2142 1115 2208 Non
1141 2150 1217 2209 snut
1243 2140 1322 2209 baec
1343 2161 1441 2211 auroa

244 2247 326 2315 malo
362 2248 394 2314 in
426 2250 590 2336 argenteis
621 2245 767 2314 lancibus
800 2249 959 2334 apposita.
1008 2246 1090 2315 ldalo
1119 2267 1180 2314 cur
1214 2246 1321 2313 lautus
1345 2246 1438 2319 cibus

240 2353 463 2442 appellantur?
503 2355 588 2422 lum
615 2362 702 2420 totus
729 2372 843 2419 versus
868 2353 1000 2421 moleste
1023 2355 1213 2421 enuntiatus
1235 2361 1268 2420 et
1294 2352 1437 2420 verbose.

241 2460 345 2529 bibri:
369 2461 730 2545 matisconem-porco
753 2467 810 2525 aut
832 2481 921 2547 pirre.
969 2458 1014 2525 Cl.
1039 2459 1179 2525 Coniect.
1205 2458 1244 2526 ll.
1272 2463 1324 2525 bl.
1359 2459 1438 2529 Pro·
1467 2546 1470 2551 ‚

241 2567 314 2653 pins
339 2589 395 2634 nee
414 2589 480 2633 croc
503 2586 599 2654 qoam
623 2565 751 2632 cerceist
770 2565 937 2653 aliquanto
958 2564 997 2632 ad
1019 2564 1109 2632 ldSS.
1130 2563 1266 2631 accedit.
1292 2564 1353 2631 Sed
1376 2563 1437 2635 boe

242 2681 316 2739 utut
335 2681 400 2750 est,
423 2672 504 2740 nibil
519 2681 578 2741 est
602 2692 662 2740 cur
684 2672 713 2738 ci
733 2670 793 2740 boc
817 2671 887 2737 loco
911 2671 1075 2737 scribatur
1099 2671 1126 2735 si
1147 2668 1223 2739 alibi
1245 2669 1435 2737 lintactum

241 2777 455 2865 relinquitur,
488 2785 524 2844 ut
547 2779 659 2868 sategi,
684 2777 758 2845 alia.
809 2778 851 2843 tt
874 2776 907 2841 in
933 2775 1001 2842 loco
1026 2774 1150 2841 difficili
1172 2795 1210 2841 ac
1234 2795 1335 2862 paene
1358 2795 1436 2842 con·

239 2882 376 2951 clamato
401 2884 519 2953 babent
542 2884 652 2964 reptio
674 2909 704 2951 rr
727 2884 781 2950 ael
806 2880 1006 2965 cropore-mdc
1031 2880 1104 2948 illoc
1129 2889 1274 2948 uetustae
1296 2879 1435 2962 formae,

237 2993 441 3078 speciemque
465 2990 627 3079 quondam
653 2997 686 3057 et
709 2990 950 3056 exeusationem
975 2988 1165 3059 obscuritati
1188 2986 1378 3065 conciliant,
1399 2996 1436 3055 ut

237 3096 271 3162 in
302 3095 357 3162 illo
388 3097 413 3163 l.
438 3102 481 3164 39
508 3097 649 3185 »preimo
675 3095 843 3164 cerebrum
869 3093 946 3162 buic
971 3093 1070 3162 relect
1095 3095 1219 3163 minuci
1244 3095 1302 3161 re’'
1327 3092 1433 3183 (libria

233 3223 343 3288 promo
362 3212 418 3271 aot
434 3199 539 3290 primo
556 3203 613 3269 boc
634 3202 795 3269 minuendi
814 3206 913 3290 refert
932 3224 1002 3280 rer,
1016 3202 1177 3269 cerebram
1190 3220 1228 3268 ex
1243 3200 1379 3269 cerebro
1390 3201 1431 3271 ll.

237 3311 386 3398 accessit)
418 3310 437 3375 i.
468 3330 497 3376 e.
529 3307 628 3376 relect
661 3328 713 3384 re,
746 3305 822 3373 buio
854 3309 959 3394 primo
988 3307 1166 3379 comminui
1191 3305 1361 3377 cerebrum
1389 3305 1430 3396 (sl

237 3414 411 3504 intellego).
458 3414 546 3482 'lolia
580 3415 611 3479 in
646 3412 742 3480 verba
772 3414 915 3480 auctoris
941 3412 1038 3480 inient
1062 3413 1108 3491 is,
1132 3413 1188 3500 qui
1214 3411 1430 3483 llibbecltium

237 3521 354 3588 nimiae
378 3521 591 3589 confidentiae
614 3528 759 3585 accusat.
1350 3540 1354 3548 ’

282 3627 397 3696 XXVI.
431 3632 469 3694 tt
502 3626 710 3715 depellerem
735 3625 884 3712 scripsit,
913 3644 987 3693 eum
1014 3626 1045 3691 in
1071 3623 1164 3693 codd.
1188 3623 1231 3691 sit
1255 3631 1312 3693 aut
1335 3623 1429 3710 dopo-

235 3734 391 3801 culcarerc
420 3742 477 3801 nut
508 3732 756 3819 depecutccsere:

391 3840 598 3927 depelloccerc
618 3837 727 3925 aliqua
751 3848 884 3926 sperans
910 3858 961 3905 mc
983 3857 1021 3904 ec
1045 3835 1309 3924 deargentasserc

388 3945 642 4023 decalauticnre,
667 3943 792 4012 eburno
815 3943 945 4032 speculo
969 3943 1240 4029 despeculossere.

280 4052 520 4139 bcpecolorrerc
539 4073 576 4118 ex
601 4051 736 4118 alterius
759 4070 873 4117 versus
896 4049 1096 4115 correctione
1119 4050 1268 4135 irrepstt;
1291 4047 1425 4133 deporte-

233 4158 350 4225 lcrrcrc
383 4159 503 4246 optime
538 4178 571 4223 so
606 4156 718 4235 babet,
757 4155 851 4222 modo
886 4154 1099 4223 contrabatur
1131 4155 1163 4221 in
1195 4154 1422 4243 depocloroero.

233 4265 373 4352 Apparet
394 4266 518 4331 comico
542 4262 693 4330 vocabula
720 4263 796 4349 lingi
821 4283 839 4329 a
859 4262 1028 4351 poculum,
1061 4271 1246 4350 orgectum,
1271 4261 1425 4329 colnutiro

234 4370 330 4461 (qnod
355 4371 475 4436 iniuria
499 4390 516 4436 o
538 4368 634 4443 καλός
658 4368 748 4437 ducit
772 4368 846 4458 bl),
869 4368 1040 4456 speculum.

281 4475 398 4544 XXIX.
435 4480 493 4543 18:
521 4476 617 4544 cuius
640 4475 686 4544 sci
707 4476 742 4542 in
767 4475 887 4564 periclo
910 4474 1027 4545 leceris
1050 4473 1241 4564 pericolum.
