3276 5006
608 365 651 410 lu
674 365 938 414 morusssruu.
1328 346 1371 412 65

172 532 274 611 forme
298 540 347 598 est
368 533 573 613 ἀνδρολοιλυι,
606 526 661 601 s'od
684 557 703 601 e
725 538 837 602 iocosis
860 543 893 603 et
914 539 1088 625 ingeniosis
1118 542 1236 604 Atticis
1258 540 1366 605 πολλοὶ

172 642 231 701 τῶν
260 638 402 704 τοιούτων
434 638 618 705 πέπαικται.
657 639 740 722 Quid
771 645 815 707 sit
837 641 1022 722 οὶνδρολύλος
1054 646 1131 710 setis
1160 647 1366 731 perspicuum

171 748 220 811 eet
242 764 344 830 neque
367 745 446 811 dum
464 745 547 812 illud
569 746 832 813 muliercularum
851 768 954 836 genus
976 749 1107 827 defecit,
1132 756 1171 816 ut
1192 756 1225 818 et
1242 749 1365 837 relique

171 853 299 915 tentum
329 871 391 917 non
426 854 551 931 omnis,
584 873 663 938 quse
697 852 781 939 epud
811 851 1065 939 Theophrastum
1100 856 1206 923 verbis
1239 857 1365 944 depicto

171 960 262 1032 sunt,
285 957 320 1022 in
342 959 429 1024 vites
450 957 523 1024 luce
543 961 621 1026 vivs
643 978 679 1023 ec
702 959 856 1044 spirantia
876 964 1017 1044 spectare
1042 960 1144 1026 detur.

150 1101 154 1105 ·
217 1059 309 1142 Quod
331 1063 422 1130 addit
442 1064 539 1132 homo
561 1063 737 1131 melodicus
760 1065 812 1130 και
842 1065 937 1131 sesai
962 1065 1018 1140 τὴν
1049 1066 1139 1147 ύύραν
1152 1070 1216 1143 ’τὴν
1241 1068 1363 1133 αύλειον

52 1168 60 1179 “
171 1168 374 1235 ὑπακούουσιν
396 1168 531 1256 plenum
553 1175 611 1237 est.
647 1169 732 1250 Quid
756 1172 799 1236 sit
822 1170 986 1237 ὑπακούειν
1009 1174 1037 1237 si
1061 1174 1132 1257 quis
1155 1175 1274 1240 ostium
1293 1172 1363 1259 pul·

171 1275 289 1342 severit
312 1277 383 1360 quis
406 1281 454 1342 est
483 1279 540 1362 qui
562 1272 704 1342 nesciet?
734 1283 773 1341 ut
795 1279 828 1341 in
851 1297 918 1363 cap.
944 1275 988 1343 IV
1011 1275 1166 1359 κύψαντδο
1197 1301 1275 1352 τινος
1307 1282 1362 1354 τὴν

171 1377 261 1459 ύύραι
281 1380 455 1447 ὑπακοῦσαι
472 1379 581 1457 edric,
605 1381 689 1467 quod
712 1381 876 1448 sordidum
895 1388 944 1448 est
962 1389 995 1449 et
1013 1385 1221 1452 metiendum.
1246 1381 1364 1452 Contra

170 1484 360 1552 mulieribus
390 1487 575 1553 indecorum
605 1493 653 1553 est
682 1494 715 1552 et
743 1487 961 1573 impudentiae
995 1494 1070 1555 note
1096 1491 1124 1554 si
1155 1511 1235 1576 quae
1265 1491 1360 1555 αὑταὶ

173 1590 311 1678 (neoc)
335 1592 391 1667 τιν
414 1594 504 1674 ύύραν
525 1594 580 1667 τὴν
603 1593 725 1660 αύιιειον
748 1594 963 1670 ὑπακούουσιν,
995 1615 1070 1661 nam
1099 1595 1192 1682 plene
1223 1616 1362 1662 necessu·

169 1699 256 1764 rium
279 1701 328 1764 set
349 1700 614 1786 praepositionem
637 1698 709 1779 πρός
732 1701 878 1766 inserere.

214 1909 287 1977 Non
317 1916 385 1978 ersi
409 1912 608 2001 tergendum
629 1915 664 1977 in
695 1932 760 1998 sqq.
792 1912 932 1993 ειδιχύής
956 1935 1003 1983 τις
1033 1914 1098 1977 ιἰπι
1125 1916 1178 1977 τοῦ
1203 1914 1360 1993 προσώπου

169 2014 251 2094 ἐπὶν,
284 2019 302 2093 ἡ
331 2016 362 2082 ti
391 2016 518 2098 πονιιρια
547 2018 657 2082 ούδΕΝ
688 2017 798 2095 ὃμοια,
834 2019 890 2082 ubi
924 2037 1090 2102 perperam
1119 2017 1234 2082 ούδεΝΙ
1270 2018 1362 2096 ὃμοια

169 2121 378 2188 substituunt.
402 2123 525 2190 Notum
544 2124 593 2189 est
611 2142 673 2209 quo
688 2145 782 2190 sensu
801 2124 926 2189 dicetur
944 2125 1005 2204 οὐχ
1020 2122 1139 2201 ὅμοιος,
1160 2125 1221 2206 cdx
1239 2124 1361 2200 ὅμοιος,

169 2227 251 2293 οὐδὲν
273 2222 387 2306 ύριοιοι,
412 2234 445 2296 οι
464 2250 525 2293 ιιοιι
545 2229 655 2293 amidis
677 2229 761 2315 epud
782 2228 951 2295 Romanos.

374 2334 447 2399 Post
467 2334 541 2399 miti
563 2357 622 2399 κοιι
643 2335 738 2399 einsidl
754 2358 853 2419 poene
875 2336 1026 2400 commissa
1048 2336 1147 2399 ύυοιιο.

213 2438 472 2526 Breviloqucntia
493 2445 541 2506 est
563 2442 623 2520 οὐχ
646 2436 743 2518 ι’ροοιος
772 2439 866 2527 (οὐδὲν
891 2437 1004 2525 ὅμοιος)
1031 2440 1120 2505 ἄλλοι
1143 2440 1223 2505 πολὺ
1248 2439 1357 2520 διαφέ·

169 2569 240 2626 ρον,
264 2550 296 2612 et
318 2548 363 2612 sic
385 2548 446 2627 οὐχ
470 2547 576 2623 ὅμοιος
600 2551 648 2611 est
677 2547 742 2611 fere
765 2547 852 2611 idem
876 2549 958 2632 quod
987 2545 1191 2626 διαφερόντως
1216 2546 1360 2626 ιἰιοιριιοιιι

167 2651 203 2715 ιἰι
224 2653 348 2718 medum.
383 2651 492 2717 Unum
514 2672 553 2717 er
574 2651 690 2738 Lysiae
712 2654 853 2717 oratione
875 2651 961 2717 XIV.
985 2673 1058 2739 peg.
1086 2650 1166 2728 141,
1192 2650 1361 2716 20e1em-

167 2755 259 2842 plum
283 2757 428 2824 afferam:
460 2758 561 2824 καίτοι
586 2759 631 2844 (αἱ
655 2758 713 2823 τῶν
738 2757 889 2836 ἡμετέρων
913 2756 1066 2838 προγόνων
1096 2754 1217 2843 ἀρεταί)
1243 2755 1359 2821 πολλαὶ

169 2862 221 2928 καὶ
253 2863 399 2941 μεγάλαι
429 2901 472 2914 -
503 2864 556 2929 και
587 2871 734 2929 ΟΤΔΕΝ
763 2862 937 2928 ὈΜΟΙΑΙ
968 2870 1030 2933 τοῖς
1063 2862 1119 2928 ὑπὸ
1147 2862 1261 2928 τούτοιν
1292 2861 1358 2941 περὶ

168 2969 223 3043 τινι
246 2956 335 3036 πόλιν
358 2969 601 3051 πεπραγμένοις.

213 3181 294 3250 ibid.
325 3192 365 3265 τῇ
387 3183 451 3263 γὰρ
479 3184 574 3249 αὑτοῦ
597 3182 721 3261 γυναικὶ
753 3182 901 3249 τάλαντα
928 3184 1149 3262 εἷοενιγκαροεν
1180 3184 1197 3259 ἢ
1228 3192 1358 3261 προῖκα,

168 3287 204 3364 df
227 3286 258 3365 ἧς
284 3289 405 3356 παιδίον
427 3291 511 3370 αὐτῷ
536 3289 662 3368 γέγονε,
686 3297 765 3369 τρεῖς
788 3295 931 3372 χαλκοῦς
955 3292 997 3364 εις
1021 3289 1094 3371 ὄψον
1117 3291 1218 3356 ledere
1241 3290 1293 3355 καὶ
1317 3293 1359 3368 τῷ

165 3396 277 3476 ψυχρῷ
300 3396 443 3462 λούεούαι
470 3394 646 3477 οιναγκοιζοι
670 3406 707 3475 τῇ
739 3401 792 3461 τοῦ
822 3396 1001 3467 Ποσειδῶνος
1027 3398 1153 3482 ἡμέρα]
1190 3395 1243 3461 Sic
1267 3394 1359 3462 Pala·

165 3504 270 3577 tinus,
305 3522 380 3567 nem
411 3521 512 3587 quum
542 3521 644 3568 errore
675 3502 778 3567 scriba
807 3502 944 3568 dedisset
974 3503 1094 3567 παιδίον
1125 3503 1209 3582 αὐτῷ
1243 3507 1357 3583 γεννᾷ,

165 3609 276 3672 stetim
298 3609 333 3672 in
355 3607 501 3694 margine
529 3628 640 3673 rerem
662 3606 833 3672 lectionem
865 3607 975 3686 γέγονε
1007 3610 1157 3693 reposuit.
1202 3605 1289 3671 Olim
1311 3625 1358 3670 re-

164 3719 293 3800 pertum
315 3718 364 3779 est
385 3711 531 3778 τάλαντα
556 3714 850 3791 ειτενεγκαριΕΝΗΙ
878 3723 1009 3794 προῖκα,
1043 3712 1098 3778 scd
1124 3711 1272 3776 τύλαντα
1302 3731 1359 3795 per

165 3840 198 3883 se
219 3817 302 3884 nihil
332 3823 380 3885 est
406 3820 468 3883 nisi
490 3839 642 3884 numerus
665 3817 842 3883 definietur.
885 3819 1028 3884 Fuerunt
1050 3820 1153 3905 igitur
1182 3819 1238 3903 qui
1261 3818 1357 3882 conii·

166 3929 288 3991 terent:
324 3923 471 3988 τύλαντα
502 3924 743 4004 ειτενερκαραένρ
775 3933 885 4000 προῖκα
918 3916 952 3998 ἓξ
964 3972 971 4000 ,
1005 3922 1023 3997 ἥ
1053 3948 1088 3987 τε
1119 3922 1240 3987 παιδίον
1271 3924 1355 4001 αύτῷ

166 4036 278 4113 γεννᾷ,
303 4030 393 4115 qussi
414 4029 492 4094 heec
513 4034 596 4094 esset
617 4026 739 4095 Graece
756 4030 926 4095 verborum
949 4031 1146 4115 compositio.
1181 4026 1358 4094 Mirifioum

165 4137 328 4221 imprimis
357 4140 405 4200 est
427 4140 531 4216 γεννᾷ.
575 4131 637 4198 Sed
659 4137 861 4221 interpretari
891 4138 1038 4222 quemvis
1061 4135 1212 4201 mendose
1234 4134 1357 4198 coiecti-
1448 4122 1452 4129 ’

167 4243 220 4306 dee
241 4230 445 4304 αι’ύότύινιιοιι.
489 4239 576 4303 Audi
597 4239 710 4305 modo:
744 4264 910 4324 „prcoeem
934 4244 1071 4325 (νενιοῖνι
1103 4247 1200 4304 aciens
1229 4237 1357 4320 QUASI

164 4348 295 4432 perfecti
314 4346 533 4430 νίριιιριοοιιοιιο
548 4345 676 4428 poster
698 4354 732 4411 ct
754 4352 821 4412 νικῶ
845 4347 991 4434 aliaque&
1033 4346 1235 4432 Ubicumque
1257 4345 1357 4413 Inter·

167 4458 271 4540 pretes
300 4451 382 4518 illud
411 4452 513 4537 quud,
545 4453 769 4537 quodammodo,
802 4454 989 4537 οιιριιοιοιιιιι
1019 4462 1051 4520 et
1081 4453 1202 4519 similis
1231 4453 1269 4519 de
1299 4473 1357 4519 suo

1179 4563 1193 4606 s
