3340 5014
700 330 730 376 ιιι
762 329 962 377 userounmnr.
1366 310 1422 373 1111

232 497 323 584 pueri
346 516 494 585 qnoque,
517 494 574 564 ssd
599 494 754 587 decrepiti
777 516 890 575 senes,
915 497 971 565 sed
1003 504 1169 565 matronae
1189 498 1225 565 τὸ
1248 498 1425 579 προστυχὸν

230 603 274 675 εἰς
297 600 391 669 ὅπλον
406 602 641 685 moraremur.
677 603 805 670 luteres
829 601 958 669 latitant
979 611 1125 671 amentes
1146 604 1178 669 in
1199 605 1306 671 vicina
1327 602 1424 670 domo

231 707 416 774 Galasiridis
437 718 470 775 et
494 708 584 774 hreni
610 720 681 796 post
703 707 786 775 elane
808 708 1030 777 conscendunt
1055 728 1188 788 narem,
1214 706 1423 796 tutoproteo·

231 814 298 880 turi
324 814 357 879 in
383 815 579 902 Aegyptum.

276 917 392 985 Studet
422 920 544 985 imitari
579 915 776 986 Heliodorus
798 928 923 987 veteres
954 921 1099 1000 Atticos,
1133 919 1189 987 sed
1219 938 1257 986 ee
1279 938 1333 986 res
1357 938 1420 986 uon

229 1023 415 1091 felicissirne
438 1026 468 1089 ei
492 1025 607 1104 cessit,
634 1045 707 1090 nam
732 1026 836 1092 oratio
859 1035 963 1094 scatet
988 1027 1085 1093 vitiis.
1135 1026 1210 1094 Seio
1231 1023 1363 1112 quidem
1385 1034 1421 1092 et

231 1129 375 1214 intelligo
397 1128 563 1197 Graeculis
585 1150 658 1197 sero
683 1131 766 1197 natis
791 1130 892 1199 multa
920 1131 1132 1199 condonanda
1153 1152 1241 1204 asse.
1265 1149 1339 1196 narn
1364 1149 1419 1197 sr-

230 1234 331 1302 duum
352 1252 431 1301 sane
453 1243 525 1301 eret
548 1254 629 1323 pure
650 1244 684 1303 et
710 1237 817 1303 Attice
843 1237 1005 1318 scribere,
1039 1237 1117 1304 dum
1149 1256 1246 1305 auras
1276 1235 1420 1324 qnotidie

231 1348 418 1407 resonarent
459 1341 574 1407 vitioso
607 1342 791 1429 aequalium
826 1362 994 1422 sernrone,
1033 1345 1065 1410 in
1099 1362 1164 1430 quo
1203 1343 1422 1408 miscerentur

230 1445 386 1531 quadrata
418 1445 587 1523 rotundis,
617 1446 673 1515 sed
707 1457 812 1515 tamen
844 1447 981 1515 ridicula
1016 1468 1067 1515 res
1099 1459 1148 1516 est
1179 1447 1421 1513 recentissimos

231 1551 309 1616 istos
327 1552 502 1638 scriptores
522 1551 648 1627 uidere,
675 1554 731 1638 qui
752 1551 846 1618 modo
862 1552 1122 1641 loquanturcum
1138 1561 1241 1619 matre
1259 1550 1420 1629 Evandri,

230 1665 266 1723 ut
297 1656 433 1723 llornani
464 1657 677 1743 jocabantur,
716 1657 808 1725 modo
843 1658 1035 1726 delabantur
1071 1658 1112 1726 ad
1149 1666 1261 1744 turpes
1292 1675 1420 1724 errores

229 1781 361 1839 eorum,
386 1763 441 1848 qui
467 1762 593 1829 diversa
615 1763 817 1830 currlundont
843 1765 876 1829 in
901 1782 1001 1832 unum
1027 1773 1059 1831 et
1084 1763 1195 1829 lnlsam
1220 1763 1324 1829 secuti
1347 1780 1422 1828 ana·

229 1866 345 1954 Ιοςίιιιι
369 1869 477 1935 omnis
507 1868 716 1937 conturbent.
751 1868 917 1936 iodicium
940 1870 1015 1937 tulit
1035 1870 1075 1937 de
1096 1867 1255 1936 Heliodori
1276 1867 1422 1935 oratione

229 1973 366 2040 Genetos
388 1973 427 2039 ad
461 1973 583 2040 caleam
608 1975 688 2041 sexti
715 1975 938 2065 llnemosynes
962 1976 1152 2051 voluminis.
1178 1972 1253 2053 sed,
1278 1981 1315 2041 ut
1339 1971 1420 2039 milri

229 2078 358 2163 quidem
394 2077 540 2155 ridetur,
576 2078 670 2165 paulo
704 2082 859 2146 severius.
910 2081 1015 2148 llnuns
1046 2079 1142 2148 sHert
1172 2078 1356 2167 exemplum
1380 2096 1420 2145 er

228 2204 292 2271 quo
314 2193 486 2270 appareat.
511 2185 674 2270 quamsit
702 2183 892 2251 Heliodorus
915 2186 1107 2254 Graecitatis
1134 2185 1331 2271 antiquioris
1356 2185 1419 2249 im·

230 2291 364 2376 peritus.
390 2289 537 2378 Appellat
561 2291 724 2376 genitores
737 2299 911 2377 perpetuo,
938 2293 1033 2359 unim
1057 2292 1125 2359 loco
1144 2298 1279 2378 excepto
1300 2292 1418 2377 pllio.

230 2401 292 2475 35,
317 2397 387 2468 rode
411 2394 555 2478 φύντας,
589 2415 651 2481 quo
680 2395 834 2462 vocabulo
858 2396 942 2483 apud
967 2406 1092 2464 veteres
1116 2405 1226 2482 pomae
1247 2414 1310 2462 nnn
1333 2395 1420 2483 qeni-

228 2502 310 2567 to'res
334 2501 539 2578 indicantur,
563 2507 599 2565 ut
617 2520 758 2586 aequum
779 2509 847 2580 ast,
861 2502 917 2568 sed
937 2504 1014 2570 soli.
1065 2502 1182 2569 Probat
1199 2501 1258 2569 hoc
1280 2500 1419 2568 Collatus

229 2607 335 2673 allatis
366 2606 477 2673 decem
502 2603 597 2672 lonis:
631 2607 771 2692 reliquos
795 2617 861 2673 tres
897 2606 1040 2672 indicare
1063 2608 1186 2673 omisit:
1212 2627 1244 2692 p.
1269 2609 1347 2674 188.
1375 2608 1418 2672 10

227 2713 372 2796 peluntur
401 2713 562 2792 βασίλειον
591 2712 645 2777 καὶ
676 2712 748 2794 πρὸς
779 2713 850 2787 τοὺς
880 2713 1003 2794 malasar
1023 2711 1192 2793 ὶνιφέροι,
1218 2732 1247 2798 p.
1269 2714 1347 2777 356.
1374 2715 1417 2777 29

228 2818 281 2886 τὸν
302 2819 410 2902 odera
431 2817 484 2884 sal
509 2817 632 2899 ἔχοντες
657 2818 710 2884 sal
732 2818 943 2897 discideret,
965 2838 996 2904 p.
1010 2822 1087 2884 336.
1111 2823 1152 2884 511
1178 2816 1278 2894 lirare
1300 2816 1352 2883 nrt
1375 2816 1419 2899 τῷ

227 2926 322 3007 conr
345 2923 512 3007 σωζομένῳ.
560 2922 641 2989 lllud
662 2942 789 3009 quoque
810 2923 884 2989 addi
906 2931 1027 3010 potest,
1052 2921 1258 2990 Heliodorum
1279 2922 1415 2990 aliorum

228 3029 410 3117 exemplum
437 3029 600 3095 imitatum
625 3038 775 3116 parentes
800 3028 898 3095 semel
923 3031 1108 3115 iterumque
1131 3046 1244 3095 vocare
1264 3030 1335 3105 rode
1356 3052 1417 3096 rs·

227 3136 337 3216 ripas,
362 3155 435 3201 curn
458 3135 528 3208 rods
553 3133 664 3213 γονέως
687 3133 838 3213 deberet,
865 3156 893 3222 p.
908 3139 984 3201 ato.
1003 3140 1041 3200 15
1066 3145 1097 3200 et
1118 3154 1147 3220 p.
1168 3139 1246 3201 265.
1268 3139 1329 3201 27:
1349 3133 1418 3214 aira

228 3262 274 3307 ror
296 3240 428 3322 πατέρες
452 3242 544 3319 eicis,
568 3238 741 3321 ἀπόκριναι.
777 3241 834 3309 Hal
857 3241 916 3307 hnc
941 3239 1071 3326 quidem
1096 3240 1299 3326 pertnepturn
1318 3244 1416 3324 φῦναι

227 3345 353 3423 dicere,
377 3346 431 3413 ubi
456 3351 558 3430 φῦσαι
578 3364 735 3432 usurpare
754 3345 904 3423 deberes,
928 3346 954 3412 si
971 3345 1100 3433 quidem
1118 3364 1192 3411 curn
1212 3345 1418 3430 elegantiori·

228 3449 289 3517 bus
312 3450 400 3538 loqui
432 3451 545 3530 velles,
576 3449 632 3517 sed
662 3452 806 3519 omnium
834 3454 866 3518 in
892 3449 1060 3518 Heliodoro
1081 3469 1252 3528 errorum,
1278 3469 1415 3536 quorum

227 3564 278 3623 est
301 3576 496 3643 permagnus
528 3575 702 3631 numerus,
734 3556 785 3624 iric
820 3567 928 3624 tamen
951 3566 1001 3623 est
1024 3554 1119 3641 longe
1144 3556 1353 3643 turpissimus
1378 3563 1417 3621 et

227 3663 409 3748 exemplum
442 3682 574 3750 prorsus
599 3661 713 3757 ¹sirnile
747 3663 870 3729 lrrrstra
906 3661 1061 3750 quaesiui.
1112 3659 1151 3727 Ut
1187 3660 1247 3747 ipsi
1277 3660 1415 3729 lectores

228 3769 352 3854 possint
384 3767 469 3835 lerre
495 3767 678 3853 judicium,
711 3769 833 3854 potiora
858 3766 898 3834 de
923 3766 982 3833 hoc
1006 3774 1198 3852 argumento
1222 3765 1413 3852 subjiciam.

227 3892 265 3940 aa
289 3873 407 3960 quibus
431 3872 508 3940 illud
532 3873 695 3960 imprimis
718 3872 902 3960 apparebit,
933 3871 1017 3958 quod
1050 3869 1254 3937 retinendum
1279 3881 1350 3950 est,
1375 3890 1416 3937 ns

227 3978 301 4065 quis
325 3980 431 4064 ipsum
457 3977 662 4045 Heliodorum
688 3979 847 4065 corrigat,
871 3975 1180 4044 dum'liluariorum
1204 3995 1332 4043 errores
1352 3977 1413 4043 sibi

227 4085 390 4170 corrigere
410 4084 578 4164 videatur,
603 4085 747 4171 antiquis
768 4093 800 4150 et
826 4083 931 4169 pronis
960 4081 1188 4147 vocabulorum
1211 4080 1324 4149 forulis
1345 4102 1416 4169 per·

227 4200 324 4277 petuo
352 4189 552 4258 adulterinas
582 4189 777 4269 admisceri,
803 4191 898 4255 cuins
929 4188 976 4254 rei
1008 4185 1188 4273 exemplum
1221 4188 1414 4266 habuimus,

227 4315 301 4362 cum
329 4295 468 4362 dicerem
501 4295 586 4383 epod
620 4294 824 4362 Heliodorum
849 4302 938 4360 notor
960 4292 1057 4360 senrel
1080 4294 1211 4360 omnino
1235 4303 1323 4362 reete
1346 4295 1415 4366 retr

226 4402 350 4485 φύντας
373 4400 450 4469 dict.
