3200 5066
294 337 358 405 372
796 355 983 403 1111111111.

290 528 409 592 nebant
439 530 546 614 magis
576 546 671 610 qnam
703 526 853 590 sciebant.
899 525 986 591 Audi
1015 525 1235 590 Aristarchum
1267 527 1307 592 ad
1333 527 1486 594 iliade.

285 632 369 697 ,loo
393 631 438 699 irc
461 630 553 708 ἅποοξ
574 630 690 712 sipario
712 630 747 694 τδ
778 631 953 710 κρήγυον
980 630 1032 694 aa}
1057 631 1111 693 οὐκ
1134 628 1196 698 law
1226 630 1397 707 danila
1415 634 1488 697 ἀλλ’

292 737 464 814 oreada·
488 736 716 806 οὶντιδιοιςέλλει
741 740 815 812 γοῦν
835 735 940 800 111τό
961 734 1045 811 „eici
1067 758 1112 800 τοι
1135 736 1179 800 τοὶ
1203 734 1274 801 κάκ’
1298 738 1345 807 ies
1369 738 1486 819 ΦΙλοο”.

293 840 469 908 &metum
497 849 546 908 est
574 846 683 928 postea
703 839 738 905 τδ
762 842 891 920 κρήγυον
917 840 1038 923 abiis,
1063 844 1118 925 qui
1140 840 1267 907 libellos
1289 843 1487 928 pseudoPy·

293 947 462 1035 thagoreos
492 951 741 1033 supposuerunt,
772 947 807 1009 in
835 965 972 1031 quorum
994 944 1184 1031 fragmentis
1204 946 1289 1031 apud
1310 946 1487 1014 Stobaeum

291 1055 419 1137 saepius
448 1053 579 1142 legitur.
627 1051 690 1132 Qui
719 1050 888 1116 Platonem
910 1050 990 1115 bene
1012 1055 1169 1116 noverunt
1191 1070 1254 1116 non
1276 1050 1371 1116 facile
1394 1052 1486 1116 indu·

293 1163 366 1222 cont
387 1160 423 1222 in
444 1162 590 1224 animum
609 1178 666 1242 pro
685 1156 798 1234 azyaco}
817 1155 996 1220 διδάσκαλοι
1016 1155 1128 1238 putide
1146 1160 1178 1219 11
1196 1156 1338 1222 affectate
1357 1156 1485 1236 κρήγυοι

296 1260 476 1329 διδάσκαλοι
500 1265 540 1330 ab
562 1266 632 1349 ipso
653 1261 718 1326 dici
740 1262 890 1345 potuisse.
1349 1270 1352 1275 ’

339 1367 386 1433 Ut
414 1367 508 1434 Plato
538 1371 586 1434 est
615 1369 650 1431 in
677 1372 860 1450 temporum
881 1367 1043 1430 notatione
1065 1364 1233 1452 negligens
1255 1367 1434 1431 admodum
1456 1371 1487 1432 11

293 1475 403 1538 omnia
417 1475 564 1538 'miscere
583 1472 712 1547 solitus,
737 1469 776 1536 ei.
800 1468 959 1534 Mnemos.
985 1467 1083 1535 1874.
1106 1492 1179 1558 pag.
1209 1472 1284 1536 115.
1307 1475 1354 1537 sic
1374 1478 1487 1537 contra

292 1579 349 1660 qui
378 1577 563 1642 Alcibiadem
592 1577 778 1660 conseripsit
806 1577 841 1639 in
863 1574 923 1640 hac
945 1581 1036 1659 parte
1059 1574 1327 1663 diligentissimus
1349 1598 1420 1643 esse
1441 1599 1485 1643 re
1573 1670 1574 1673 Ἴ

293 1683 444 1767 parietur.

292 1890 436 1959 Platonis
465 1896 611 1959 imitator
639 1893 678 1958 de
708 1911 746 1956 ea
775 1911 809 1955 re
836 1890 999 1956 indicavit.
1045 1889 1142 1956 Pater
1163 1889 1340 1956 Alcibiadis
1361 1889 1485 1958 Cliniae

253 2004 257 2011 '
293 1997 327 2060 in
349 1997 469 2082 proelio
498 2000 614 2065 cecidit
643 1992 824 2071 anno447.
849 1995 880 2058 ἐν
903 1995 1052 2077 Κορωνείᾳ
1075 1995 1125 2059 ἐπὶ
1149 1993 1298 2077 ἄρχοντος
1322 1997 1484 2078 Τιμαρχί-

293 2101 354 2165 δον.
401 2102 547 2187 Reliquit
574 2103 654 2168 duos
676 2101 759 2166 filios
779 2101 936 2164 maiorem
959 2098 1160 2165 Alcibiadem
1183 2100 1311 2166 biennio
1334 2108 1411 2168 ante
1433 2122 1484 2167 na·

292 2211 383 2283 tum,
407 2213 440 2272 11
462 2210 619 2274 minorem
642 2204 782 2273 Cliniam
805 2203 1000 2270 anniculum.
1048 2204 1158 2290 ltaque
1185 2205 1366 2272 Alcibiades
1390 2212 1483 2272 natus

293 2330 374 2377 anne
398 2310 475 2377 449.
500 2332 601 2396 quum
625 2315 659 2376 in
681 2314 759 2376 Asia
778 2307 1007 2374 interficeretur
1029 2329 1110 2374 anno
1131 2307 1208 2374 404.
1228 2311 1483 2394 ριιιιᾱιορεείιιιοιι

291 2417 427 2501 pentum
449 2438 568 2483 annum
591 2417 704 2482 aetatis
726 2415 851 2502 agebat.
898 2410 1133 2479 Confirmantur
1156 2415 1234 2480 haec
1257 2418 1388 2502 egregie
1409 2415 1482 2482 Dia-

336 1787 437 1853 Nulda
466 1794 570 1873 potest
599 1809 667 1854 esso
697 1787 736 1853 de
765 1785 942 1852 Alcibiadis
968 1786 1317 1853 announcement
1339 1789 1384 1852 iis
1406 1809 1485 1873 quae
1573 1730 1574 1775 ζ

291 2521 366 2609 logo
387 2521 569 2599 Platonico,
601 2522 659 2587 ubi
689 2520 853 2584 inducitur
867 2518 1061 2584 ‘Alcibiades
1084 2518 1337 2585 adolescentulus
1359 2521 1483 2586 undeni
1568 2524 1574 2553 ⁴

289 2626 369 2707 piati
392 2649 537 2691 ακκυνυνι
558 2628 635 2694 vivo
656 2624 780 2690 Pericle
803 2629 835 2689 et
857 2626 892 2687 in
914 2622 1137 2688 florentissima
1159 2645 1223 2710 rep.
1248 2646 1377 2690 summa
1398 2626 1482 2712 apud

292 2751 402 2797 omnes
425 2734 613 2798 auctoritate
634 2728 782 2815 pollente.
819 2726 982 2807 Quadrant
1003 2727 1080 2792 haec
1102 2730 1210 2794 omnia
1229 2733 1434 2797 exactissime
1449 2734 1482 2796 in

292 2856 411 2901 annum
432 2835 515 2915 430;
539 2856 676 2920 namque
698 2835 841 2917 sequenti
871 2852 953 2896 anno
971 2832 1154 2916 pendentia
1173 2840 1316 2920 grassata
1346 2836 1481 2900 Athenis
1573 2832 1574 2851 ¹

292 2947 341 3005 est
370 2946 402 3006 11
431 2940 570 3006 Pericles
600 2941 735 3005 excessit
757 2957 774 3002 e
796 2939 874 3002 vita.
894 2938 1018 3002 ‘Aetas
1048 2937 1224 3004 Alcibiadis
1249 2940 1301 3004 his
1330 2937 1412 3004 locis
1433 2962 1481 3006 eo

292 3047 457 3132 grroscitur
477 3066 551 3133 pag.
579 3043 647 3109 123
664 3061 695 3110 o.
720 3045 734 3108 ὃ
759 3039 964 3118 Ἀλκιβιάδης
988 3040 1040 3115 ira
1064 3042 1178 3107 οὐδέπω
1203 3045 1337 3121 γεγονὼς
1360 3045 1481 3125 σφόδρα

293 3152 415 3229 εἴκοσιν,
440 3157 472 3215 11
501 3172 575 3237 pag.
602 3149 676 3214 110.
698 3168 729 3213 A.
753 3148 877 3228 πέρυσιν
908 3145 1024 3228 ἐζήτεις
1057 3172 1093 3211 τε
1117 3147 1168 3213 nel
1193 3150 1247 3213 οὐκ
1270 3147 1327 3229 ᾤου
1350 3149 1481 3223 sielsoe

294 3295 336 3306 -
360 3256 460 3334 τρίτον
482 3255 513 3321 δὲ
536 3254 602 3326 ἔτος
626 3252 679 3318 ael
702 3253 847 3332 adrepens
870 3251 923 3315 aa}
943 3250 1087 3327 πέμπτον
1106 3254 1168 3333 οὐχ
1187 3249 1301 3329 ericen
1325 3292 1371 3304 -
1392 3255 1483 3320 ἀλλὰ

292 3362 354 3438 μὴν
389 3359 426 3426 τό
458 3359 707 3438 gencinniaco
731 3365 807 3429 ποεῖς
832 3351 920 3430 slede.
963 3355 1059 3422 Sexto
1082 3356 1196 3421 abhinc
1221 3357 1391 3424 11110425
1426 3359 1484 3426 Al·

291 3466 430 3533 cibiades
460 3473 535 3537 ιοοοῖς
559 3461 593 3538 ἦν
616 3483 772 3529 annorum
793 3462 1029 3547 quatuordecim,
1060 3482 1144 3527 nuno
1168 3460 1221 3535 ἔτη
1245 3463 1360 3533 οὐδέπω
1382 3488 1483 3542 psyc-

291 3573 345 3644 νὼς
378 3570 485 3651 σφόδρ’
516 3572 626 3635 εἴκοσιν
656 3572 777 3656 cogitat
799 3567 969 3651 propediem
999 3567 1107 3644 (μάλα
1131 3567 1243 3644 ὀλίγων
1267 3569 1382 3649 ἡμερῶν
1404 3591 1481 3658 pag.
1573 3648 1574 3659 ἵ

294 3676 370 3741 105.
383 3678 416 3759 a)
440 3677 538 3742 verbe
559 3677 701 3742 facturus
723 3673 764 3738 sd
785 3672 940 3757 populum
962 3672 1096 3757 prodire.
1142 3670 1280 3737 Ridetur
1301 3674 1342 3739 ab
1360 3676 1483 3741 Aristo

291 3784 395 3867 phono
417 3783 449 3845 ἐν
471 3789 534 3853 τοῖς
559 3783 771 3845 Δαιταλεῦσιν
793 3797 874 3843 anno
898 3774 975 3842 427.

519 3887 593 3965 παρ’
619 3882 823 3961 Ἀλκιβιάδου
845 3886 934 3946 τοῦτο
957 3880 1187 3958 τοὶποβήοετοιι.

291 3993 385 4057 tertio
409 3998 489 4076 post·
502 4011 601 4067 anno,
634 3992 746 4055 aetatis
774 3990 933 4073 vigesimo
955 3988 1101 4053 secundo.
1147 3987 1330 4055 Alcibiades
1353 3990 1482 4069 ἐςρατιί·

292 4121 372 4175 once
394 4099 537 4182 primum
560 4095 725 4176 τριάκοντα
749 4093 884 4172 γεγονὼς
909 4092 962 4166 irs
988 4093 1058 4177 (neo
1078 4097 1151 4158 ante
1168 4092 1298 4177 licebat)
1320 4117 1401 4162 anno
1414 4095 1482 4161 419

290 4207 371 4268 11111
394 4201 582 4288 Thucydide
601 4198 639 4264 V.
660 4198 713 4264 52.
738 4196 943 4276 Ἀλκιβιάδης
968 4198 982 4261 o‘
1006 4198 1141 4263 Κλεινίου
1160 4199 1318 4278 §carnale
1339 4202 1482 4277 ὢνἈθη·

289 4306 379 4373 valen
410 4304 583 4385 ξυγκοθίςη
612 4306 655 4369 τοὶ
678 4303 746 4383 περὶ
770 4304 826 4378 τὴν
847 4302 1051 4382 §nonagies
1090 4303 1186 4369 Vides
1208 4307 1317 4370 omnia
1339 4307 1482 4392 undique

289 4432 461 4498 congruere
492 4432 549 4476 nec
579 4410 685 4475 ullum
716 4430 783 4474 sese
815 4409 1008 4473 dubitationi
1031 4408 1155 4485 locum,
1192 4415 1229 4473 ut
1252 4409 1335 4474 nihil
1358 4413 1401 4474 sit
1424 4416 1482 4477 tri·
