3200 5066
646 354 833 403 rnnronrnn.
1272 338 1334 404 381

145 536 257 592 napa
281 520 421 602 βασιλέα
444 522 641 600 ἀναβαίνειν.
666 524 749 609 qnod
772 528 829 588 aut
853 523 891 587 de
914 523 1031 610 legatis
1053 524 1093 588 ad
1112 523 1236 612 Regem
1255 528 1336 591 mis·

145 636 188 696 sis
210 634 356 717 ponitur,
381 633 438 695 ant
461 631 490 696 si
513 632 584 714 quis
607 630 690 694 alius
715 628 867 713 privatim
890 627 989 714 Regis
1013 631 1219 695 conveniendi
1241 650 1335 697 eausa

144 736 226 801 Susa
247 737 406 821 profectus
429 739 520 798 esset.
567 732 671 820 Cyrus
694 738 726 797 et
749 733 926 817 Xenophon
955 734 1036 797 ἘΠΙ
1061 733 1199 810 βασιλέα
1222 735 1335 813 οίνέβκ-

143 866 212 906 σαν.
261 839 354 905 Nihil
387 839 609 904 huiuscemodi
637 841 672 903 in
703 839 838 902 Αιιοίιιει·
870 837 1004 925 legitur.
1049 837 1244 924 Xenophon,
1279 843 1336 925 qui

143 948 252 1011 omnia
274 964 355 1029 quae
371 944 405 1007 in
425 944 538 1008 itinere
557 943 658 1020 vidit,
684 944 782 1013 otiam
801 944 991 1019 minutiora,
1016 941 1189 1030 diligenter
1208 964 1335 1013 narrare

144 1049 242 1126 solet,
271 1047 410 1133 profesto
432 1050 461 1111 si
483 1048 617 1113 vidisset
638 1050 812 1113 memoriae
834 1048 869 1112 id
891 1046 1022 1132 prodere
1044 1066 1107 1112 non
1130 1047 1332 1135 neglexisset.

188 1257 359 1322 Alcibiades
388 1276 463 1343 pag.
490 1255 564 1323 124.
589 1274 617 1322 c.
649 1258 664 1322 l
696 1257 854 1337 ἐπίτροπος
883 1254 995 1333 δ’έμὸο
1030 1218 1164 1334 βελτίονι
1199 1255 1244 1324 ές)
1281 1255 1332 1320 καί

143 1362 312 1441 σοφώτερος
337 1362 353 1438 ἢ
383 1362 562 1449 [Περικλῆς]
586 1363 600 1426 ί
624 1362 686 1435 πίε.
735 1361 843 1442 Quum
874 1360 967 1426 Plato
999 1361 1137 1426 dedisset
1164 1360 1333 1443 σοφώτερος

144 1467 293 1543 lists,
329 1467 446 1533 sciolus
477 1466 593 1551 aliquis
622 1469 738 1532 tutoris
768 1486 883 1531 nomen
913 1466 947 1529 in
976 1468 1124 1553 margine
1155 1466 1332 1552 adscripsit.
1429 1534 1431 1539 ,

142 1571 300 1638 Perielem
331 1573 427 1637 fuisse
458 1572 634 1637 Alcibiadis
664 1578 805 1637 tutorem
834 1571 938 1636 tribus
969 1569 1047 1636 loeis
1069 1570 1201 1658 Dialogi
1223 1577 1334 1638 suntor

143 1679 209 1742 iam
232 1682 545 1743 commemoraverat.
568 1697 642 1764 pag.
670 1676 745 1742 104.
762 1694 792 1741 n.
823 1674 1012 1752 ξυμπάντων
1036 1675 1067 1740 δέ
1090 1676 1187 1758 μείζω
1209 1677 1264 1742 οίει
1288 1700 1332 1742 σοι

142 1782 270 1860 δύναμιν
303 1781 456 1863 ὑποίρχειν
481 1782 634 1863 Περικλέα
658 1783 709 1848 τὸν
733 1782 927 1854 Ξοονίίππον,
952 1777 983 1846 ὃν
1007 1781 1021 1844 ὁ
1044 1782 1148 1861 ποεπέρρ
1172 1781 1333 1863 ε’πίπροπον

142 1886 295 1953 κοιπέλιπε
318 1888 365 1952 οοί
388 1911 423 1951 πε
447 1887 499 1952 κοιὶ
523 1888 566 1968 τῷ
588 1888 726 1968 ἀδελφῷ.
747 1892 781 1953 et
801 1906 876 1973 pag.
902 1884 978 1950 118.
998 1904 1029 1950 Β.
1050 1886 1132 1960 πλὴν
1149 1924 1191 1935 -
1204 1891 1258 1953 τοῦ
1278 1893 1331 1954 ποῦ

142 1990 304 2072 ἐπιτρόπου
335 1991 535 2071 Περικλέους.
551 1997 600 2062 ,et
630 1995 763 2057 tertium
793 2012 868 2078 pag.
893 1990 968 2056 122.
985 2009 1016 2055 Δ.
1050 1990 1186 2066 Videtur
1207 1991 1241 2056 id
1264 2012 1331 2061 esse

142 2100 237 2174 satis,
261 2104 300 2162 ut
318 2118 401 2162 nune
422 2097 551 2181 quidem
569 2096 703 2163 Perielis
720 2116 836 2163 nomen
848 2097 1125 2179 omittipotusrit‚
1146 2116 1208 2180 quo
1224 2098 1330 2183 magis

141 2208 291 2288 appareat
312 2203 468 2287 oppositio
491 2204 525 2266 in
548 2202 562 2266 ὁ
586 2200 745 2283 ἐπίτροπος
769 2204 783 2267 ὃ
808 2199 880 2279 ἐμὸς
903 2201 1072 2283 σοφώτερος
1096 2201 1114 2278 ἢ
1137 2200 1152 2265 ὁ
1175 2200 1238 2274 οδε.

184 2413 334 2477 Αίοίίίοιί.
356 2433 430 2500 pag.
446 2411 566 2489 1241),
590 2414 648 2479 ubi
666 2413 789 2477 dixerat
808 2370 968 2477 Socrates:
994 2411 1177 2488 ἐπιμελείας
1198 2408 1328 2490 δεόμεθα

141 2520 264 2594 μᾶλλον
286 2518 343 2596 μέν
367 2518 484 2591 ποίνπες
505 2517 650 2598 ιἰνίροιποι
673 2518 756 2597 οίπίιρ
780 2515 817 2597 νςί
842 2541 882 2595 νε
906 2516 958 2582 καί
984 2515 1077 2593 μοίλοι
1100 2513 1232 2598 οφίδροι.
1274 2515 1329 2581 Al-

141 2622 279 2686 eibiades
309 2626 451 2706 quaerit:
483 2623 516 2688 πί
545 2621 584 2687 ἂν
613 2620 662 2688 οὗν
685 2629 842 2700 ποιοῖμεν;
878 2629 954 2685 ΣΩ.
978 2622 1032 2685 οὐκ
1053 2619 1239 2694 ἀποκνητέον
1262 2620 1329 2685 οὐδὲ

141 2725 365 2803 μοιλίοικιςέον,
391 2725 411 2791 ὦ
435 2728 549 2805 ἑταῖρε.
587 2725 626 2790 In
646 2727 698 2793 his
719 2728 840 2791 vitium
861 2727 944 2790 inest
967 2725 1096 2790 evidens
1121 2731 1154 2790 et
1177 2724 1330 2790 tralatici-

140 2850 198 2895 um
220 2829 378 2895 inlibris.
425 2830 507 2895 Vera
532 2830 627 2896 lectio
650 2836 698 2895 est
719 2829 752 2894 τί
775 2824 999 2907 adversatorem
1030 2829 1065 2894 id
1087 2834 1135 2894 est
1157 2829 1190 2894 πί
1211 2824 1332 2895 οὖνδεῖ

140 2938 224 3012 ἡμᾶς
248 2944 361 3011 ποιείν;
388 2935 472 3020 quod
493 2955 595 3022 genus
617 2934 767 3019 loquendi
788 2937 908 3019 passim
931 2937 966 2999 in
987 2934 1080 2999 libris
1100 2930 1329 3020 interpolatum

139 3040 288 3105 videmus
310 3044 343 3104 et
363 3060 483 3126 magna
504 3042 555 3105 vis
578 3039 798 3125 exemplorum
821 3042 963 3125 expromi
983 3038 1077 3105 saeile
1096 3041 1207 3124 possit.
1239 3038 1329 3124 Opti-

139 3165 233 3209 mnm
262 3144 349 3210 foetu
378 3151 427 3210 est
457 3144 596 3217 indicare
625 3144 710 3211 loeos
740 3143 989 3229 eomplusoulos,
1020 3143 1077 3208 ubi
1109 3142 1195 3209 idem
1218 3144 1328 3211 mendi

139 3269 242 3335 genus
265 3246 457 3316 Criticorum
480 3251 582 3314 aciem
604 3250 700 3337 fugit.

184 3354 221 3417 In
243 3355 464 3440 Aristophanis
487 3355 600 3419 Αινίίολι
621 3375 669 3421 vn.
696 3351 772 3420 172.

341 3461 373 3525 πί
396 3460 435 3524 ala
458 3457 506 3526 οὖν
531 3468 687 3538 ποιοῖμεν;
711 3461 848 3525 οἰκίσατε
871 3459 949 3537 μίαν
973 3459 1070 3525 πόλιν.

139 3564 340 3629 scribendum
373 3585 439 3630 esse
469 3566 505 3630 τί
532 3562 580 3630 οὖν
611 3570 762 3642 ποιῶμεν;
795 3530 958 3630 Dinddrfio
980 3566 1111 3650 probare
1132 3584 1195 3629 non
1218 3568 1326 3648 potui,

139 3670 206 3752 qui‘
226 3668 393 3756 vulgatam
424 3671 576 3747 retinuit,
610 3689 805 3754 quamquam
829 3669 956 3734 additus
979 3668 1170 3753 imperativus
1192 3668 1326 3735 οίκίοαπε

138 3795 207 3839 rem
230 3779 350 3839 certam
372 3774 561 3860 praestabat.

189 3879 358 3962 Thesmopll.
384 3878 437 3944 70.

342 3983 375 4048 τί
397 3980 446 4049 οὖν
471 3984 531 4060 syo
555 3984 627 4063 δρῶ;
654 4022 696 4031 -
722 3984 875 4065 περίμενε.

138 4111 185 4156 vs.
211 4089 286 4156 212.

344 4201 408 4267 πῶς
431 4191 480 4260 οὖν
504 4194 637 4271 ποιήσιος
663 4233 704 4244 -
729 4200 834 4260 τοῦτον
857 4193 963 4260 κλοίειν
988 4193 1103 4263 κέλευε.

139 4323 187 4369 vs.
213 4300 288 4366 635.

346 4406 378 4471 τί
402 4402 450 4472 οὖν
474 4411 568 4482 ποιῶι
594 4443 635 4453 -
660 4404 809 4470 lalana
833 4403 935 4468 αὐτόν.
