3330 5012
530 1068 674 1159 Nove
708 1066 1096 1159 PRON'PONIANA.

630 1326 639 1335 ·
672 1318 960 1356 -nom-

262 1506 397 1575 nomem
428 1508 646 1576 Grammeticn
680 1509 792 1575 Lerina
825 1508 856 1573 io
888 1507 983 1591 epist.
1019 1506 1076 1573 Vii
1101 1505 1141 1572 ud
1172 1507 1211 1572 Μ.
1235 1508 1403 1572 Caesarem

216 1631 245 1698 p.
280 1617 322 1680 18
352 1614 403 1681 ed.
434 1613 568 1692 Narboni,
599 1635 645 1681 rs.
675 1620 694 1681 ὅ
727 1634 797 1700 sqq.
824 1610 894 1700 qu
917 1610 1051 1698 deniqne
1072 1611 1148 1677 oiim
1171 1612 1236 1677 ium
1259 1632 1311 1676 me
1326 1621 1401 1698 puto

214 1718 291 1783 sotir
313 1721 432 1798 emori,
458 1719 515 1785 tibi
536 1728 640 1786 cirtem
663 1717 800 1784 ooudnm
824 1716 918 1782 eiiam
936 1725 1088 1803 qrrooium
1111 1735 1162 1780 me
1178 1714 1298 1780 dilions
1321 1715 1401 1780 satis

213 1840 275 1888 esr.
311 1820 423 1889 Oratio
447 1823 560 1890 Latino
582 1826 663 1901 erit,
687 1825 714 1888 si
739 1831 796 1887 aut
815 1820 924 1886 diiiors
944 1828 1001 1886 ent
1022 1839 1092 1885 esso
1113 1820 1301 1885 correxeris.
1328 1820 1399 1885 Mox

210 1923 366 2010 legimus:
389 1949 523 2015 nomque
542 1928 575 1992 iu
592 1928 660 1993 dier
676 1927 752 2013 piru
767 1924 901 1992 umcodo
917 1924 1035 2011 efficio,
1058 1944 1097 1990 ne
1108 1924 1272 2010 quodcoic
1284 1924 1395 2014 [diem]

209 2033 381 2111 emoreris,
409 2033 587 2118 plurimum
617 2033 733 2118 suerit,
764 2031 889 2098 obiecto
919 2031 1023 2110 diem,
1060 2051 1087 2096 s.
1120 2030 1206 2105 dier,
1237 2038 1272 2097 ut
1304 2029 1399 2096 habet

109 2170 113 2179 ·
208 2153 296 2204 meo.
315 2156 379 2205 sec.
405 2137 462 2205 Sin
484 2138 612 2214 minus,
637 2144 725 2204 certe
746 2135 961 2203 necessarium
984 2134 1084 2215 iuret,
1109 2144 1180 2200 ome
1198 2134 1280 2200 icoc
1299 2134 1395 2212 diem

207 2239 292 2327 quod
316 2242 422 2328 ipsum
448 2243 622 2329 quominus
645 2262 757 2308 verum
783 2239 959 2318 habeatur,
984 2260 1046 2306 non
1071 2239 1210 2306 obnitar.

251 2343 337 2413 Libr.
362 2347 407 2413 111
430 2367 479 2434 ep.
504 2345 561 2412 vn
586 2365 618 2433 p.
645 2350 707 2426 36,
732 2367 778 2414 rs.
804 2350 856 2414 10.
891 2345 938 2411 Ετ
961 2366 1063 2412 omem
1091 2354 1139 2418 te:
1163 2355 1197 2410 tu
1219 2363 1299 2431 qum
1315 2343 1395 2410 sind·

205 2472 261 2524 νας
283 2450 317 2515 io
337 2452 466 2518 eandem
488 2472 556 2518 rem
577 2452 787 2519 demonstrate
812 2451 932 2517 ratione
954 2450 1144 2537 quaesiveris
1167 2458 1197 2516 et
1217 2449 1397 2523 inveneris,-

204 2555 318 2622 miuito
350 2557 431 2622 miii
459 2566 527 2623 ceti.
574 2556 641 2623 imo
668 2577 758 2625 vero:
788 2558 839 2623 {nn
870 2576 972 2621 omem
999 2564 1046 2632 ie,
1078 2563 1112 2621 tc
1131 2562 1199 2619 cert.
1235 2552 1293 2639 Ep.
1322 2553 1390 2620 XV.

205 2678 235 2743 p.
261 2664 323 2735 33,
348 2680 396 2727 rs.
425 2668 437 2725 1
467 2681 538 2747 sqq.
563 2660 759 2728 Alcibiadem
775 2683 848 2726 vero
872 2658 1047 2747 (Socrates)
1071 2668 1247 2744 ceterosque
1268 2656 1390 2723 odoler-

203 2772 307 2828 center
335 2785 448 2850 qenere
479 2776 533 2831 out
563 2770 668 2852 sormo
691 2776 745 2832 out
768 2765 877 2852 opibus
899 2769 1018 2851 seroces
1041 2782 1102 2849 quo
1117 2771 1207 2847 poeto
1229 2759 1390 2846 oppetiere

202 2876 296 2954 utque
316 2868 424 2956 odsori
447 2870 586 2937 coicior?
618 2892 678 2957 per
700 2870 841 2958 iurqium
863 2892 903 2935 mr
922 2890 983 2956 per
1004 2865 1243 2935 nomnen?
1279 2886 1389 2951 expro-

204 2970 320 3038 brando
342 2974 458 3040 acriter
479 2996 559 3062 quoe
581 2976 796 3064 delinquerent
818 2997 859 3041 on
884 2975 994 3040 leuiter
1012 2971 1195 3060 erqueudod
1226 2968 1295 3035 Non
1320 2989 1388 3058 per·

202 3075 315 3143 suadet
358 3076 438 3146 mihi
473 3078 682 3147 doctissimus
712 3080 818 3147 editor
848 3099 923 3146 cum
957 3078 1095 3165 Hauptio
1130 3074 1308 3162 suspicanti
1340 3079 1388 3141 sic

201 3178 397 3249 Frontonem
420 3185 555 3252 veniisse
576 3184 766 3252 vocobulum
779 3184 950 3261 Latinum,
974 3181 1059 3270 quod
1083 3190 1133 3248 est
1143 3181 1314 3247 urbanitas.
1339 3178 1388 3246 lix

203 3302 263 3351 usu
287 3285 461 3375 Polybiane
479 3288 628 3356 adiectivi
651 3276 825 3369 renisum,
849 3288 889 3356 ad
907 3308 1002 3377 quem
1016 3294 1208 3375 provocent,
1228 3283 1387 3354 eiusmodi

200 3387 279 3476 quid
299 3391 389 3458 credi
413 3404 538 3480 posset,
561 3396 589 3462 si
613 3394 772 3484 scriptum
798 3394 1079 3471 summoturum,
1103 3391 1156 3459 sed
1181 3394 1324 3459 notoriae
1349 3389 1385 3478 (i.

199 3512 229 3559 e.
253 3497 425 3586 consocier)
450 3499 525 3586 poni
550 3501 680 3568 notione
703 3521 721 3568 u
746 3519 820 3567 reru
841 3498 986 3566 vocabuli
1009 3499 1039 3563 vi
1061 3507 1127 3564 tam
1148 3497 1242 3584 longe
1260 3497 1389 3561 diversa

201 3616 242 3664 ne
270 3617 289 3664 a
321 3598 482 3670 Frontone
512 3604 643 3691 quidem
677 3606 789 3693 potuit.
838 3606 950 3672 Potius
984 3602 1177 3670 crediderim
1214 3603 1388 3689 genuinam

200 3701 368 3772 tectionem
398 3727 467 3775 esse
492 3718 696 3787 ΠΑΙΔΙΑΝ,
721 3711 743 3778 i.
773 3730 803 3777 e.
828 3710 941 3777 iocum.
967 3708 1025 3796 Ep.
1050 3708 1135 3774 ΧΠ.
1160 3726 1209 3774 vs.
1235 3710 1267 3772 3.
1294 3725 1389 3790 urprc

198 3817 330 3875 comem
359 3823 475 3899 qomodo
506 3824 562 3880 est.
605 3813 709 3881 Codex
736 3825 872 3903 quamne
901 3821 934 3881 ct
962 3832 1046 3879 corr.
1076 3822 1238 3900 quantum.
1274 3809 1389 3877 Nescio

199 3931 240 3978 nn
272 3914 380 4001 potius
412 3917 656 3986 rescribendum
690 3920 749 3986 sit:
781 3940 876 4006 cupro
907 3927 1038 3984 cerotem
1062 3939 1124 4004 quo
1146 3936 1228 3982 ouoc
1250 3935 1292 3981 ec.
1328 3913 1387 4001 Ep.

199 4015 285 4083 xxi.
323 4038 354 4106 p.
378 4026 432 4088 or.
465 4021 558 4090 Mune
585 4024 627 4090 od
655 4034 684 4090 te
717 4045 778 4089 ooo
812 4024 941 4110 scripsi,
977 4023 1052 4109 quic
1087 4033 1116 4087 ie
1150 4021 1388 4087 commodiorem

199 4142 264 4187 eme
296 4123 484 4204 audieram,
512 4138 542 4193 et
575 4129 649 4216 quio
678 4129 746 4214 ipre
773 4130 805 4195 in
830 4150 899 4194 noro
922 4128 1042 4215 neqotio
1065 4137 1229 4213 occupetur
1251 4131 1386 4213 suerum.

200 4223 361 4295 Urbanius
392 4231 562 4300 Caesarem
593 4232 633 4299 od
660 4235 851 4320 magistrum
877 4233 1046 4320 scripsisse
1069 4234 1234 4319 suspicor:
1262 4245 1290 4301 ei
1313 4235 1387 4321 quic

199 4333 264 4421 ipre
292 4339 327 4402 in
357 4357 465 4415 octono
491 4339 612 4427 ocqoiio
635 4350 798 4426 ocmipotm
821 4343 957 4426 [romum.
997 4338 1145 4406 Scribere
1169 4338 1208 4406 nd
1232 4339 1384 4407 dilectum

199 4458 295 4509 suum
320 4441 514 4512 Frontonem
540 4445 568 4510 ei
592 4444 688 4511 orium
712 4456 801 4523 erut,
829 4446 958 4531 opinor,
983 4465 1044 4511 non
1073 4446 1239 4533 neqotium.
