3330 5012
625 361 785 410 uscrrooss
809 362 1003 410 reassumi.
1340 349 1402 411 301

219 532 439 601 Alexandrum
461 529 659 618 quonsmlum
681 529 886 598 Macedonum
914 529 1152 596 beniuolentiam
1176 528 1342 617 lurpe'ts'one
1364 533 1406 599 aa

221 661 254 706 se
276 637 443 705 adtrahere
465 646 608 703 canotum
630 636 675 704 sie
697 636 872 723 increpent:
894 638 982 723 “quae
1005 642 1054 712 te,
1078 633 1145 720 fill,
1168 635 1248 701 retia
1271 636 1304 701 in
1326 635 1407 704 hana

221 756 287 812 tam
312 763 425 810 uanam
457 762 543 829 spem
572 741 713 820 inducit,
743 752 778 807 ut
801 761 852 808 eos
882 740 940 807 titt
960 738 1075 828 fideles
1097 743 1221 825 sulcares
1243 741 1408 809 celeuma·

220 871 287 927 res,
313 867 391 935 quos
416 847 550 934 pecunia
577 846 619 912 ari
649 866 787 913 amorem
815 845 862 912 tui
883 843 1108 930 conpulissesl'
1132 865 1151 910 a
1174 844 1303 912 caritate
1323 845 1409 913 istud

218 963 310 1040 pater
331 951 357 1041 †
381 972 462 1017 auus
493 973 510 1017 a
537 949 707 1038 Philippus
739 950 857 1018 maiore
886 972 927 1016 en
955 957 1046 1036 parte
1076 957 1229 1016 mercator
1262 948 1408 1017 Graeciae

220 1079 314 1145 quam
338 1059 443 1123 uictor.
468 1095 512 1107 —

267 1162 428 1249 Corrupto
450 1170 484 1228 et
507 1160 622 1228 mutilo
653 1159 723 1229 loeo
753 1162 947 1228 senteutiam
977 1156 1212 1246 quodammodo
1235 1158 1408 1227 restituere

220 1276 356 1335 conatus
387 1285 460 1334 sum
486 1267 519 1332 in
543 1265 631 1334 hunc
663 1263 793 1333 modum
826 1263 1022 1353 supplendo:
1052 1264 1223 1331 ecaritate
1245 1264 1330 1331 istud
1349 1286 1409 1353 pa·

221 1385 311 1441 terna
340 1372 519 1439 audiuisset
548 1370 624 1438 olim
657 1370 826 1458 Pln'lippus
854 1371 922 1458 ipso
943 1370 1061 1439 maiore
1084 1390 1125 1437 sas
1143 1378 1234 1455 parte
1256 1378 1410 1437 mneatm

225 1479 262 1546 G.
287 1500 319 1566 q.
344 1500 376 1547 u.
1310 1520 1315 1527 -

268 1589 306 1661 7,
338 1589 377 1660 2,
409 1581 446 1651 li.
474 1587 527 1652 16.
552 1582 750 1671 Mapone...
784 1581 955 1648 Cannensis
980 1598 1106 1667 pupnae
1139 1578 1259 1644 anienem
1289 1585 1376 1644 senat
1403 1576 1411 1592 ’

221 1687 397 1779 l'oenorum
426 1689 708 1775 nuntiantemque
739 1687 818 1754 tanti
847 1704 1007 1752 successus
1035 1682 1137 1772 sillem
1167 1682 1278 1749 autdas
1300 1703 1411 1749 aureos

222 1794 318 1859 trium
345 1792 523 1860 mattarum
556 1813 736 1860 mensuram
768 1790 928 1878 explentes
952 1789 1123 1873 lanaeum,
1160 1789 1215 1875 qui
1237 1788 1411 1875 intersectis

222 1899 336 1964 nostris
358 1897 477 1964 ciuibus
499 1897 631 1965 detracti
652 1905 758 1975 erant,
786 1894 926 1985 [Hunno]
953 1893 1106 1981 quaesivit
1127 1914 1168 1960 on
1190 1891 1308 1980 aliquis
1329 1893 1409 1960 soal·

223 2024 312 2069 orum
332 2014 403 2090 past
425 2013 543 2070 tantam
567 2003 689 2069 etalem
710 2024 731 2069 a
754 1999 1101 2087 Romanisneleclsset.

267 2106 398 2193 Gorrige
421 2108 468 2174 eis
497 2108 699 2195 effunderem
731 2110 779 2195 es·
805 2107 838 2173 iu
864 2103 1068 2193 praecedenti
1092 2103 1192 2172 latore
1215 2124 1265 2170 -cs
1288 2101 1410 2171 nemini

222 2214 336 2299 opinor
358 2232 421 2278 non
447 2213 653 2300 perspicuum
677 2220 738 2280 est.

269 2321 306 2395 7,
338 2322 376 2394 3,
407 2322 438 2384 4.
467 2316 505 2394 Q.
529 2316 649 2384 Fabius
672 2316 791 2395 labeo,
822 2315 941 2383 arbiter
962 2314 1002 2382 ab
1026 2324 1134 2382 senatu
1156 2314 1273 2403 (inirem
1295 2315 1411 2381 consti·

221 2422 405 2489 tuendorum
435 2423 518 2489 inter
547 2421 685 2490 Nolanos
716 2444 753 2488 ac
783 2419 1005 2508 Neapolitanas
1033 2421 1141 2499 datus,
1176 2442 1247 2487 cum
1275 2421 1310 2485 ln
1343 2438 1410 2485 rem

219 2539 413 2615 praesentem
436 2527 588 2604 venissel,
610 2538 758 2614 utrosque
779 2528 948 2613 separaum
971 2527 1110 2605 monuit,
1135 2535 1169 2592 ut
1192 2526 1307 2592 omissa
1325 2522 1410 2610 cupi·

221 2633 318 2699 litate
339 2633 466 2720 repreli
487 2633 513 2718 †
536 2631 626 2698 morlo
648 2633 856 2698 controuersia
878 2652 972 2719 quam
994 2631 1144 2718 propruli
1163 2630 1306 2697 mallent.

265 2737 397 2803 llolests
419 2735 474 2803 illa
497 2736 588 2803 molo
610 2738 817 2803 controuersia
841 2735 1020 2802 sententiae
1045 2745 1190 2802 tenorem
1213 2754 1276 2801 oon
1296 2732 1411 2800 leviter

221 2841 525 2928 obstruuntsotquo
560 2840 752 2928 impediunt.
801 2841 950 2927 Suspicio
979 2859 1031 2906 me
1055 2848 1159 2917 tenet,
1183 2840 1215 2906 in
1239 2838 1409 2927 archetypi

221 2948 368 3032 margine
391 2944 466 3012 olim
488 2945 688 3033 adscriptum
717 2965 788 3013 osse
813 2955 898 3011 mata
928 2945 1135 3012 controuersia
1157 2964 1177 3010 a
1200 2942 1333 3012 librario
1353 2956 1411 3011 *oe-

220 3051 421 3139 gligeotiori,
445 3051 519 3137 qui,
542 3070 642 3138 qrrum
667 3071 726 3118 suo
747 3051 816 3117 loeo
836 3050 858 3117 i.
883 3069 911 3116 e.
937 3049 1023 3115 iuter
1043 3070 1113 3116 uren
1133 3050 1218 3116 etin
1238 3048 1292 3117 illa
1312 3048 1409 3117 verbe

220 3158 364 3244 recipere
398 3157 601 3235 amississet,
643 3154 760 3223 calami
795 3174 941 3222 errorem
977 3153 1212 3241 quodammodo
1246 3155 1410 3242 corrigere

222 3260 381 3339 voluerit,
404 3259 520 3328 deindo
539 3260 638 3328 alium
653 3261 815 3329 homiaem
828 3261 1044 3347 nescioquem
1057 3259 1310 3327 somniculosum
1324 3260 1409 3328 iuter

220 3364 467 3434 describendum
492 3367 522 3432 ei
546 3365 615 3435 loeo
637 3367 693 3435 ille
717 3375 920 3454 praepostere
943 3366 1144 3451 assignasse,
1171 3365 1226 3433 ubi
1251 3385 1338 3433 nunc
1362 3364 1410 3434 le·

220 3473 304 3538 viter
327 3478 453 3537 mutata
476 3470 638 3557 legantur.
687 3470 776 3554 Quae
799 3493 901 3559 quum
925 3472 970 3538 itu
994 3489 1029 3537 se
1051 3469 1209 3549 habeant,
1233 3471 1409 3539 restituen-

219 3573 297 3641 llum
322 3574 466 3642 videtur:
490 3597 560 3642 eorm
584 3585 668 3643 mota
687 3579 894 3645 controuersia
913 3578 947 3642 in
965 3598 1032 3642 rem
1047 3585 1245 3662 praesentem
1260 3576 1408 3655 uenisset,

219 3691 365 3767 utrosque
395 3681 564 3765 separatim
594 3682 731 3761 monuit,
763 3693 798 3748 ut
826 3682 941 3750 omissa
971 3680 1139 3769 cupiditate
1167 3680 1292 3767 reprels'
1313 3701 1408 3768 quam

215 3784 366 3872 proprerls'
387 3783 531 3852 mallent.

266 3895 303 3965 7,
328 3894 367 3967 5,
390 3893 421 3955 9.
458 3887 606 3976 [Sentius
628 3889 824 3959 Saturninus
843 3889 974 3978 Vetula]
998 3912 1070 3959 eum
1090 3914 1110 3958 a
1132 3888 1306 3955 triumuiris
1327 3886 1409 3955 inter

216 3992 407 4079 proscriptos
430 4015 541 4062 namen
565 4017 658 4061 suum
679 3997 873 4084 propositum
896 3997 1049 4077 audisset,
1081 3996 1224 4063 continuo
1242 4003 1409 4081 praeturae

217 4098 354 4185 inslpm'a
372 4099 507 4166 inuasit.
521 4150 553 4167 ..
580 4100 725 4168 uellatsla
744 4099 982 4190 conpreltantlr't,
1006 4102 1139 4189 lraspitia
1158 4101 1330 4187 ocmrpault,
1353 4101 1408 4168 ob·

217 4201 283 4269 uias
313 4204 480 4269 summouit
510 4227 548 4273 ae
578 4215 642 4272 tam
673 4207 786 4273 atrdau'
816 4206 1016 4293 usurpatione
1046 4206 1173 4292 imperil
1199 4207 1233 4272 ln
1267 4207 1408 4275 maxima

219 4306 288 4373 luce
318 4306 521 4376 densissimas
551 4310 715 4378 nastilibus
746 4312 844 4380 oetrls's
872 4311 1014 4378 tenebras
1036 4310 1158 4399 offudit.
1178 4310 1263 4378 taen
1285 4322 1321 4377 ut
1341 4311 1407 4377 Pu·
