3330 5012
273 312 337 376 tte
671 328 905 376 amenvmmues
927 330 1061 377 cnrrrcuc

271 494 473 563 eontrarium
492 493 608 562 vitium
627 504 677 563 est
688 496 774 584 apud
793 495 1002 565 Plutarchum
1021 498 1048 565 εί
1068 496 1182 581 τρεσβ.
1203 511 1307 565 τολιτ.
1327 518 1357 585 p.
1371 501 1457 566 ’195ο

269 601 365 667 ἐκεῖνο
401 606 562 681 σκοπῶμεν
592 600 648 679 tn,
677 598 757 678 ὅπως
784 602 881 682 μηδὲν
914 604 1049 684 cingente
1082 603 1159 683 μηδὲ
1190 604 1274 686 βαρὺ
1296 604 1340 685 τῷ
1362 606 1457 686 γήραι

270 703 540 788 προσάξωμεν
558 705 745 786 άγάνισμα,
779 707 833 773 ubi
857 704 906 774 vel
926 727 1042 774 coecus
1066 707 1173 776 videet
1192 707 1326 775 verbum
1347 731 1457 790 προσ·

271 810 438 878 τάσσειν
461 810 602 898 requiri,
625 831 687 877 ncn
712 810 891 895 προσάγειν.

315 913 437 982 itidem·
456 937 488 1004 p.
513 916 599 983 5990
621 915 721 983 latina
749 917 868 982 versic:
899 916 994 981 οιιοίοιο
1015 916 1076 981 οἰοῖ
1099 916 1286 984 clementie:
1310 916 1458 984 ostendet

269 1038 333 1086 non
357 1019 437 1087 satis
461 1030 548 1088 recte
576 1022 695 1089 Graece
722 1020 783 1107 tegi
813 1020 852 1087 δι’
875 1021 1017 1099 εὐνομίαν
1037 1021 1179 1105 άιδρδς
1202 1029 1235 1088 et
1254 1024 1386 1089 omnino
1406 1042 1459 1090 re·

268 1126 362 1213 quire
385 1125 470 1200 ἕνδς
493 1126 609 1209 crept
616 1154 643 1202 ς.
680 1125 772 1213 Apud
798 1124 1006 1192 Plutarchum
1029 1125 1112 1192 idem
1141 1124 1330 1194 vccabulum
1358 1127 1458 1193 etiam

269 1231 392 1298 maiore
411 1250 487 1297 cum
510 1231 670 1299 evidentia
694 1232 822 1298 restitui
846 1237 952 1318 potest
974 1253 1042 1309 γον.
1066 1233 1150 1313 άρετ.
1175 1251 1206 1318 p.
1225 1234 1312 1318 24ss
1325 1234 1458 1312 σονεχά·

267 1330 362 1418 ρκσαν
396 1333 529 1413 ἐξελθεῖν
564 1337 580 1402 ἑ
587 1362 602 1402 ν
631 1337 783 1419 ίματίῳ
814 1337 884 1411 τοὺς
919 1335 1098 1418 ἐλευθέρους.
1144 1338 1285 1423 Apparet
1326 1356 1386 1403 eur
1415 1336 1456 1402 tu

268 1439 425 1508 exciderit
448 1440 482 1506 in
505 1440 543 1505 lu
567 1441 622 1506 ἐνὶ
646 1440 807 1525 ἱματίῳ.
839 1438 886 1509 Gi.
912 1439 1002 1507 Diod.
1027 1440 1092 1509 Sic.
1117 1440 1198 1507 XVl.
1223 1446 1277 1509 51.

316 1542 429 1612 Obiter
451 1545 652 1632 corrigemus
672 1566 702 1632 p.
716 1549 793 1613 390.
817 1550 860 1612 50
883 1544 1232 1627 κατατρίψοοσαν
1255 1565 1313 1632 pro
1336 1570 1458 1612 κατα·

269 1649 499 1734 τρέφουσαν
521 1658 554 1716 et
586 1649 636 1716 his
663 1652 845 1718 eximamus
873 1669 990 1716 nomen
1015 1650 1180 1737 proprium
1205 1669 1236 1737 p.
1258 1654 1333 1717 597.
1360 1656 1402 1717 tu
1426 1658 1458 1716 et

277 1757 355 1823 599.
376 1757 416 1820 21
440 1756 473 1820 iu
492 1755 600 1821 verbis
618 1757 750 1832 ταυτησὶ
775 1755 1014 1844 [Περσίννς],
1035 1762 1072 1820 ut
1090 1756 1258 1821 veniamus
1277 1753 1318 1821 ad
1335 1775 1368 1841 p.
1382 1759 1459 1822 597.

273 1863 317 1927 16
341 1857 397 1924 uhi
417 1847 552 1946 intelligi
573 1861 704 1926 omniun
722 1879 784 1926 ncn
805 1867 939 1947 possunt
961 1857 1055 1925 rerba
1073 1858 1281 1940 ὁμολογούσης
1303 1859 1458 1936 ταυτησί,

271 1964 440 2030 ἒστακὲναι
470 1965 540 2031 τινά
570 1964 684 2032 εἴδωλα
715 1965 768 2031 καί
794 1964 977 2048 Φαντασίας
999 1964 1182 2043 δμοιοτήτιιν
1205 1964 1268 2031 sind
1291 1972 1346 2041 τοῖς
1371 1963 1457 2029 κατά

267 2069 324 2145 τὴν
346 2067 607 2152 Ἀνδρομέδαν
641 2069 714 2152 τρίς
744 2094 779 2135 σε
803 2069 919 2148 terat
927 2093 973 2143 ας
1003 2069 1163 2153 δρωμένοις.
1213 2067 1327 2136 Verbis
1352 2078 1456 2135 traus-

267 2174 402 2262 pcsitis,
427 2194 466 2241 ex
490 2173 632 2241 tenebris
655 2174 710 2241 lux
737 2173 806 2242 het:
831 2173 894 2241 άτδ
917 2182 973 2249 τῆς
997 2174 1083 2241 κατά
1106 2176 1162 2251 τὴν
1192 2174 1309 2253 δμιλί
1316 2197 1360 2240 αν
1383 2173 1455 2257 τρὸς

267 2279 303 2345 σὲ
326 2279 591 2362 Ἀνδρομέδας
614 2279 771 2362 δρωμένας.

312 2384 420 2451 Minus
451 2385 566 2451 attinet
598 2385 760 2469 corrigere
785 2404 816 2471 p.
837 2387 916 2453 404.
945 2389 985 2450 17
1010 2385 1128 2466 τροοίιῦ
1150 2383 1314 2466 Λιβύσσκς
1338 2384 1381 2457 είς
1411 2383 1456 2449 δι·

267 2487 401 2558 τλάσιον
423 2490 562 2569 ὀλίγον
586 2489 815 2573 ὑπερφέρουσα,
839 2508 913 2555 cum
935 2507 1102 2575 perperam
1124 2488 1220 2575 vulgo
1240 2487 1356 2555 edatur
1381 2487 1455 2554 ίλί·

265 2617 347 2676 γον.
395 2592 471 2660 Plus
493 2592 636 2682 proderit
655 2591 859 2660 considerare
884 2613 914 2680 p.
936 2597 1011 2661 409.
1035 2599 1077 2660 tn
1102 2613 1184 2681 quae
1208 2592 1377 2679 leguntur:
1402 2598 1453 2660 νῦν

265 2703 306 2775 οῖς
329 2690 487 2779 εὖαγδρς
518 2706 581 2773 τοῖς
608 2704 668 2765 τῶν
697 2700 769 2764 θεῶν
798 2699 916 2778 βωμοῖς
939 2699 1194 2780 προσκαθήμενος.
1243 2698 1279 2764 Ρ.
1306 2702 1383 2764 411.
1410 2700 1451 2762 27

265 2807 394 2884 εὐαγεῖς
429 2803 528 2870 θυσίαι
563 2811 721 2871 scrantur
753 2812 786 2870 et
816 2823 849 2889 p.
870 2807 944 2870 411.
980 2807 1021 2869 47
1053 2804 1155 2882 εὐαγῆ
1186 2801 1274 2886 ἱερά,
1299 2811 1331 2868 at
1356 2821 1453 2869 sensu

263 2910 359 2996 longe
391 2907 519 2976 diverso
549 2928 579 2995 p.
603 2913 678 2975 410.
711 2912 754 2974 20
792 2908 906 2986 tracis
938 2905 1061 2989 τράξις.
1113 2905 1254 2973 Charicli
1286 2905 1451 2994 piaculum

264 3014 452 3099 'l'heagenes
475 3011 644 3079 admisisse
668 3011 836 3079 ridebatur
855 3031 957 3098 neque
976 3012 1093 3092 εὖαγῖμ
1114 3030 1184 3079 esse
1204 3010 1259 3079 sed
1282 3012 1453 3091 ἐναγεῖς,

265 3117 352 3207 qued
373 3127 423 3184 est
445 3137 578 3205 prorsus
601 3118 812 3184 contrarium.

298 3221 424 3289 ilicem
460 3220 576 3288 iactam
606 3221 731 3289 dachus
766 3222 843 3289 locis
879 3221 1077 3302 indicandis,
1112 3221 1230 3310 quihus
1255 3220 1453 3289 tlelicdcrus

266 3345 382 3416 parum
417 3324 594 3413 prudenter
628 3325 875 3394 Atheniensium
908 3326 1058 3414 loquendi
1090 3322 1198 3395 usum‘
1217 3328 1365 3396 imitatus
1392 3336 1452 3396 cst.

263 3428 390 3500 Norunt
412 3432 475 3496 viri
495 3428 581 3497 ducti
600 3430 680 3518 quid
700 3432 744 3497 stt
763 3431 805 3498 τά
825 3429 860 3509 ἐξ
879 3430 1037 3514 άνάράτιον
1057 3434 1163 3512 κακοὶ,
1188 3434 1221 3500 αῖ
1241 3431 1277 3510 ἐξ
1295 3433 1453 3515 άνίράτοιν

262 3539 409 3618 τληγαί,
434 3535 508 3603 sim.
557 3533 695 3622 Scripsit
714 3535 804 3603 Plato
825 3537 857 3602 in
882 3537 1055 3604 Theaeteto
1074 3559 1105 3626 p.
1127 3537 1274 3606 17οιίτδι
1293 3538 1453 3622 ἐξάνίριί·

261 3669 328 3713 τον
354 3641 537 3725 πράγματα
566 3641 764 3722 ταρίχευσιν.
813 3641 906 3729 Apud
937 3641 1128 3710 Aeschinem
1162 3651 1212 3710 est
1243 3644 1276 3708 in
1308 3644 1452 3710 oratione

262 3749 419 3819 aduersus
451 3744 660 3812 Timarchum
690 3750 775 3833 §te
806 3746 858 3813 τδν
893 3747 1094 3814 Πιττάλακον
1126 3748 1296 3829 spasmon
1326 3749 1385 3823 τὰς
1417 3748 1452 3827 ἐξ

262 3853 421 3937 άνίράτον
444 3852 585 3931 πληγάς.
632 3851 669 3917 ln
694 3851 809 3941 Lysias
832 3853 976 3919 oratioue
996 3852 1150 3919 adversus
1167 3856 1342 3939 Aguratum
1369 3856 1450 3939 §73

261 3958 394 4042 γραφάς
417 3956 476 4031 τάς
500 3957 535 4035 ἐξ
557 3956 714 4039 suspensas
738 3956 906 4040 ἐγράφετο.
955 3958 1048 4024 Tales
1077 3956 1254 4025 locutiones
1277 3979 1317 4025 ex
1340 3977 1449 4025 receu-

260 4063 399 4131 ticrihus
419 4061 573 4150 permulti
592 4070 669 4128 sunt
690 4062 829 4142 imitati,
849 4083 987 4150 quorum
1006 4062 1175 4151 plerosque
1197 4062 1282 4132 loces
1300 4062 1449 4130 collectos

260 4167 385 4237 videbis
413 4167 454 4232 ah
486 4165 728 4233 Hemsterhusic
760 4168 793 4233 in
826 4167 999 4235 Aneedctis
1030 4189 1060 4255 p.
1084 4172 1147 4235 mr
1180 4178 1211 4236 et
1232 4167 1272 4234 ah
1297 4167 1446 4257 Wytten·

256 4271 371 4341 hachio
392 4270 432 4338 ad
462 4270 546 4339 Plut.
570 4273 649 4339 Mor.
675 4273 772 4339 raud.
811 4272 898 4340 Adde
925 4272 1077 4340 Cchetum
1102 4274 1158 4360 qui
1181 4272 1305 4340 Aeliani
1338 4272 1444 4340 locum

258 4378 298 4448 dc
320 4377 394 4449 Nat.
418 4377 528 4447 Auiur.
555 4376 593 4445 x.
622 4382 659 4444 m
688 4375 869 4445 emendavit
899 4378 931 4444 iu
958 4377 1062 4446 Variis
1088 4375 1292 4448 Lectionibus
1313 4397 1343 4465 p.
1367 4381 1443 4445 541.
