3242 5014
667 346 855 397 eunomus.
1289 330 1355 397 247

170 519 251 603 γυνά
266 539 331 581 eon
346 531 472 584 rutum
489 516 653 584 εἰιάίσσάεε
671 523 878 584 commotum·
889 554 932 567 -
944 539 1031 603 quone
1050 519 1223 585 ἰσσιιάίσιιενι
1245 519 1354 583 Graeci

169 623 312 686 εσνιιισιιίι
337 622 435 686 indoti
463 623 619 687 adversari
638 645 693 688 νισι
707 622 805 708 primi
826 621 999 686 νιιοιισιιιιιε.”
1031 622 1142 709 Longe
1164 624 1247 702 dies,
1273 644 1355 710 quse

170 728 355 811 opinionum
383 732 564 792 oommente
590 726 675 793 delet
697 732 729 794 et
750 731 882 793 naturae
902 726 1022 792 iudioie
1043 726 1224 804 confirmet,
1249 728 1351 794 effeoit

169 835 208 894 ut
236 833 374 896 saniores
404 826 516 896 critici
545 850 654 897 omnes
683 834 718 897 in
739 830 878 897 Dswesii
895 833 1085 897 sententium
1107 835 1293 912 transirent,
1319 839 1352 899 et

169 933 229 1001 hoo
251 932 391 1019 emplius
412 940 593 1012 denserent,
613 954 717 1021 neque
737 955 814 1000 oum
834 934 942 1000 futuro
963 935 1128 1001 ιἰιάάεσιίσσ
1149 957 1251 1022 neque
1269 944 1350 1020 opto·

169 1039 231 1104 tivo
259 1059 363 1124 neque
391 1039 545 1111 ιἰιάιιίάσσ
572 1058 675 1125 neque
688 1039 854 1124 participio
872 1039 951 1104 ἈΝ
973 1042 1120 1125 oomponi
1140 1060 1240 1126 posse
1275 1037 1352 1107 Gee-

169 1144 232 1209 teri
257 1162 381 1229 quoque
410 1141 580 1228 sliqusndo
609 1149 684 1209 sunt
713 1145 869 1221 seouturi,
896 1163 1035 1229 nemque
1055 1145 1091 1208 in
1111 1144 1198 1209 diem
1220 1145 1353 1209 testium

169 1249 276 1335 magis
296 1249 465 1334 magisque
487 1247 631 1315 elevetur
652 1246 730 1314 fides
747 1251 968 1333 minuiturque
987 1268 1140 1314 numerus
1157 1268 1258 1334 quum
1277 1250 1353 1315 novi

170 1372 294 1437 semper
315 1350 379 1418 looi
398 1357 456 1417 eut
473 1372 514 1417 ex
531 1351 623 1419 libris
640 1352 827 1421 melioribus
845 1357 902 1418 eut
920 1357 1006 1418 oerto
1025 1349 1216 1418 Gritieorum
1233 1352 1353 1419 iuditio

169 1455 387 1523 emendentur.
421 1456 525 1523 Nemo
554 1477 639 1524 nune
669 1457 797 1524 dubitet
823 1459 902 1542 quin
922 1455 1016 1522 Pisto
1039 1455 1170 1536 γεκάσει
1193 1458 1354 1543 scripserit

169 1561 205 1626 in
232 1561 385 1639 Phaedro,
414 1566 448 1628 et
476 1563 511 1627 in
536 1562 711 1628 Phaedone:
741 1561 803 1627 οὐδ’
835 1565 1000 1627 άπισσσισῦν
1032 1563 1113 1646 (sine
1134 1560 1188 1639 άν)
1212 1585 1257 1627 σσι
1280 1564 1352 1628 {eds

169 1660 247 1731 eleas
269 1666 423 1732 σείσεσιιι.
457 1665 495 1732 In
513 1665 650 1733 Isoorste
669 1665 807 1732 Urbinas
826 1665 915 1732 dedit
932 1665 990 1742 sis
1010 1667 1073 1746 γὰρ
1092 1664 1206 1753 stupro
1226 1666 1350 1743 ἑξάσσιι,

169 1771 258 1836 etin
279 1770 386 1854 ῥᾳδίως
409 1770 561 1848 γνάσεσάε
584 1769 643 1849 άν,
666 1770 841 1836 molestum
863 1769 902 1835 άν
924 1772 1058 1837 omittit.
1092 1770 1300 1859 Tugioorum
1319 1779 1352 1837 et

169 1871 374 1941 Gomioorum
400 1873 464 1941 loei
492 1895 602 1942 omues
630 1876 665 1940 in
694 1877 860 1962 integrum
882 1877 1024 1941 restituti
1046 1881 1131 1940 eunt.
1165 1872 1353 1961 Complures

167 1977 232 2044 looi
262 1998 303 2045 ex
334 1979 516 2065 Optopseds's
546 1979 771 2056 offerebuntur,
800 1979 855 2045 md
877 2000 987 2045 omnes
1009 1978 1049 2045 ed
1071 2000 1173 2047 uuum
1192 2000 1232 2046 ex
1254 1979 1353 2047 fideli·

169 2084 279 2148 oribue
308 2084 445 2150 testibus
472 2081 655 2150 Dindorfius
684 2086 837 2161 oorrexit,
868 2084 972 2150 veluti
999 2082 1040 2149 IL
1074 2082 1104 2148 1.
1136 2082 1166 2150 3.
1200 2086 1255 2150 σιἰιι
1275 2084 1314 2150 άι
1337 2088 1353 2151 ά

169 2186 296 2269 άριάμάς
318 2211 354 2253 σε
374 2187 554 2254 άνιεάσσιντιι
577 2189 798 2269 εάΦρσινεῖ,
821 2209 906 2254 nuno
928 2191 1049 2274 optime
1071 2186 1258 2271 εὐφράνειεν.
1293 2188 1353 2256 flu·

167 2298 300 2379 potsunt
320 2298 429 2358 temen
451 2289 634 2359 etiamnuno
656 2296 690 2358 in
713 2293 823 2371 libris,
846 2314 925 2379 quos
942 2294 1098 2359 hebemus
1117 2296 1205 2360 omni
1222 2294 1351 2362 mendo

168 2418 241 2463 rum
271 2418 386 2486 genere
416 2400 612 2484 inquinatos,
644 2397 806 2483 permulto
825 2397 924 2463 huius
945 2400 1059 2463 erroris
1081 2397 1241 2483 exemplo,
1263 2419 1351 2483 pree-

168 2505 279 2569 sertim
306 2502 391 2588 opud
413 2501 636 2589 Thucydidem
658 2508 690 2568 et
711 2501 879 2568 Plutonem
903 2506 935 2568 et
957 2501 1203 2568 Dem0sthenem
1225 2507 1258 2568 et
1279 2503 1351 2569 reli·

167 2626 247 2693 quoe
275 2605 432 2672 Oratores.
466 2603 503 2672 Si
528 2608 601 2691 quie
629 2606 813 2672 meminerit
842 2627 939 2692 quem
968 2605 1083 2671 multis
1103 2606 1209 2671 modis
1229 2607 1350 2673 sorihse

168 2717 201 2777 et
230 2709 321 2776 soioli
352 2712 387 2775 in
419 2708 534 2776 vooule
567 2706 605 2774 άν
635 2729 764 2794 peoosre
793 2708 931 2786 soleant,
962 2729 1060 2795 quem
1088 2712 1263 2777 sententies
1293 2716 1350 2777 eut

167 2817 324 2882 omittunt
345 2816 402 2879 sut
422 2812 544 2881 edduut
565 2814 604 2879 de
622 2834 680 2879 suo
702 2818 758 2879 sut
780 2815 815 2878 in
838 2821 896 2879 ΔΗ
919 2818 1048 2880 mutent
1070 2812 1136 2895 (sel
1157 2818 1266 2881 oontm
1290 2824 1348 2880 ΔΗ

166 2921 202 2985 in
227 2918 317 3005 ”AN)
350 2921 408 2983 sut
436 2919 471 2981 in
494 2916 557 2982 ’ΛΡ
582 2917 732 3003 denique:
756 2920 784 2983 si
806 2921 878 3003 quis
895 2919 930 2984 id
951 2919 1036 3004 epud
1057 2924 1166 3004 podtee
1187 2924 1220 2986 et
1242 2925 1351 2987 oontrs

166 3026 263 3090 metri
307 3020 517 3100 σιιάσινάγιινν
554 3025 731 3089 sententies
765 3023 887 3088 foetum
918 3042 986 3088 esse
1014 3023 1275 3092 animadverterit
1304 3030 1351 3106 (et

166 3127 250 3194 nihil
271 3129 333 3194 erit
354 3129 389 3193 in
408 3147 447 3194 es
467 3147 502 3193 re
522 3129 700 3193 iunioribus
721 3126 836 3193 utilius
857 3146 955 3212 quem
973 3129 1008 3193 in
1025 3128 1237 3214 Aristophane
1253 3131 1349 3215 serip-

165 3238 254 3301 tuas
280 3229 407 3300 Oodiois
435 3231 630 3299 Revenmtis
659 3252 735 3298 eum
765 3231 958 3299 editionibus
987 3235 1103 3299 nostrie
1125 3233 1349 3315 contempsi

166 3340 239 3424 quie
266 3358 306 3405 es
333 3338 460 3417 feeerit,
489 3339 636 3424 iuquam,
662 3343 719 3405 sut
740 3338 809 3422 ipse
831 3335 969 3421 reliquus
991 3337 1223 3404 eiusdemmodi
1244 3337 1350 3404 eordes

166 3461 207 3507 ex
227 3443 434 3527 seriptoribus
455 3443 574 3508 Attiois
595 3441 700 3520 eluet,
722 3446 781 3508 eut
796 3440 870 3507 eliis
886 3446 971 3507 reete
988 3442 1191 3507 mouentibus
1214 3442 1349 3528 parebit

167 3541 230 3613 Oui
257 3546 358 3615 semel
385 3544 520 3612 firmiter
548 3546 706 3613 oonstsbit
734 3545 773 3611 άν
802 3566 878 3611 oum
898 3544 1007 3612 futuro
1028 3548 1176 3611 iunotum
1196 3565 1260 3612 non
1282 3566 1349 3613 esse

165 3650 201 3715 in
229 3670 338 3716 rerum
358 3656 473 3718 nature
494 3649 549 3716 sed
569 3656 751 3718 monstrum
772 3670 840 3715 esse
862 3670 898 3715 eo
918 3655 1118 3736 portentum,
1147 3650 1270 3716 desinet
1297 3664 1347 3716 ιιι·

165 3764 332 3832 σσελιγεῖν
354 3754 420 3836 (vel
441 3758 549 3841 potius
572 3755 695 3821 desinet
715 3756 844 3842 nugari)
867 3753 944 3838 quid
962 3756 1088 3819 intersit
1106 3751 1350 3829 interitdsstet

166 3857 269 3936 άξέςσιι
292 3859 350 3936 άν,
373 3862 458 3925 inter
480 3860 630 3939 γνάσεσάε
654 3864 687 3927 et
708 3858 860 3936 γνώσεσθε
883 3855 931 3922 άν.
958 3859 1071 3935 „Aseb
1089 3858 1136 3922 tei
1158 3858 1222 3922 dent
1240 3858 1348 3922 Fistur.

165 3964 266 4029 Isds‘e.
287 3966 365 4029 steht
384 3965 526 4030 σιιιισίῐσνι
545 3962 583 4029 άν
605 3963 797 4051 (inquiunt),
815 3985 865 4027 ιισι
882 3964 955 4037 das,
975 3984 1035 4026 νισι
1052 3964 1108 4027 dae
1125 3962 1234 4027 Fater.
1253 3963 1349 4027 aldoin

165 4071 213 4135 als
234 4070 402 4136 bestimmt
424 4060 596 4157 sukdnitig
616 4069 777 4133 dorttetten
795 4068 908 4145 ισάεάσ,
928 4067 976 4131 sle
993 4067 1070 4132 dloes
1086 4073 1181 4132 unter
1199 4067 1350 4133 Umstin·

164 4174 226 4241 den
257 4176 430 4262 nukiinttig
459 4176 506 4239 ao
534 4174 611 4238 bloet
637 4171 899 4238 wehrsoheinlioh
928 4194 966 4237 su
996 4171 1195 4238 testeus?
1236 4171 1348 4257 Iteque

165 4278 298 4358 γελάσει
330 4286 378 4346 eet
406 4280 527 4344 ridebis.
555 4284 665 4342 eertum
687 4285 738 4343 est.
763 4277 891 4354 ridetis,
915 4277 970 4344 eod
993 4275 1124 4357 γελάσει
1147 4275 1187 4342 άν
1210 4283 1258 4343 est
1272 4277 1350 4360 fieri

159 4392 257 4469 potent
277 4393 312 4450 st
334 4385 434 4449 rideas
441 4432 449 4461 ,
464 4386 603 4468 sortasse
625 4382 753 4446 ridebis:
776 4381 845 4455 isos
868 4381 906 4446 άν
926 4381 1108 4460 γελάσειας.
1144 4382 1216 4450 Non
1237 4383 1351 4449 stimet
