3340 5014
252 363 316 428 100
744 383 947 432 uicesimum

246 554 341 636 ῖτορεῖ
357 548 518 634 Κρατερός.
566 550 619 619 Sic
652 560 702 618 est
724 550 810 638 apud
835 551 941 621 Schul.
966 552 1065 620 Arist.
1092 553 1172 621 Boo.
1197 555 1445 637 atoariense

245 656 396 742 Κρατερὸς
421 659 451 722 ἑν
474 665 513 740 τῇ
537 668 706 742 σοναγοιγῖη
730 665 788 725 τῶν
810 658 1047 742 ψηφισμάτων,
1072 667 1104 727 ei
1127 658 1168 726 ad
1189 660 1246 728 du.
1273 664 1370 727 1037.
1385 684 1440 726 κα·

248 764 343 849 idom
368 765 516 847 Κρατερὸς
541 766 641 846 tropei.
677 764 744 831 lum
765 767 873 832 omnia
897 773 975 832 suut
996 767 1089 855 plena
1110 776 1141 833 et
1166 768 1347 854 perspicua.
1371 766 1439 833 Non

248 871 480 959 Harpocration
500 879 595 956 negat
615 870 648 938 id
667 869 788 937 dixisse
810 891 1023 959 quemquam,
1047 870 1102 939 sed
1114 871 1267 939 Craterus
1286 869 1441 938 historiae

249 977 374 1045 Atticae
399 974 531 1043 sedulus
559 984 592 1043 et
625 977 764 1064 impiger
795 978 964 1065 indagator
988 986 1020 1045 et
1044 978 1077 1044 io
1103 977 1337 1045 historicorum
1363 978 1441 1044 scri·

251 1084 315 1172 ptis
338 1072 450 1149 diuet
473 1082 612 1149 multum
639 1092 796 1151 versatus.

293 1187 402 1275 Neque
427 1197 533 1255 tamen
559 1190 591 1254 in
616 1190 762 1255 animum
797 1208 927 1276 possum
961 1186 1115 1257 iuducere
1146 1188 1287 1257 Neaerae
1311 1209 1442 1257 accusa·

249 1305 369 1372 torem,
394 1311 489 1379 quem
516 1301 551 1360 ut
571 1315 632 1361 non
657 1314 728 1362 csse
747 1295 994 1362 Demosthenem
1018 1295 1174 1372 concedo,
1192 1295 1236 1362 ita
1258 1295 1442 1363 Demosthe·

246 1401 299 1467 nis
324 1398 508 1487 popularem
530 1419 600 1466 esse
614 1409 647 1467 et
667 1400 833 1488 aequalem
855 1401 935 1468 satis
954 1400 1038 1487 apud
1053 1421 1105 1469 me
1117 1408 1243 1467 constat
1255 1451 1265 1478 .
1278 1401 1441 1469 oculatum

248 1514 361 1573 testem
399 1525 456 1571 nos
491 1503 600 1573 iallere
631 1505 686 1572 uhi
719 1506 832 1573 scribit
871 1529 903 1593 p.
931 1511 1028 1574 1377.
1064 1514 1231 1583 nonencorte
1264 1505 1348 1586 uduo
1384 1513 1444 1574 τῶν

246 1612 401 1689 Ἑλλήνων
432 1614 507 1691 ημῖν
538 1612 708 1692 ἐβοήθησαν
738 1612 961 1696 Μαραθῶνάδε.
986 1650 1026 1663 -
1054 1613 1106 1679 καί
1140 1608 1185 1678 ίτι
1219 1612 1271 1678 καί
1304 1616 1355 1679 νῦν
1385 1621 1442 1689 τῆς

247 1716 457 1802 ἀνδραγαθίας
489 1721 590 1785 αὐτῶν
621 1719 833 1798 ὑπομνήματα
858 1721 875 1795 η
899 1720 929 1785 ἐν
960 1728 1000 1802 τη
1027 1717 1154 1800 Ποικίλη
1177 1726 1235 1804 τοᾷ
1258 1720 1370 1802 γραφη
1395 1719 1442 1786 δι·

248 1825 394 1902 δηλωκεν·
419 1825 459 1896 οῖς
472 1820 581 1898 ἕκαςος
601 1824 665 1905 γδορ
683 1824 803 1905 τοίχους
821 1821 909 1908 εἶχεν
929 1826 1014 1899 εὐθὺς
1031 1824 1221 1907 προσβοηθῶν
1236 1825 1439 1907 γέγραπται,

246 1934 272 1997 οῖ
296 1931 356 2003 τας
380 1933 473 2005 κανοῖς
493 1930 553 2005 τὰς
573 1932 717 2004 Βοιωτίας
736 1930 882 2015 ἔχοντες,
909 1940 973 1998 tam
997 1929 1089 2020 plane
1108 1940 1251 2017 arguunt
1274 1930 1439 1998 oculatum

247 2045 362 2103 testem
393 2034 433 2102 de
466 2054 500 2102 re
534 2036 684 2102 omnihus
719 2045 793 2103 nota
824 2037 1001 2115 dicentem,
1034 2046 1070 2104 ut
1095 2057 1147 2104 mc
1169 2037 1300 2124 quidem
1325 2046 1439 2105 contra

247 2141 386 2208 dicentis
417 2141 541 2208 Crateri
572 2144 750 2209 auctoritas
782 2144 861 2211 nihil
894 2152 1035 2220 moveat,
1068 2144 1257 2232 praesertim
1282 2164 1382 2232 quum
1406 2145 1437 2212 ei

246 2266 406 2337 opponere
426 2246 522 2314 liceat
546 2247 710 2316 oculatum
735 2259 849 2318 testem
875 2249 1066 2316 Pausaniam
1087 2250 1111 2316 l.
1135 2255 1185 2316 ro.
1208 2254 1240 2316 2.
1261 2251 1317 2337 qui
1332 2271 1443 2319 omnes

246 2355 277 2420 ἐν
297 2363 335 2438 τῇ
352 2354 480 2439 Ποικίλη
498 2361 557 2440 copi
575 2356 718 2442 picturas
735 2356 906 2443 descripsit
925 2364 957 2422 et
972 2359 990 2440 §
1008 2361 1038 2423 ὅ.
1060 2362 1234 2422 τελευταῖοι
1254 2356 1305 2434 δέ,
1319 2358 1442 2444 inquit,

247 2469 302 2537 τῆς
326 2465 453 2543 γραφῆς
473 2462 548 2527 εἰσὶν
572 2464 598 2528 oi
618 2462 837 2544 μαχεσάμενοι
858 2462 1037 2544 Μαραθῶνι.
1074 2468 1207 2528 Βοιατῶν
1226 2463 1253 2528 ol
1273 2462 1443 2530 Πλάταιαν

248 2565 372 2649 ἔχοντες
396 2566 449 2632 καί
474 2563 542 2633 ὅσον
566 2566 600 2645 ἦν
623 2570 766 2635 Ἀττικδν
789 2567 871 2635 ίασιν
897 2570 928 2641 ἐς
951 2575 1061 2650 χεῖρας
1084 2576 1148 2643 τοῖς
1166 2566 1348 2651 βαρβάροις.
1382 2568 1443 2635 iii-

248 2672 375 2739 rahitur
403 2671 538 2740 fortasse
569 2673 687 2760 aliquis
719 2673 846 2761 longam
872 2674 957 2741 diem
980 2694 1042 2741 nou
1069 2673 1208 2741 mudum
1233 2673 1273 2741 de
1298 2675 1444 2761 picturae

247 2780 366 2845 veteris
397 2777 502 2845 colore
535 2778 733 2860 detraxisse,
766 2780 823 2847 sed
853 2780 965 2848 audiat
997 2778 1207 2847 Plutarchum
1232 2781 1265 2845 in
1301 2779 1444 2847 Aristide

251 2904 320 2972 cap.
343 2888 397 2950 00.
424 2895 492 2971 post
518 2885 685 2952 victoriam
713 2886 946 2963 Plataeeuscru‚
973 2887 1096 2973 inquit,
1120 2883 1236 2964 ἐξεῖλον
1257 2888 1444 2966 ὀγδοήκοντα

246 2990 394 3058 τοίλαντα
424 2998 487 3065 τοῖς
520 2997 733 3059 Πλαταιεῦσιν
763 2996 824 3076 ἀφ’
859 2990 897 3059 ὧν
926 2995 962 3059 τδ
992 2999 1048 3069 τῆς
1081 2993 1213 3068 Ἀίηνῖις
1246 2991 1444 3076 ᾠκοδόμησαν

248 3097 323 3179 ίερδν
342 3097 394 3163 καί
414 3097 449 3162 τδ
468 3094 531 3171 ἕδος
546 3096 659 3173 ἔτησαν
680 3098 732 3163 καί
754 3105 941 3183 γραφαῖς
961 3102 1024 3167 τδν
1047 3099 1135 3165 νεῖον
1157 3099 1442 3178 διεκόσμησαν,

248 3198 283 3270 σῖ
298 3212 431 3270 Mexm
448 3211 539 3270 Naro
564 3214 845 3272 oumozorcor
862 3205 1063 3286 διαμένουσιν.
1098 3202 1326 3273 Viditeasdcrn
1340 3206 1443 3294 pictu-

250 3329 303 3375 ras
340 3307 477 3375 Plataeis
509 3310 540 3376 in
578 3309 655 3377 aede
687 3310 847 3379 hlineruae
879 3311 1038 3379 Martialis
1070 3312 1215 3400 (Ἂίηνῖος
1246 3312 1385 3402 Ἀρείας)
1411 3320 1444 3379 et

249 3416 422 3502 descripsit
447 3416 621 3482 Pausanias
644 3416 699 3482 lx.
726 3421 756 3484 l.
783 3422 821 3498 2,
847 3419 902 3505 qrri
929 3417 1097 3508 Polygnoti
1122 3417 1231 3484 Thasii
1257 3419 1392 3507 pictoris
1410 3428 1444 3487 ct

251 3520 387 3590 Onesiae
412 3521 524 3607 Argiui
547 3542 618 3589 esse
643 3531 764 3589 narrat.
803 3521 892 3590 ldeur
917 3524 1113 3614 Polygnotus
1133 3523 1269 3592 Athenis
1291 3527 1347 3602 την
1369 3537 1444 3594 Ποι-

249 3628 338 3704 κίλην
367 3630 441 3699 τοῖιν
472 3629 639 3716 pinxerat,
670 3638 750 3695 teste
779 3629 1031 3718 Harpocratione
1063 3652 1092 3696 u.
1125 3630 1339 3710 Πολύγνωτος.
1387 3632 1445 3698 llis

252 3736 354 3823 igitur
378 3734 514 3801 testibus
540 3735 588 3801 usi
609 3734 737 3801 Cunnum
757 3735 977 3804 testimonium
997 3757 1082 3804 nunc
1099 3736 1230 3825 quidem
1248 3738 1444 3807 reiicicmus.

252 4001 256 4006 .
297 3946 389 4035 Apud
422 3947 705 4035 Harpocratioucm
741 3968 767 4013 ι.
799 3948 991 4017 Ναυτοδίκαι
1022 3949 1147 4019 editur:
1173 3951 1322 4035 Κρατερὸς
1346 3953 1377 4017 ἐν
1400 3954 1444 4035 τῷ

251 4053 390 4138 τοτιίρτιρ
412 4061 471 4121 τῶν
493 4053 709 4139 ψηφισμάτων
733 4055 844 4135 φησίν·

298 4161 375 4227 ’Eira
397 4160 429 4227 δέ
450 4185 498 4234 τις
522 4158 556 4238 ἐξ
578 4164 700 4245 ἀμφοῖν
722 4158 823 4238 ξένοιν,
839 4166 972 4242 γεγονδις
996 4162 1149 4247 φρατρίζη
1172 4161 1286 4231 διώκειν
1308 4160 1385 4231 είναι
1401 4166 1445 4247 τῷ

252 4264 429 4349 βουλομένῳ
452 4266 620 4343 Ἀθηναίαν
649 4262 693 4341 οίς
714 4267 797 4334 δίκαι
821 4270 898 4346 εἰσί,
923 4268 1101 4353 λαγχιίνειν
1125 4268 1156 4335 δὲ
1179 4278 1218 4352 τῇ
1243 4266 1292 4354 ἕνη
1314 4270 1366 4336 καί
1391 4270 1445 4357 rip

253 4375 325 4458 τρδς
348 4373 419 4446 τοὺς
441 4370 650 4447 Ναντοδίιιας.

298 4478 443 4548 Primum
470 4476 669 4549 restituenda
693 4485 770 4544 sum
794 4476 889 4547 rerba
913 4479 1067 4551 solemnia
1091 4482 1134 4566 τῷ
1149 4480 1327 4567 βουλομένῳ
1351 4483 1443 4561 ’Adn-
