3340 5014
292 379 355 441 108
780 395 979 444 urscrnmnm

287 562 427 630 nationis
471 583 606 652 usquam
650 564 847 632 montionem
882 562 1040 631 iecerint?
1075 563 1127 632 clo
1164 563 1222 644 μὲν
1257 561 1479 646 έξοςρανιομδν

287 670 528 751 παρατίθενται,
553 672 721 748 καταδίκης
741 672 773 738 δὲ
792 671 937 748 τοιαύτης
958 670 1093 750 οὐδαμοῦ
1112 671 1359 750 μνημονεύουσιν.
1391 668 1476 752 Quid

287 776 426 842 miruml
463 777 569 864 Longa
589 776 657 844 dies
676 787 709 845 et
725 798 803 844 nora
822 777 908 844 lama
930 797 998 844 rem
1024 775 1138 864 popolo
1159 778 1319 864 ingratam
1333 776 1478 844 occulta·

286 891 392 959 verat,
405 890 436 949 ct
449 882 569 970 absque
581 884 712 951 Cratero
730 884 846 951 luisset
865 904 960 951 nemo
979 903 1132 970 umquam
1156 881 1195 950 de
1214 903 1252 950 ea
1272 904 1307 950 re
1330 884 1479 950 scivisset

286 987 474 1076 quidquam.
522 989 703 1057 Habeamus
742 991 843 1076 igitur
876 992 903 1057 ol
934 993 1119 1075 φιλυοιηθεῑς
1159 989 1242 1056 hanc
1283 992 1413 1057 Cratero
1444 997 1479 1057 et

286 1093 459 1162 Plutarcho
488 1097 640 1181 gratiam.
688 1093 751 1163 Sed
782 1104 829 1163 est
861 1115 975 1182 operae
1008 1097 1147 1183 pretium
1182 1094 1345 1162 Plutarchi
1370 1096 1476 1162 locum

286 1202 404 1267 iterum
430 1199 604 1287 diligenter
625 1202 829 1269 considerare
852 1211 884 1268 ct
908 1222 981 1269 cum
1009 1200 1232 1269 Demosthenis
1259 1203 1326 1268 loco
1348 1203 1381 1267 in
1395 1201 1477 1289 dep-

285 1308 369 1374 tineo
391 1326 592 1395 componere.
641 1308 805 1376 Plutarchi
830 1308 908 1376 baec
933 1307 1027 1375 rerba
1052 1318 1130 1375 sunt
1155 1307 1299 1397 (Aristid.
1324 1309 1476 1396 captll:

285 1413 337 1480 καί
362 1414 422 1489 τάς
445 1415 503 1494 μέν
535 1414 708 1498 θυγατέρας
741 1417 886 1497 ίςοροῦαιν
909 1415 944 1482 ἐκ
967 1419 1021 1481 τοῦ
1043 1414 1223 1497 πρυτανείου
1245 1423 1309 1486 τοῖς
1332 1416 1476 1499 νυμφίοις

285 1520 438 1595 ἐκδοθῆναι
469 1520 602 1607 δημοτίρο
631 1531 687 1598 τῆς
719 1520 836 1594 πόλεως
868 1524 921 1588 τθν
950 1519 1056 1599 γάρον
1087 1520 1248 1600 ἐγγυώσης
1280 1522 1333 1588 καί
1365 1530 1476 1604 προῖιοα

285 1628 463 1710 τρισχιλίας
488 1628 636 1709 δραχμάς
670 1626 802 1712 ἓνατέρρι
833 1627 1074 1711 ψηφισαμένης,
1103 1625 1282 1710 Λυσιμάχῳ
1305 1629 1338 1694 δέ
1359 1631 1402 1711 τῷ
1422 1629 1475 1711 υἱῷ

285 1738 368 1815 μνάς
392 1735 448 1815 μέν
473 1734 583 1801 ἐκατθν
607 1734 749 1817 άργυρίου
773 1734 825 1799 καί
849 1738 1074 1813 rheumatica
1097 1735 1216 1816 πλέθρα
1239 1733 1477 1817 πεφυτευμένης

286 1839 393 1907 ἔδυνεν
416 1841 431 1906 θ
454 1840 573 1920 δῆμος,
606 1838 711 1914 άλλας
742 1839 774 1906 δέ
797 1840 946 1923 δραχμάς
970 1841 1126 1923 τέτταρας
1155 1841 1198 1915 εἷς
1222 1840 1339 1922 ἡμέραν
1362 1840 1477 1917 έκάςην

287 1944 445 2025 άπέταξεν
475 1946 679 2027 Ἀλκιβιάδου
709 1948 744 2014 τδ
774 1950 932 2031 ψήφισμα
955 1945 1148 2028 γράψαντος.
1195 1946 1232 2012 ln
1259 1945 1413 2033 hisquae
1436 1944 1477 2012 de

288 2052 414 2119 filiabus
437 2051 590 2119 Aristidis
603 2051 729 2140 publice
752 2052 884 2120 elocatis
900 2053 1032 2139 scripsit
1050 2061 1181 2119 secutus
1194 2061 1242 2118 cst
1258 2050 1377 2118 lamam
1390 2050 1477 2139 apud

288 2160 513 2246 nescioquem
538 2159 728 2246 scriptorem
755 2158 930 2247 proditam;
952 2161 1117 2242 ίςοροῦαιν,
1143 2159 1266 2247 inquit:
1291 2167 1323 2227 et
1347 2168 1417 2226 erat
1438 2177 1477 2225 ea

287 2266 372 2333 lama
396 2263 481 2353 apud
507 2266 698 2353 posteriores
721 2264 851 2352 quidem
877 2263 1053 2331 multorum
1086 2266 1280 2332 testimoniis
1304 2263 1476 2332 celebrata.

289 2372 375 2441 Satis
397 2382 447 2439 est
469 2371 583 2439 audire
607 2370 799 2440 Aeschinem
824 2373 856 2437 in
885 2370 1098 2459 ctesiphonten
1123 2374 1141 2458 ς
1169 2375 1247 2438 257.
1281 2369 1475 2451 ὑπολαμβά·

287 2502 355 2548 νετε
377 2479 447 2563 θροῖν
458 2518 502 2530 -—
513 2483 566 2547 τθν
584 2481 752 2564 Ἀριςείδην
771 2482 823 2547 τδν
846 2479 916 2554 τοὺς
933 2480 1044 2563 φθρους
1062 2476 1207 2556 τάξαντα
1226 2485 1289 2553 τοῖς
1306 2478 1477 2557 Ἕλλησιν,

286 2584 329 2654 οὗ
356 2588 685 2664 τελευτήσαντος
715 2587 792 2662 τάς
824 2585 1052 2667 θυγατέρας
1084 2582 1274 2662 ἐξέδωκεν
1298 2586 1312 2651 θ
1336 2585 1476 2665 δῆμος,

287 2714 369 2781 quae
394 2691 526 2780 perinde
558 2691 636 2759 laisa
667 2700 699 2758 et
732 2692 805 2759 licto
839 2701 914 2758 sunt
939 2701 1036 2778 atque
1059 2711 1095 2757 ea
1122 2711 1204 2778 quae
1228 2690 1401 2758 abeodem
1429 2692 1476 2780 (ln

289 2800 446 2866 Timoreb.
474 2803 490 2885 §
520 2800 597 2888 173)
621 2798 829 2866 de‘Socratis
853 2798 974 2864 iudicio
994 2808 1185 2864 narrantur:
1211 2799 1320 2877 ὑμεῖς,
1347 2793 1477 2874 ὦἈθη-

285 2913 383 2985 ναῖοι,
408 2904 575 2988 Σωκράτην
597 2905 649 2970 τδν
681 2907 811 2989 αοφιςίρν
843 2905 1049 2972 άπεκτείνατο
1077 2899 1123 2970 ὅτι
1148 2904 1273 2984 Κριτίαν
1294 2903 1395 2988 έφάνη
1419 2928 1478 2969 πε·

286 3011 456 3084 παιδευτάς
475 3007 530 3077 ἕνα
550 3017 609 3077 τῶν
628 3009 805 3091 τριάκοντα.
834 3011 1072 3078 Praetericrant
1092 3019 1161 3097 post
1184 3018 1319 3076 mortem
1335 3008 1478 3076 Socratis

286 3118 363 3186 anni
387 3117 623 3204 quinquaginta
648 3125 680 3182 et
706 3116 812 3203 paullo
835 3115 974 3204 amplius
997 3136 1097 3202 quum
1124 3114 1203 3183 hacc
1227 3114 1336 3182 lahnla
1359 3136 1418 3203 pro
1442 3136 1478 3183 re

285 3225 466 3292 certissima
493 3224 524 3288 in
543 3221 663 3289 iudicio
684 3233 898 3303 narraretur,
920 3229 953 3289 ct
975 3223 1133 3288 miremur
1153 3220 1339 3288 ntendacem
1357 3222 1476 3290 lamam

286 3328 490 3397 circumferri
516 3330 586 3395 eius
613 3328 680 3406 rei,
702 3349 784 3415 quae
805 3338 879 3396 ante
898 3348 999 3396 annos
1018 3327 1119 3394 lerme
1138 3340 1269 3394 centum
1286 3338 1316 3394 ct
1340 3328 1477 3413 triginta

286 3445 358 3503 aeta
381 3440 476 3501 esset.
524 3433 663 3501 Fabulae
687 3444 775 3501 sunt.
824 3433 915 3518 Quod
936 3444 1044 3501 autem
1070 3432 1109 3499 de
1129 3433 1341 3523 Lysimacho,
1363 3435 1477 3501 bristi·

285 3541 336 3608 dis
360 3539 444 3620 lilio,
471 3537 664 3607 Plutarchus
686 3540 796 3608 retulit
820 3542 937 3608 nititur
956 3549 1043 3607 certa
1066 3539 1127 3607 lide
1147 3539 1331 3607 documenti
1345 3539 1476 3629 publici:

285 3647 394 3714 ἔδυνεν
425 3647 439 3712 θ
469 3647 631 3727 δῆμος-
663 3644 866 3727 Ἀλκιβιάδου
896 3646 932 3713 τδ
962 3648 1120 3730 φηφιτμα
1151 3646 1346 3729 γράψαντος.
1396 3645 1477 3714 titud

286 3754 390 3841 ipsum
424 3750 597 3818 Alcibiadis
624 3752 781 3837 φηφιτμα
813 3752 947 3841 protulit
980 3761 1012 3819 et
1038 3751 1200 3820 iudicibus
1224 3753 1357 3820 recitari
1381 3753 1478 3820 iussit

255 3846 259 3851 ⁵
286 3858 517 3928 llernostbenes
540 3861 573 3925 in
595 3858 746 3945 Leptinen
768 3879 840 3947 pag.
859 3862 941 3937 tet,
963 3862 1016 3925 26.
1043 3857 1173 3925 [licebat
1197 3858 1348 3946 Leptines
1373 3856 1477 3945 »apud

284 3969 424 4033 maiores
458 3976 584 4033 nostros
618 3985 678 4032 non
708 3974 801 4032 erant
834 3965 894 4030 ista
926 3965 1068 4052 praemia
1102 3984 1205 4052 neque
1226 3964 1279 4031 isti
1305 3964 1477 4032 honores.”

285 4071 466 4160 Respondet
492 4071 736 4139 Demosthenes:
762 4075 779 4148 ἦ
805 4070 895 4145 πίοις
919 4073 1002 4152 ἡμῶν
1024 4071 1118 4150 ἐτίμα
1137 4072 1190 4137 καί
1211 4072 1283 4138 τθτε
1302 4071 1373 4146 τοὺς
1393 4073 1478 4150 άγα·

286 4179 351 4253 θοθς
376 4177 431 4244 sed
456 4177 518 4243 alio
551 4177 643 4244 modo
675 4185 706 4244 ct
738 4175 833 4244 allent
862 4175 1064 4265 exentplum:
1090 4175 1271 4260 Λυσιμάχῳ
1300 4176 1412 4260 δωρεάν
1437 4177 1478 4243 ἑνί

284 4291 343 4352 τῶν
367 4284 437 4350 τότε
460 4285 620 4366 χρησίμων
644 4283 753 4350 ἑκατὸν
775 4285 833 4363 μέν
856 4283 886 4349 έν
909 4283 1031 4369 Εὐβοία
1055 4282 1172 4364 πλέθρα
1195 4292 1257 4363 γῆς
1280 4282 1477 4367 πεφυτευμέ·

286 4418 337 4470 νης
369 4390 495 4468 ἔδοσαν,
530 4389 640 4457 ἕνατδν
671 4391 703 4457 δὲ
734 4395 851 4471 ψιλῆς,
885 4387 930 4454 ἔτι
954 4389 985 4456 δέ
1015 4387 1157 4472 άργυρίου
1181 4392 1263 4468 μνάς
1288 4390 1401 4457 ἑαυτὸν
1422 4388 1477 4457 καί

285 4499 438 4586 τέτταρας
462 4505 519 4574 τῆς
550 4496 664 4579 ἡμέρας
696 4493 863 4578 δραχμάς.
889 4495 941 4562 nn>
965 4493 1046 4585 (περὶ
1071 4492 1158 4583 add.)
1181 4495 1297 4562 τούτων
1320 4492 1478 4583 ψήφισμά
