<?xml version="1.0" encoding="UTF-8"?>
<!DOCTYPE html PUBLIC "-//W3C//DTD XHTML 1.0 Transitional//EN"
    "http://www.w3.org/TR/xhtml1/DTD/xhtml1-transitional.dtd">
<html xmlns="http://www.w3.org/1999/xhtml" xml:lang="en" lang="en">
 <head>
  <title>
</title>
<meta http-equiv="Content-Type" content="text/html;charset=utf-8" />
  <meta name='ocr-system' content='tesseract 3.04.00' />
  <meta name='ocr-capabilities' content='ocr_page ocr_carea ocr_par ocr_line ocrx_word'/>
</head>
<body>
  <div class='ocr_page' id='page_1' title='image "./mnemosynebiblio00servgoog_0430.png"; bbox 0 0 3296 5022; ppageno 0'>
   <div class='ocr_carea' id='block_1_1' title="bbox 622 354 1386 423">
    <p class='ocr_par' dir='ltr' id='par_1_1' title="bbox 622 354 1386 423">
     <span class='ocr_line' id='line_1_1' title="bbox 622 354 1386 423; baseline -0.004 -3"><span class='ocrx_word' id='word_1_1' title='bbox 622 375 820 423; x_wconf 74' lang='lat' dir='ltr'><strong>coniectione</strong></span> <span class='ocrx_word' id='word_1_2' title='bbox 845 375 961 421; x_wconf 76' lang='lat' dir='ltr'><strong>nortun.</strong></span> <span class='ocrx_word' id='word_1_3' title='bbox 1321 354 1386 417; x_wconf 78' lang='lat' dir='ltr'><strong>tte</strong></span> 
     </span>
    </p>
   </div>
   <div class='ocr_carea' id='block_1_2' title="bbox 198 537 1467 3981">
    <p class='ocr_par' dir='ltr' id='par_1_2' title="bbox 198 537 1387 2097">
     <span class='ocr_line' id='line_1_2' title="bbox 198 537 1387 628; baseline 0.003 -26"><span class='ocrx_word' id='word_1_4' title='bbox 198 537 259 604; x_wconf 78' lang='lat' dir='ltr'><strong>nnis</strong></span> <span class='ocrx_word' id='word_1_5' title='bbox 290 538 396 606; x_wconf 90' lang='lat' dir='ltr'><strong>dictus</strong></span> <span class='ocrx_word' id='word_1_6' title='bbox 432 541 558 608; x_wconf 84' lang='lat' dir='ltr'><strong>videtur</strong></span> <span class='ocrx_word' id='word_1_7' title='bbox 582 562 612 608; x_wconf 85' lang='lat' dir='ltr'><strong>er</strong></span> <span class='ocrx_word' id='word_1_8' title='bbox 637 541 815 628; x_wconf 81' lang='lat' dir='ltr'><strong>praeferri,</strong></span> <span class='ocrx_word' id='word_1_9' title='bbox 842 540 927 608; x_wconf 84' lang='lat' dir='ltr'><strong>houd</strong></span> <span class='ocrx_word' id='word_1_10' title='bbox 952 560 1045 608; x_wconf 88' lang='lat' dir='ltr'><strong>secus</strong></span> <span class='ocrx_word' id='word_1_11' title='bbox 1068 559 1166 627; x_wconf 89' lang='lat' dir='ltr'><strong>quum</strong></span> <span class='ocrx_word' id='word_1_12' title='bbox 1192 537 1330 625; x_wconf 73' lang='lat' dir='ltr'><strong>Rhipeus</strong></span> <span class='ocrx_word' id='word_1_13' title='bbox 1353 546 1387 606; x_wconf 90' lang='lat' dir='ltr'><strong>et</strong></span> 
     </span>
     <span class='ocr_line' id='line_1_3' title="bbox 199 642 1387 733; baseline 0 -23"><span class='ocrx_word' id='word_1_14' title='bbox 199 642 341 711; x_wconf 75' lang='lat' dir='ltr'><em>Panthus</em></span> <span class='ocrx_word' id='word_1_15' title='bbox 373 665 418 712; x_wconf 85' lang='lat' dir='ltr'><strong>vs.</strong></span> <span class='ocrx_word' id='word_1_16' title='bbox 452 649 517 713; x_wconf 76' lang='lat'><strong>426</strong></span> <span class='ocrx_word' id='word_1_17' title='bbox 540 667 610 733; x_wconf 87' lang='lat' dir='ltr'><strong>sqq.</strong></span> <span class='ocrx_word' id='word_1_18' title='bbox 647 647 734 713; x_wconf 85' lang='lat' dir='ltr'><strong>llaec</strong></span> <span class='ocrx_word' id='word_1_19' title='bbox 759 648 860 732; x_wconf 81' lang='lat' dir='ltr'><strong>igitur</strong></span> <span class='ocrx_word' id='word_1_20' title='bbox 883 666 935 713; x_wconf 87' lang='lat' dir='ltr'><strong>me</strong></span> <span class='ocrx_word' id='word_1_21' title='bbox 958 665 1057 713; x_wconf 86' lang='lat' dir='ltr'><strong>causa</strong></span> <span class='ocrx_word' id='word_1_22' title='bbox 1080 642 1227 731; x_wconf 84' lang='lat' dir='ltr'><strong>impulit,</strong></span> <span class='ocrx_word' id='word_1_23' title='bbox 1251 652 1286 710; x_wconf 92' lang='lat' dir='ltr'><strong>ut</strong></span> <span class='ocrx_word' id='word_1_24' title='bbox 1309 663 1387 711; x_wconf 90' lang='lat' dir='ltr'><strong>con·</strong></span> 
     </span>
     <span class='ocr_line' id='line_1_4' title="bbox 198 749 351 817; baseline 0.033 -5"><span class='ocrx_word' id='word_1_25' title='bbox 198 749 351 817; x_wconf 81' lang='lat' dir='ltr'><strong>licerem:</strong></span> 
     </span>
     <span class='ocr_line' id='line_1_5' title="bbox 289 853 1319 944; baseline -0.002 -24"><span class='ocrx_word' id='word_1_26' title='bbox 289 853 354 920; x_wconf 84' lang='lat' dir='ltr'><strong>llos</strong></span> <span class='ocrx_word' id='word_1_27' title='bbox 379 855 522 943; x_wconf 84' lang='lat' dir='ltr'><strong>llhipeus</strong></span> <span class='ocrx_word' id='word_1_28' title='bbox 545 855 750 944; x_wconf 75' lang='lat' dir='ltr'><strong><em>Hypanisque</em></strong></span> <span class='ocrx_word' id='word_1_29' title='bbox 772 856 953 943; x_wconf 74' lang='lat' dir='ltr'><strong><em>Dymasque</em></strong></span> <span class='ocrx_word' id='word_1_30' title='bbox 976 856 1145 942; x_wconf 91' lang='lat' dir='ltr'><strong>omnisque</strong></span> <span class='ocrx_word' id='word_1_31' title='bbox 1166 855 1319 921; x_wconf 79' lang='lat' dir='ltr'><strong>iuventus</strong></span> 
     </span>
     <span class='ocr_line' id='line_1_6' title="bbox 289 957 654 1048; baseline 0.005 -24"><span class='ocrx_word' id='word_1_32' title='bbox 289 957 372 1025; x_wconf 85' lang='lat' dir='ltr'><strong>laeta</strong></span> <span class='ocrx_word' id='word_1_33' title='bbox 396 960 494 1043; x_wconf 88' lang='lat' dir='ltr'><strong>laeit;</strong></span> <span class='ocrx_word' id='word_1_34' title='bbox 522 982 589 1048; x_wconf 85' lang='lat' dir='ltr'><strong>sqq.</strong></span> <span class='ocrx_word' id='word_1_35' title='bbox 646 984 654 992; x_wconf 94' lang='lat'>·</span> 
     </span>
     <span class='ocr_line' id='line_1_7' title="bbox 199 1062 483 1151; baseline 0.014 -22"><span class='ocrx_word' id='word_1_36' title='bbox 199 1062 244 1129; x_wconf 86' lang='lat' dir='ltr'><strong>Cl.</strong></span> <span class='ocrx_word' id='word_1_37' title='bbox 272 1069 337 1132; x_wconf 80' lang='lat'><strong>&#39;559</strong></span> <span class='ocrx_word' id='word_1_38' title='bbox 364 1086 449 1151; x_wconf 82' lang='lat' dir='ltr'><strong>sqq.s</strong></span> <span class='ocrx_word' id='word_1_39' title='bbox 479 1070 483 1075; x_wconf 86' lang='lat'>&#39;</span> 
     </span>
     <span class='ocr_line' id='line_1_8' title="bbox 334 1170 1194 1259; baseline -0.003 -22"><span class='ocrx_word' id='word_1_40' title='bbox 334 1171 466 1238; x_wconf 77' lang='lat' dir='ltr'><strong>Addunt</strong></span> <span class='ocrx_word' id='word_1_41' title='bbox 489 1192 523 1238; x_wconf 90' lang='lat' dir='ltr'><strong>se</strong></span> <span class='ocrx_word' id='word_1_42' title='bbox 547 1176 650 1239; x_wconf 87' lang='lat' dir='ltr'><strong>socios</strong></span> <span class='ocrx_word' id='word_1_43' title='bbox 674 1173 816 1259; x_wconf 85' lang='lat' dir='ltr'><strong>Rhipeus</strong></span> <span class='ocrx_word' id='word_1_44' title='bbox 840 1182 872 1238; x_wconf 90' lang='lat' dir='ltr'><strong>et</strong></span> <span class='ocrx_word' id='word_1_45' title='bbox 898 1190 1070 1238; x_wconf 77' lang='lat' dir='ltr'><strong>maxumus</strong></span> <span class='ocrx_word' id='word_1_46' title='bbox 1094 1170 1194 1236; x_wconf 84' lang='lat' dir='ltr'><strong>armis</strong></span> 
     </span>
     <span class='ocr_line' id='line_1_9' title="bbox 333 1275 1280 1366; baseline -0.001 -24"><span class='ocrx_word' id='word_1_47' title='bbox 333 1277 477 1366; x_wconf 78' lang='lat' dir='ltr'><strong>Epytus,</strong></span> <span class='ocrx_word' id='word_1_48' title='bbox 501 1276 597 1343; x_wconf 84' lang='lat' dir='ltr'><strong>oblati</strong></span> <span class='ocrx_word' id='word_1_49' title='bbox 624 1298 680 1364; x_wconf 88' lang='lat' dir='ltr'><strong>per</strong></span> <span class='ocrx_word' id='word_1_50' title='bbox 702 1277 834 1365; x_wconf 84' lang='lat' dir='ltr'><strong>lunam,</strong></span> <span class='ocrx_word' id='word_1_51' title='bbox 860 1276 1063 1364; x_wconf 70' lang='lat' dir='ltr'><strong>Hypanisque</strong></span> <span class='ocrx_word' id='word_1_52' title='bbox 1089 1275 1280 1363; x_wconf 85' lang='lat' dir='ltr'><strong>Dymasque,</strong></span> 
     </span>
     <span class='ocr_line' id='line_1_10' title="bbox 333 1381 960 1468; baseline 0.003 -22"><span class='ocrx_word' id='word_1_53' title='bbox 333 1389 366 1447; x_wconf 87' lang='lat' dir='ltr'><strong>ct</strong></span> <span class='ocrx_word' id='word_1_54' title='bbox 390 1382 481 1448; x_wconf 87' lang='lat' dir='ltr'><strong>lateri</strong></span> <span class='ocrx_word' id='word_1_55' title='bbox 505 1381 726 1468; x_wconf 79' lang='lat' dir='ltr'><strong>adglomerant</strong></span> <span class='ocrx_word' id='word_1_56' title='bbox 752 1392 861 1447; x_wconf 92' lang='lat' dir='ltr'><strong>nostro</strong></span> <span class='ocrx_word' id='word_1_57' title='bbox 882 1391 960 1448; x_wconf 88' lang='lat' dir='ltr'><strong>cett.</strong></span> 
     </span>
     <span class='ocr_line' id='line_1_11' title="bbox 200 1486 987 1575; baseline 0.001 -23"><span class='ocrx_word' id='word_1_58' title='bbox 200 1493 231 1552; x_wconf 87' lang='lat' dir='ltr'><strong>ei</strong></span> <span class='ocrx_word' id='word_1_59' title='bbox 245 1489 321 1553; x_wconf 71' lang='lat'>428:</span> <span class='ocrx_word' id='word_1_60' title='bbox 335 1523 378 1536; x_wconf 92' lang='lat'><strong>·-</strong></span> <span class='ocrx_word' id='word_1_61' title='bbox 403 1498 540 1572; x_wconf 86' lang='lat' dir='ltr'><strong>pereunt</strong></span> <span class='ocrx_word' id='word_1_62' title='bbox 564 1487 768 1575; x_wconf 74' lang='lat' dir='ltr'><strong>Hypanisque</strong></span> <span class='ocrx_word' id='word_1_63' title='bbox 792 1486 987 1573; x_wconf 77' lang='lat' dir='ltr'><strong><em>Dymasque.</em></strong></span> 
     </span>
     <span class='ocr_line' id='line_1_12' title="bbox 718 1591 868 1667; baseline -0.007 -11"><span class='ocrx_word' id='word_1_64' title='bbox 718 1591 765 1667; x_wconf 92' lang='lat' dir='ltr'><strong>ll,</strong></span> <span class='ocrx_word' id='word_1_65' title='bbox 792 1596 868 1657; x_wconf 72' lang='lat'>420.</span> 
     </span>
     <span class='ocr_line' id='line_1_13' title="bbox 333 1694 1213 1783; baseline 0 -21"><span class='ocrx_word' id='word_1_66' title='bbox 333 1697 385 1762; x_wconf 90' lang='lat' dir='ltr'><strong>llli</strong></span> <span class='ocrx_word' id='word_1_67' title='bbox 407 1697 523 1771; x_wconf 86' lang='lat' dir='ltr'><strong>etium,</strong></span> <span class='ocrx_word' id='word_1_68' title='bbox 547 1699 574 1762; x_wconf 92' lang='lat' dir='ltr'><strong>si</strong></span> <span class='ocrx_word' id='word_1_69' title='bbox 600 1716 680 1782; x_wconf 89' lang='lat' dir='ltr'><strong>qnos</strong></span> <span class='ocrx_word' id='word_1_70' title='bbox 703 1695 839 1762; x_wconf 87' lang='lat' dir='ltr'><strong>obseura</strong></span> <span class='ocrx_word' id='word_1_71' title='bbox 866 1704 957 1763; x_wconf 90' lang='lat' dir='ltr'><strong>nocte</strong></span> <span class='ocrx_word' id='word_1_72' title='bbox 983 1716 1039 1783; x_wconf 86' lang='lat' dir='ltr'><strong>per</strong></span> <span class='ocrx_word' id='word_1_73' title='bbox 1064 1694 1213 1763; x_wconf 81' lang='lat' dir='ltr'><strong>umbrant</strong></span> 
     </span>
     <span class='ocr_line' id='line_1_14' title="bbox 337 1799 1120 1887; baseline 0.003 -21"><span class='ocrx_word' id='word_1_74' title='bbox 337 1800 480 1868; x_wconf 80' lang='lat' dir='ltr'><strong>fudimus</strong></span> <span class='ocrx_word' id='word_1_75' title='bbox 503 1800 627 1867; x_wconf 78' lang='lat' dir='ltr'><strong>insidiis</strong></span> <span class='ocrx_word' id='word_1_76' title='bbox 650 1808 780 1887; x_wconf 87' lang='lat' dir='ltr'><strong>totaque</strong></span> <span class='ocrx_word' id='word_1_77' title='bbox 803 1803 998 1887; x_wconf 74' lang='lat' dir='ltr'><strong>agitavimus</strong></span> <span class='ocrx_word' id='word_1_78' title='bbox 1024 1799 1120 1877; x_wconf 88' lang='lat' dir='ltr'><strong>urbe,</strong></span> 
     </span>
     <span class='ocr_line' id='line_1_15' title="bbox 335 1906 1082 1994; baseline 0 -23"><span class='ocrx_word' id='word_1_79' title='bbox 335 1915 507 1994; x_wconf 77' lang='lat' dir='ltr'><strong>apparent3</strong></span> <span class='ocrx_word' id='word_1_80' title='bbox 528 1907 627 1993; x_wconf 85' lang='lat' dir='ltr'><strong>primi</strong></span> <span class='ocrx_word' id='word_1_81' title='bbox 649 1906 768 1993; x_wconf 86' lang='lat' dir='ltr'><strong>clipeos</strong></span> <span class='ocrx_word' id='word_1_82' title='bbox 793 1906 994 1993; x_wconf 87' lang='lat' dir='ltr'><strong>mentitaque</strong></span> <span class='ocrx_word' id='word_1_83' title='bbox 1019 1906 1082 1973; x_wconf 89' lang='lat' dir='ltr'><strong>tela</strong></span> 
     </span>
     <span class='ocr_line' id='line_1_16' title="bbox 337 2010 1188 2097; baseline 0 -20"><span class='ocrx_word' id='word_1_84' title='bbox 337 2010 538 2097; x_wconf 81' lang='lat' dir='ltr'><strong>adgnoscunt</strong></span> <span class='ocrx_word' id='word_1_85' title='bbox 561 2020 658 2097; x_wconf 90' lang='lat' dir='ltr'><strong>atque</strong></span> <span class='ocrx_word' id='word_1_86' title='bbox 682 2032 737 2077; x_wconf 86' lang='lat' dir='ltr'><strong>ora</strong></span> <span class='ocrx_word' id='word_1_87' title='bbox 762 2032 839 2077; x_wconf 92' lang='lat' dir='ltr'><strong>sono</strong></span> <span class='ocrx_word' id='word_1_88' title='bbox 862 2011 1022 2079; x_wconf 81' lang='lat' dir='ltr'><strong>discordia</strong></span> <span class='ocrx_word' id='word_1_89' title='bbox 1047 2013 1188 2097; x_wconf 78' lang='lat' dir='ltr'><strong>signant.</strong></span> 
     </span>
    </p>

    <p class='ocr_par' dir='ltr' id='par_1_3' title="bbox 202 2114 1467 3234">
     <span class='ocr_line' id='line_1_17' title="bbox 247 2114 1463 2204; baseline 0.002 -21"><span class='ocrx_word' id='word_1_90' title='bbox 247 2114 403 2202; x_wconf 79' lang='lat' dir='ltr'><strong>Forlsiyer</strong></span> <span class='ocrx_word' id='word_1_91' title='bbox 436 2118 563 2183; x_wconf 88' lang='lat' dir='ltr'><strong>tametsi</strong></span> <span class='ocrx_word' id='word_1_92' title='bbox 596 2120 666 2184; x_wconf 90' lang='lat' dir='ltr'><strong>iure</strong></span> <span class='ocrx_word' id='word_1_93' title='bbox 696 2117 836 2204; x_wconf 73' lang='lat' dir='ltr'><strong>explodit</strong></span> <span class='ocrx_word' id='word_1_94' title='bbox 873 2116 1032 2185; x_wconf 78' lang='lat' dir='ltr'><strong>infelicem</strong></span> <span class='ocrx_word' id='word_1_95' title='bbox 1065 2114 1231 2183; x_wconf 83' lang='lat' dir='ltr'><strong>ltinbeeiii</strong></span> <span class='ocrx_word' id='word_1_96' title='bbox 1265 2119 1391 2186; x_wconf 88' lang='lat' dir='ltr'><strong>coniec-</strong></span> <span class='ocrx_word' id='word_1_97' title='bbox 1458 2122 1463 2127; x_wconf 79' lang='grc'>’</span> 
     </span>
     <span class='ocr_line' id='line_1_18' title="bbox 203 2219 1390 2308; baseline 0.002 -20"><span class='ocrx_word' id='word_1_98' title='bbox 203 2232 308 2288; x_wconf 85' lang='lat' dir='ltr'><strong>turam</strong></span> <span class='ocrx_word' id='word_1_99' title='bbox 337 2222 436 2308; x_wconf 87' lang='lat' dir='ltr'><strong>primi</strong></span> <span class='ocrx_word' id='word_1_100' title='bbox 468 2223 498 2287; x_wconf 91' lang='lat' dir='ltr'><strong>in</strong></span> <span class='ocrx_word' id='word_1_101' title='bbox 530 2221 655 2288; x_wconf 84' lang='lat' dir='ltr'><strong>Priami</strong></span> <span class='ocrx_word' id='word_1_102' title='bbox 686 2224 859 2299; x_wconf 86' lang='lat' dir='ltr'><strong>mutantis,</strong></span> <span class='ocrx_word' id='word_1_103' title='bbox 890 2243 952 2289; x_wconf 90' lang='lat' dir='ltr'><strong>noo</strong></span> <span class='ocrx_word' id='word_1_104' title='bbox 979 2232 1086 2289; x_wconf 87' lang='lat' dir='ltr'><strong>tamen</strong></span> <span class='ocrx_word' id='word_1_105' title='bbox 1110 2219 1270 2307; x_wconf 80' lang='lat' dir='ltr'><strong>expedivit</strong></span> <span class='ocrx_word' id='word_1_106' title='bbox 1296 2242 1390 2290; x_wconf 89' lang='lat' dir='ltr'><strong>nsum</strong></span> 
     </span>
     <span class='ocr_line' id='line_1_19' title="bbox 202 2326 1392 2416; baseline 0.003 -24"><span class='ocrx_word' id='word_1_107' title='bbox 202 2326 351 2394; x_wconf 88' lang='lat' dir='ltr'><strong>adiectivi</strong></span> <span class='ocrx_word' id='word_1_108' title='bbox 377 2326 475 2413; x_wconf 86' lang='lat' dir='ltr'><strong>primi</strong></span> <span class='ocrx_word' id='word_1_109' title='bbox 507 2326 551 2414; x_wconf 91' lang='lat' dir='ltr'><strong>(io</strong></span> <span class='ocrx_word' id='word_1_110' title='bbox 576 2346 638 2412; x_wconf 89' lang='lat' dir='ltr'><strong>quo</strong></span> <span class='ocrx_word' id='word_1_111' title='bbox 659 2329 729 2393; x_wconf 88' lang='lat' dir='ltr'><strong>iure</strong></span> <span class='ocrx_word' id='word_1_112' title='bbox 751 2327 852 2392; x_wconf 86' lang='lat' dir='ltr'><strong>haesit</strong></span> <span class='ocrx_word' id='word_1_113' title='bbox 874 2326 1080 2416; x_wconf 79' lang='lat' dir='ltr'><strong>Ribbecliins)</strong></span> <span class='ocrx_word' id='word_1_114' title='bbox 1105 2327 1303 2393; x_wconf 86' lang='lat' dir='ltr'><strong>adnotando:</strong></span> <span class='ocrx_word' id='word_1_115' title='bbox 1331 2328 1392 2395; x_wconf 75' lang='lat' dir='ltr'><strong>‚ni</strong></span> 
     </span>
     <span class='ocr_line' id='line_1_20' title="bbox 203 2430 1467 2519; baseline -0.003 -18"><span class='ocrx_word' id='word_1_116' title='bbox 203 2452 260 2519; x_wconf 85' lang='lat' dir='ltr'><strong>per</strong></span> <span class='ocrx_word' id='word_1_117' title='bbox 294 2440 392 2498; x_wconf 87' lang='lat' dir='ltr'><strong>totam</strong></span> <span class='ocrx_word' id='word_1_118' title='bbox 427 2430 538 2498; x_wconf 88' lang='lat' dir='ltr'><strong>urbem</strong></span> <span class='ocrx_word' id='word_1_119' title='bbox 565 2433 692 2516; x_wconf 83' lang='lat' dir='ltr'><strong>agitati,</strong></span> <span class='ocrx_word' id='word_1_120' title='bbox 725 2433 780 2518; x_wconf 91' lang='lat' dir='ltr'><strong>qui</strong></span> <span class='ocrx_word' id='word_1_121' title='bbox 801 2434 905 2518; x_wconf 81' lang='lat' dir='ltr'><strong>piimi</strong></span> <span class='ocrx_word' id='word_1_122' title='bbox 922 2431 1124 2518; x_wconf 81' lang='lat' dir='ltr'><strong>adgnoscunt</strong></span> <span class='ocrx_word' id='word_1_123' title='bbox 1151 2435 1285 2498; x_wconf 88' lang='lat' dir='ltr'><strong>mentita</strong></span> <span class='ocrx_word' id='word_1_124' title='bbox 1309 2432 1390 2510; x_wconf 90' lang='lat' dir='ltr'><strong>tela,</strong></span> <span class='ocrx_word' id='word_1_125' title='bbox 1462 2512 1467 2519; x_wconf 34' lang='grc'>,</span> 
     </span>
     <span class='ocr_line' id='line_1_21' title="bbox 203 2536 1388 2623; baseline 0.003 -22"><span class='ocrx_word' id='word_1_126' title='bbox 203 2546 409 2623; x_wconf 90' lang='lat' dir='ltr'><strong>opponuntur</strong></span> <span class='ocrx_word' id='word_1_127' title='bbox 432 2558 462 2603; x_wconf 92' lang='lat' dir='ltr'><strong>v.</strong></span> <span class='ocrx_word' id='word_1_128' title='bbox 488 2543 551 2602; x_wconf 78' lang='lat'><strong>415</strong></span> <span class='ocrx_word' id='word_1_129' title='bbox 576 2558 646 2622; x_wconf 90' lang='lat' dir='ltr'><strong>sqq.</strong></span> <span class='ocrx_word' id='word_1_130' title='bbox 672 2538 967 2603; x_wconf 86' lang='lat' dir='ltr'><strong>commemoratis.”</strong></span> <span class='ocrx_word' id='word_1_131' title='bbox 999 2537 1079 2604; x_wconf 86' lang='lat' dir='ltr'><strong>Nam</strong></span> <span class='ocrx_word' id='word_1_132' title='bbox 1100 2557 1138 2603; x_wconf 83' lang='lat' dir='ltr'><strong>ex</strong></span> <span class='ocrx_word' id='word_1_133' title='bbox 1159 2539 1309 2603; x_wconf 83' lang='lat' dir='ltr'><strong>universa</strong></span> <span class='ocrx_word' id='word_1_134' title='bbox 1326 2536 1388 2604; x_wconf 88' lang='lat' dir='ltr'><strong>loci</strong></span> 
     </span>
     <span class='ocr_line' id='line_1_22' title="bbox 202 2639 1391 2728; baseline -0.002 -21"><span class='ocrx_word' id='word_1_135' title='bbox 202 2643 432 2728; x_wconf 85' lang='lat' dir='ltr'><strong>compositione</strong></span> <span class='ocrx_word' id='word_1_136' title='bbox 455 2641 531 2717; x_wconf 87' lang='lat' dir='ltr'><strong>hoc,</strong></span> <span class='ocrx_word' id='word_1_137' title='bbox 554 2644 684 2727; x_wconf 89' lang='lat' dir='ltr'><strong>opinor,</strong></span> <span class='ocrx_word' id='word_1_138' title='bbox 710 2650 841 2727; x_wconf 90' lang='lat' dir='ltr'><strong>apparet</strong></span> <span class='ocrx_word' id='word_1_139' title='bbox 855 2651 980 2728; x_wconf 90' lang='lat' dir='ltr'><strong>poetam</strong></span> <span class='ocrx_word' id='word_1_140' title='bbox 994 2641 1117 2708; x_wconf 88' lang='lat' dir='ltr'><strong>dicere:</strong></span> <span class='ocrx_word' id='word_1_141' title='bbox 1137 2639 1196 2706; x_wconf 88' lang='lat' dir='ltr'><strong>Illi</strong></span> <span class='ocrx_word' id='word_1_142' title='bbox 1208 2642 1391 2726; x_wconf 88' lang='lat' dir='ltr'><strong>etiamquos</strong></span> 
     </span>
     <span class='ocr_line' id='line_1_23' title="bbox 203 2744 1392 2832; baseline -0.003 -19"><span class='ocrx_word' id='word_1_143' title='bbox 203 2757 293 2813; x_wconf 86' lang='lat' dir='ltr'><strong>antea</strong></span> <span class='ocrx_word' id='word_1_144' title='bbox 327 2749 455 2812; x_wconf 85' lang='lat' dir='ltr'><strong>obscuro</strong></span> <span class='ocrx_word' id='word_1_145' title='bbox 487 2758 573 2812; x_wconf 87' lang='lat' dir='ltr'><strong>nocte</strong></span> <span class='ocrx_word' id='word_1_146' title='bbox 604 2747 747 2831; x_wconf 72' lang='lat' dir='ltr'><strong>fudimus</strong></span> <span class='ocrx_word' id='word_1_147' title='bbox 778 2747 900 2810; x_wconf 79' lang='lat' dir='ltr'><strong>insidiis</strong></span> <span class='ocrx_word' id='word_1_148' title='bbox 930 2749 967 2832; x_wconf 78' lang='lat' dir='ltr'><strong>(i.</strong></span> <span class='ocrx_word' id='word_1_149' title='bbox 1000 2767 1030 2812; x_wconf 89' lang='lat' dir='ltr'><strong>e.</strong></span> <span class='ocrx_word' id='word_1_150' title='bbox 1066 2765 1230 2811; x_wconf 85' lang='lat' dir='ltr'><strong>armorum</strong></span> <span class='ocrx_word' id='word_1_151' title='bbox 1264 2744 1392 2810; x_wconf 89' lang='lat' dir='ltr'><strong>illorum</strong></span> 
     </span>
     <span class='ocr_line' id='line_1_24' title="bbox 204 2849 1394 2937; baseline -0.003 -21"><span class='ocrx_word' id='word_1_152' title='bbox 204 2853 400 2927; x_wconf 85' lang='lat' dir='ltr'><strong>mutatione,</strong></span> <span class='ocrx_word' id='word_1_153' title='bbox 427 2870 509 2937; x_wconf 86' lang='lat' dir='ltr'><strong>quoe</strong></span> <span class='ocrx_word' id='word_1_154' title='bbox 532 2862 663 2917; x_wconf 87' lang='lat' dir='ltr'><strong>narrata</strong></span> <span class='ocrx_word' id='word_1_155' title='bbox 687 2860 735 2916; x_wconf 89' lang='lat' dir='ltr'><strong>est</strong></span> <span class='ocrx_word' id='word_1_156' title='bbox 760 2855 821 2917; x_wconf 77' lang='lat'><strong>591</strong></span> <span class='ocrx_word' id='word_1_157' title='bbox 850 2854 937 2937; x_wconf 85' lang='lat' dir='ltr'><strong>sqq.)</strong></span> <span class='ocrx_word' id='word_1_158' title='bbox 961 2860 1083 2936; x_wconf 86' lang='lat' dir='ltr'><strong>totaque</strong></span> <span class='ocrx_word' id='word_1_159' title='bbox 1106 2850 1294 2935; x_wconf 86' lang='lat' dir='ltr'><strong>ayitaoimns</strong></span> <span class='ocrx_word' id='word_1_160' title='bbox 1317 2849 1394 2914; x_wconf 82' lang='lat' dir='ltr'><strong>urbe</strong></span> 
     </span>
     <span class='ocr_line' id='line_1_25' title="bbox 206 2954 1394 3045; baseline -0.002 -23"><span class='ocrx_word' id='word_1_161' title='bbox 206 2955 258 3045; x_wconf 85' lang='lat' dir='ltr'><strong>(cl.</strong></span> <span class='ocrx_word' id='word_1_162' title='bbox 293 2961 358 3024; x_wconf 83' lang='grc'><strong>598</strong></span> <span class='ocrx_word' id='word_1_163' title='bbox 389 2958 494 3043; x_wconf 84' lang='lat' dir='ltr'><strong>sqq),</strong></span> <span class='ocrx_word' id='word_1_164' title='bbox 527 2955 663 3021; x_wconf 88' lang='lat' dir='ltr'><strong>redeunt.</strong></span> <span class='ocrx_word' id='word_1_165' title='bbox 708 2955 791 3021; x_wconf 87' lang='lat' dir='ltr'><strong>Nunc</strong></span> <span class='ocrx_word' id='word_1_166' title='bbox 821 2975 934 3021; x_wconf 80' lang='lat' dir='ltr'><strong>coinon</strong></span> <span class='ocrx_word' id='word_1_167' title='bbox 965 2955 1080 3041; x_wconf 87' lang='lat' dir='ltr'><strong>clipeos</strong></span> <span class='ocrx_word' id='word_1_168' title='bbox 1112 2955 1301 3043; x_wconf 85' lang='lat' dir='ltr'><strong>mentitaque</strong></span> <span class='ocrx_word' id='word_1_169' title='bbox 1331 2954 1394 3021; x_wconf 85' lang='lat' dir='ltr'><strong>tela</strong></span> 
     </span>
     <span class='ocr_line' id='line_1_26' title="bbox 206 3059 1392 3148; baseline -0.003 -20"><span class='ocrx_word' id='word_1_170' title='bbox 206 3064 302 3147; x_wconf 81' lang='lat' dir='ltr'><strong>(quae</strong></span> <span class='ocrx_word' id='word_1_171' title='bbox 325 3070 399 3128; x_wconf 85' lang='lat' dir='ltr'><strong>ante</strong></span> <span class='ocrx_word' id='word_1_172' title='bbox 423 3059 612 3148; x_wconf 81' lang='lat' dir='ltr'><strong>lelelleraot)</strong></span> <span class='ocrx_word' id='word_1_173' title='bbox 645 3061 836 3148; x_wconf 85' lang='lat' dir='ltr'><strong>adyooscuut</strong></span> <span class='ocrx_word' id='word_1_174' title='bbox 863 3068 942 3128; x_wconf 88' lang='lat' dir='ltr'><strong>cett.</strong></span> <span class='ocrx_word' id='word_1_175' title='bbox 974 3061 1041 3127; x_wconf 85' lang='lat' dir='ltr'><strong>lam</strong></span> <span class='ocrx_word' id='word_1_176' title='bbox 1062 3060 1253 3138; x_wconf 82' lang='lat' dir='ltr'><strong>videndum,</strong></span> <span class='ocrx_word' id='word_1_177' title='bbox 1281 3069 1392 3129; x_wconf 86' lang='lat' dir='ltr'><strong>utrum</strong></span> 
     </span>
     <span class='ocr_line' id='line_1_27' title="bbox 207 3164 532 3234; baseline -0.003 -3"><span class='ocrx_word' id='word_1_178' title='bbox 207 3167 349 3233; x_wconf 86' lang='lat' dir='ltr'><strong>scribere</strong></span> <span class='ocrx_word' id='word_1_179' title='bbox 373 3164 532 3234; x_wconf 87' lang='lat' dir='ltr'><strong>sufficiat:</strong></span> 
     </span>
    </p>

    <p class='ocr_par' dir='ltr' id='par_1_4' title="bbox 207 3271 1396 3981">
     <span class='ocr_line' id='line_1_28' title="bbox 387 3271 1181 3361; baseline 0.004 -25"><span class='ocrx_word' id='word_1_180' title='bbox 387 3280 563 3358; x_wconf 82' lang='lat' dir='ltr'><strong>appareut3</strong></span> <span class='ocrx_word' id='word_1_181' title='bbox 586 3273 729 3356; x_wconf 83' lang='lat' dir='ltr'><strong>primum</strong></span> <span class='ocrx_word' id='word_1_182' title='bbox 752 3272 871 3361; x_wconf 91' lang='lat' dir='ltr'><strong>clipeos</strong></span> <span class='ocrx_word' id='word_1_183' title='bbox 895 3272 1096 3358; x_wconf 88' lang='lat' dir='ltr'><strong>mentitaque</strong></span> <span class='ocrx_word' id='word_1_184' title='bbox 1118 3271 1181 3341; x_wconf 89' lang='lat' dir='ltr'><strong>tela</strong></span> 
     </span>
     <span class='ocr_line' id='line_1_29' title="bbox 388 3377 690 3464; baseline 0.01 -22"><span class='ocrx_word' id='word_1_185' title='bbox 388 3377 590 3464; x_wconf 78' lang='lat' dir='ltr'><strong>adgnoscunt</strong></span> <span class='ocrx_word' id='word_1_186' title='bbox 614 3387 690 3445; x_wconf 89' lang='lat' dir='ltr'><strong>cett.</strong></span> 
     </span>
     <span class='ocr_line' id='line_1_30' title="bbox 207 3482 896 3570; baseline 0.001 -22"><span class='ocrx_word' id='word_1_187' title='bbox 207 3502 248 3549; x_wconf 88' lang='lat' dir='ltr'><strong>an</strong></span> <span class='ocrx_word' id='word_1_188' title='bbox 274 3483 394 3549; x_wconf 87' lang='lat' dir='ltr'><strong>maiore</strong></span> <span class='ocrx_word' id='word_1_189' title='bbox 419 3482 583 3549; x_wconf 90' lang='lat' dir='ltr'><strong>molimine</strong></span> <span class='ocrx_word' id='word_1_190' title='bbox 606 3504 686 3570; x_wconf 91' lang='lat' dir='ltr'><strong>opos</strong></span> <span class='ocrx_word' id='word_1_191' title='bbox 710 3486 771 3562; x_wconf 87' lang='lat' dir='ltr'><strong>sit,</strong></span> <span class='ocrx_word' id='word_1_192' title='bbox 795 3505 825 3549; x_wconf 85' lang='lat' dir='ltr'><strong>v.</strong></span> <span class='ocrx_word' id='word_1_193' title='bbox 851 3505 896 3549; x_wconf 90' lang='lat' dir='ltr'><strong>e.:</strong></span> 
     </span>
     <span class='ocr_line' id='line_1_31' title="bbox 431 3589 1072 3676; baseline 0.002 -23"><span class='ocrx_word' id='word_1_194' title='bbox 431 3599 561 3674; x_wconf 60' lang='lat' dir='ltr'><strong>parsum</strong></span> <span class='ocrx_word' id='word_1_195' title='bbox 584 3612 666 3655; x_wconf 86' lang='lat' dir='ltr'><strong>nuuc</strong></span> <span class='ocrx_word' id='word_1_196' title='bbox 687 3590 828 3675; x_wconf 87' lang='lat' dir='ltr'><strong>primum</strong></span> <span class='ocrx_word' id='word_1_197' title='bbox 853 3589 971 3676; x_wconf 87' lang='lat' dir='ltr'><strong>clipeos</strong></span> <span class='ocrx_word' id='word_1_198' title='bbox 995 3595 1072 3655; x_wconf 87' lang='lat' dir='ltr'><strong>cett.</strong></span> 
     </span>
     <span class='ocr_line' id='line_1_32' title="bbox 649 3695 955 3781; baseline 0.007 -23"><span class='ocrx_word' id='word_1_199' title='bbox 649 3695 698 3770; x_wconf 87' lang='grc' dir='ltr'><strong>ΙΙ,</strong></span> <span class='ocrx_word' id='word_1_200' title='bbox 724 3716 769 3759; x_wconf 74' lang='lat' dir='ltr'><strong>vs,</strong></span> <span class='ocrx_word' id='word_1_201' title='bbox 797 3698 861 3760; x_wconf 78' lang='lat'><strong>438</strong></span> <span class='ocrx_word' id='word_1_202' title='bbox 886 3717 955 3781; x_wconf 88' lang='lat' dir='ltr'><strong>sqq.</strong></span> 
     </span>
     <span class='ocr_line' id='line_1_33' title="bbox 208 3797 1396 3889; baseline 0.005 -27"><span class='ocrx_word' id='word_1_203' title='bbox 208 3797 266 3863; x_wconf 90' lang='lat' dir='ltr'><strong>llic</strong></span> <span class='ocrx_word' id='word_1_204' title='bbox 279 3817 353 3862; x_wconf 86' lang='lat' dir='ltr'><strong>vero</strong></span> <span class='ocrx_word' id='word_1_205' title='bbox 368 3797 419 3884; x_wconf 86' lang='lat' dir='ltr'><strong>(ad</strong></span> <span class='ocrx_word' id='word_1_206' title='bbox 434 3799 553 3864; x_wconf 81' lang='lat' dir='ltr'><strong>Priami</strong></span> <span class='ocrx_word' id='word_1_207' title='bbox 567 3799 666 3886; x_wconf 87' lang='lat' dir='ltr'><strong>aedis)</strong></span> <span class='ocrx_word' id='word_1_208' title='bbox 685 3801 847 3884; x_wconf 81' lang='lat' dir='ltr'><strong>ingentem</strong></span> <span class='ocrx_word' id='word_1_209' title='bbox 864 3820 1021 3885; x_wconf 78' lang='lat' dir='ltr'><strong>pugnam,</strong></span> <span class='ocrx_word' id='word_1_210' title='bbox 1041 3807 1221 3868; x_wconf 81' lang='lat' dir='ltr'><strong>conectere</strong></span> <span class='ocrx_word' id='word_1_211' title='bbox 1233 3819 1396 3889; x_wconf 83' lang='lat' dir='ltr'><strong>nusquam</strong></span> 
     </span>
     <span class='ocr_line' id='line_1_34' title="bbox 207 3901 1040 3981; baseline 0.004 -14"><span class='ocrx_word' id='word_1_212' title='bbox 207 3901 288 3968; x_wconf 84' lang='lat' dir='ltr'><strong>lrella</strong></span> <span class='ocrx_word' id='word_1_213' title='bbox 313 3901 433 3979; x_wconf 85' lang='lat' dir='ltr'><strong>locent,</strong></span> <span class='ocrx_word' id='word_1_214' title='bbox 460 3905 539 3968; x_wconf 90' lang='lat' dir='ltr'><strong>nulli</strong></span> <span class='ocrx_word' id='word_1_215' title='bbox 566 3913 631 3969; x_wconf 89' lang='lat' dir='ltr'><strong>tota</strong></span> <span class='ocrx_word' id='word_1_216' title='bbox 647 3914 860 3970; x_wconf 76' lang='lat' dir='ltr'><strong>&#39;morerentur</strong></span> <span class='ocrx_word' id='word_1_217' title='bbox 885 3907 916 3970; x_wconf 93' lang='lat' dir='ltr'><strong>in</strong></span> <span class='ocrx_word' id='word_1_218' title='bbox 942 3903 1040 3981; x_wconf 88' lang='lat' dir='ltr'><strong>urbe,</strong></span> 
     </span>
    </p>
   </div>
   <div class='ocr_carea' id='block_1_3' title="bbox 207 4007 1170 4529">
    <p class='ocr_par' dir='ltr' id='par_1_5' title="bbox 207 4007 1170 4529">
     <span class='ocr_line' id='line_1_35' title="bbox 207 4007 1170 4094; baseline 0.007 -23"><span class='ocrx_word' id='word_1_219' title='bbox 207 4009 254 4072; x_wconf 89' lang='lat' dir='ltr'><strong>sio</strong></span> <span class='ocrx_word' id='word_1_220' title='bbox 278 4008 413 4072; x_wconf 87' lang='lat' dir='ltr'><strong>llartern</strong></span> <span class='ocrx_word' id='word_1_221' title='bbox 438 4007 632 4073; x_wconf 89' lang='lat' dir='ltr'><strong>indomitum</strong></span> <span class='ocrx_word' id='word_1_222' title='bbox 658 4009 847 4094; x_wconf 86' lang='lat' dir='ltr'><strong>Danaosque</strong></span> <span class='ocrx_word' id='word_1_223' title='bbox 870 4009 910 4074; x_wconf 88' lang='lat' dir='ltr'><strong>ad</strong></span> <span class='ocrx_word' id='word_1_224' title='bbox 936 4018 1020 4075; x_wconf 88' lang='lat' dir='ltr'><strong>tecta</strong></span> <span class='ocrx_word' id='word_1_225' title='bbox 1045 4012 1170 4078; x_wconf 88' lang='lat' dir='ltr'><strong>ruentis</strong></span> 
     </span>
     <span class='ocr_line' id='line_1_36' title="bbox 208 4112 1041 4198; baseline 0.008 -22"><span class='ocrx_word' id='word_1_226' title='bbox 208 4114 372 4178; x_wconf 90' lang='lat' dir='ltr'><strong>cernimus</strong></span> <span class='ocrx_word' id='word_1_227' title='bbox 396 4112 625 4198; x_wconf 82' lang='lat' dir='ltr'><strong>obsessumque</strong></span> <span class='ocrx_word' id='word_1_228' title='bbox 649 4122 720 4179; x_wconf 86' lang='lat' dir='ltr'><strong>acta</strong></span> <span class='ocrx_word' id='word_1_229' title='bbox 747 4113 908 4180; x_wconf 87' lang='lat' dir='ltr'><strong>testudine</strong></span> <span class='ocrx_word' id='word_1_230' title='bbox 932 4114 1041 4183; x_wconf 77' lang='lat' dir='ltr'><strong>litoreo.</strong></span> 
     </span>
     <span class='ocr_line' id='line_1_37' title="bbox 209 4217 1069 4306; baseline 0.005 -24"><span class='ocrx_word' id='word_1_231' title='bbox 209 4218 349 4295; x_wconf 85' lang='lat' dir='ltr'><strong>Haerent</strong></span> <span class='ocrx_word' id='word_1_232' title='bbox 374 4217 551 4304; x_wconf 89' lang='lat' dir='ltr'><strong>parietibus</strong></span> <span class='ocrx_word' id='word_1_233' title='bbox 576 4218 680 4284; x_wconf 87' lang='lat' dir='ltr'><strong>scalae</strong></span> <span class='ocrx_word' id='word_1_234' title='bbox 704 4239 874 4305; x_wconf 76' lang='lat' dir='ltr'><strong>nosrisque</strong></span> <span class='ocrx_word' id='word_1_235' title='bbox 898 4218 958 4285; x_wconf 90' lang='lat' dir='ltr'><strong>sub</strong></span> <span class='ocrx_word' id='word_1_236' title='bbox 983 4221 1069 4306; x_wconf 89' lang='lat' dir='ltr'><strong>ipsos</strong></span> 
     </span>
     <span class='ocr_line' id='line_1_38' title="bbox 209 4321 1061 4412; baseline 0.005 -23"><span class='ocrx_word' id='word_1_237' title='bbox 209 4326 360 4390; x_wconf 89' lang='lat' dir='ltr'><strong>nituntur</strong></span> <span class='ocrx_word' id='word_1_238' title='bbox 383 4321 538 4410; x_wconf 83' lang='lat' dir='ltr'><strong>gradibus</strong></span> <span class='ocrx_word' id='word_1_239' title='bbox 561 4323 743 4412; x_wconf 89' lang='lat' dir='ltr'><strong>clipeosque</strong></span> <span class='ocrx_word' id='word_1_240' title='bbox 767 4325 806 4391; x_wconf 87' lang='lat' dir='ltr'><strong>ad</strong></span> <span class='ocrx_word' id='word_1_241' title='bbox 832 4326 894 4392; x_wconf 89' lang='lat' dir='ltr'><strong>tela</strong></span> <span class='ocrx_word' id='word_1_242' title='bbox 920 4326 1061 4393; x_wconf 87' lang='lat' dir='ltr'><strong>sinistris</strong></span> 
     </span>
     <span class='ocr_line' id='line_1_39' title="bbox 208 4428 1017 4529; baseline 0.002 -33"><span class='ocrx_word' id='word_1_243' title='bbox 208 4430 345 4516; x_wconf 86' lang='lat' dir='ltr'><strong>protecti</strong></span> <span class='ocrx_word' id='word_1_244' title='bbox 369 4428 531 4529; x_wconf 77' lang='lat' dir='ltr'><strong>obiciunt,</strong></span> <span class='ocrx_word' id='word_1_245' title='bbox 556 4439 708 4517; x_wconf 87' lang='lat' dir='ltr'><strong>prensant</strong></span> <span class='ocrx_word' id='word_1_246' title='bbox 732 4430 860 4517; x_wconf 81' lang='lat' dir='ltr'><strong>fastigia</strong></span> <span class='ocrx_word' id='word_1_247' title='bbox 885 4430 1017 4499; x_wconf 81' lang='lat' dir='ltr'><strong>destris.</strong></span> 
     </span>
    </p>
   </div>
   <div class='ocr_carea' id='block_1_4' title="bbox 0 0 1668 5022">
    <p class='ocr_par' dir='ltr' id='par_1_6' title="bbox 0 0 1668 5022">
     <span class='ocr_line' id='line_1_40' title="bbox 0 0 1668 5022; baseline 0 0"><span class='ocrx_word' id='word_1_248' title='bbox 0 0 1668 5022; x_wconf 95' lang='lat' dir='ltr'><strong> </strong></span> 
     </span>
    </p>
   </div>
  </div>
 </body>
</html>
