3296 5022
248 299 290 364 52
679 316 722 361 ru
746 315 1011 364 rnnornclsron.

252 484 353 563 parta
377 485 423 561 εί,
455 484 554 567 ὥσπερ
585 486 782 564 Ἀρκεσίλαος
806 485 924 566 παίζοι
952 489 1113 567 ἐνεχείρει,
1147 488 1198 550 πδν
1221 490 1281 562 μῦν
1306 486 1319 549 ό
1343 484 1442 562 θθλαξ

252 591 449 671 κατέφαγεν.
481 591 603 657 uocem
623 593 725 677 igitur
744 591 839 656 modo
858 590 1093 677 Theophrastus
1112 611 1236 675 quoque
1257 593 1440 676 scripserat:

253 696 306 760 ε’ἀν
329 700 390 774 μῦς
415 697 544 762 θύλακον
565 699 736 777 ἀλφιτιρρὸν
760 695 944 774 διαΤΡάγρ.

298 904 375 992 Cep.
399 908 499 973 XVII.
522 908 769 988 Μεμψιμοιρίας.

300 1015 315 1078 ό
339 1014 370 1079 δὲ
389 1013 597 1094 μεμψίμοιρος
618 1012 734 1077 τοιόσδε
757 1035 803 1081 σις
822 1006 879 1081 οἶος
899 1013 1123 1083 ἀποςείλοινπος
1147 1011 1257 1092 μερίδα
1276 1014 1329 1075 τοῦ
1347 1009 1442 1091 Φόλον

254 1122 351 1186 εἰπεῖν
378 1121 451 1199 πρὸς
483 1120 534 1184 σὸν
567 1117 702 1199 Φέρονπα
739 1118 975 1198 »ἘφθόνησΛΟ
1005 1140 1055 1195 μοι
1091 1121 1144 1181 σοῦ
1174 1119 1274 1197 ζωμοῦ
1304 1115 1357 1180 καί
1387 1120 1442 1180 τοῦ

254 1225 379 1305 οίναρίον
404 1226 457 1289 οὐκ
480 1223 529 1287 ἐπὶ
554 1221 672 1288 δεῖπνον
696 1222 834 1293 καλέσας
850 1221 882 1307 ’']
917 1222 1003 1287 Fieri
1031 1242 1094 1287 non
1120 1226 1225 1306 potest
1253 1228 1291 1285 ut
1320 1223 1367 1285 ita
1395 1220 1444 1285 di·

254 1335 339 1396 xerit
360 1331 402 1392 οιί
422 1329 570 1392 saeclum
592 1328 646 1413 qui
668 1329 827 1391 οόόαόονοθε
858 1323 1029 1409 έφθόννοάς
1053 1350 1125 1404 μοι,
1156 1326 1211 1392 sed
1237 1326 1275 1390 de
1298 1325 1442 1401 domino,

254 1436 362 1512 crede,
385 1433 525 1498 dixerat:
550 1430 740 1512 ε’ΦθόνιρσΕΝ
760 1431 860 1496 ’‘APA
884 1455 934 1506 μοι
958 1435 1011 1495 ποῦ
1035 1429 1135 1510 ζωμοῦ
1159 1431 1222 1494 uri.

301 1643 382 1710 Ibid.
415 1641 470 1707 ιιιιί
495 1644 567 1723 πρὸς
591 1641 643 1705 σὸν
666 1640 945 1721 εὐαγγελιζόμενον
969 1637 1014 1704 όπι
1041 1638 1137 1718 .,Τίός
1165 1664 1211 1705 σοι
1234 1640 1378 1719 γέγονεν”
1401 1642 1443 1705 εί·

258 1759 327 1816 πεῖν
349 1745 395 1814 ότι
421 1745 503 1826 »Ἂν
520 1749 667 1829 προσθῇς·
692 1747 745 1811 καί
764 1754 820 1821 τῆς
839 1748 944 1819 οῦσίας
963 1747 999 1812 πό
1020 1744 1113 1823 ἥμισυ
1130 1743 1326 1820 ἀπΕΟΤΙΝ,
1343 1747 1442 1820 ἀλνθιῖ

257 1854 363 1938 ἐρεῖς]
399 1852 585 1917 Absurdum
616 1872 682 1917 esse
716 1849 828 1919 ἀπεειν
862 1853 933 1935 quis
962 1870 1026 1916 non
1058 1848 1165 1917 ridet?
1208 1849 1299 1930 Quod
1331 1856 1380 1915 est
1407 1852 1444 1915 in

256 1959 403 2025 Palatino
432 1952 548 2021 Codice
569 1955 690 2029 ἀπέενν
712 1958 811 2021 etiam
840 1958 932 2040 peius
959 1960 1017 2020 est.
1059 1954 1095 2019 In
1117 1954 1208 2020 libris
1230 1957 1333 2043 igitur
1355 1957 1444 2020 etin

257 2063 399 2148 apicibus
420 2061 588 2125 literanum
616 2059 700 2124 nihil
723 2063 771 2125 est
791 2060 959 2145 praesidii,
982 2059 1037 2126 sed
1062 2060 1141 2125 dicti
1163 2062 1319 2126 sententia
1340 2060 1443 2125 facem

255 2166 408 2253 praefert,
441 2152 617 2249 namquid
644 2163 732 2230 aliud
753 2167 859 2249 potuit
888 2165 985 2230 horno
1013 2167 1120 2250 inepte
1146 2165 1297 2249 querulus
1326 2165 1444 2229 dixisse

257 2288 371 2358 quam:
397 2269 450 2335 καί
474 2276 529 2342 τῆς
552 2270 658 2340 οὐσίας
682 2271 717 2335 τό
745 2268 838 2347 ι’ίμισυ
865 2271 1105 2335 ἀπΟΛΩΑΕΝ
1130 2269 1229 2345 ἀλαθῆ
1253 2269 1338 2349 έρεΐς.
1382 2269 1446 2334 Ne·

258 2378 391 2445 cessaria
418 2379 466 2440 est
488 2379 521 2439 et
545 2374 674 2440 evidens
696 2376 850 2459 oppositio
872 2377 955 2440 inter
977 2375 1104 2453 γέγονεν
1128 2378 1161 2440 et
1182 2372 1354 2439 ἀπόλωλεν.
1380 2368 1391 2382 ’

301 2585 378 2672 Gap.
401 2584 517 2650 XVIII.
542 2584 701 2658 ’Λπιςίας

302 2694 354 2756 καί
377 2692 428 2756 τόν
451 2690 553 2756 παῖδα
578 2689 608 2756 δέ
633 2692 856 2756 ἀκολουθοῦντα
886 2690 1022 2756 κελεύειν
1046 2695 1146 2757 αὑτοῦ
1173 2691 1293 2757 όπισθεν
1315 2691 1360 2768 μέν
1382 2689 1444 2768 βοι-

257 2800 346 2879 δίζειν
370 2797 445 2860 ἀλλ’
470 2794 635 2877 ἔμπροσθεν
666 2793 716 2861 ἵνα
739 2796 945 2877 φυλάτπνσαι
972 2797 1067 2861 αὐτόν
1090 2799 1133 2873 μέγ
1165 2798 1195 2862 ε’ν
1226 2806 1264 2877 τῇ
1288 2795 1344 2876 ὁδῷ
1367 2796 1444 2860 ἀπο-

256 2902 418 2985 orselli]
455 2899 571 2985 'lmpis
594 2900 809 2966 barbarismus
838 2902 981 2967 Atticam
1004 2905 1179 2967 orationem
1199 2900 1350 2967 maculat.
1384 2899 1445 2965 Ve

259 3008 380 3073 teribus
410 3012 458 3070 est
488 3007 597 3070 coristi
627 3004 730 3070 forma
759 3005 914 3085 ἀπέδραν,
946 3005 1067 3085 ἐξέδραν
1089 3012 1122 3071 et
1144 3008 1278 3086 διέδραν,
1310 3013 1342 3071 et
1370 3007 1446 3070 hino

257 3108 412 3189 ἀποδράς,
445 3107 640 3188 ἀποδρᾶναι,
671 3110 836 3190 ἀποδραίην
860 3116 892 3175 et
919 3109 1037 3191 ἀποδρῶ
1065 3111 1202 3195 ἀπιδροῖς
1233 3112 1352 3195 ἀποδρᾷ
1384 3116 1444 3176 cet.

258 3218 445 3283 formantur.
481 3210 631 3278 Graeculi
653 3212 734 3278 hanc
756 3236 879 3300 quoque
898 3217 1034 3281 formam
1056 3217 1255 3305 negligentia
1272 3221 1447 3283 amiserunt

247 3328 290 3397 ,et
313 3318 476 3399 ἀπέδρασα
502 3322 671 3401 coeperunt
690 3317 792 3384 dicere
815 3327 847 3385 et
868 3323 1041 3401 ἀποδράσαι
1061 3329 1094 3386 et
1116 3320 1294 3400 ἀποδράοας
1316 3326 1348 3386 et
1370 3322 1446 3384 ἀπο·

258 3426 376 3508 δράσειε
400 3427 431 3488 et
454 3422 621 3501 ἀποδράσρ.
666 3420 797 3489 Licebat
827 3427 869 3489 iis
896 3426 998 3491 dicere
1022 3427 1105 3511 quod
1127 3426 1264 3505 vellent,
1293 3426 1348 3491 sed
1376 3424 1447 3489 ubi·

257 3551 394 3616 cumque
416 3528 569 3593 Veterum
598 3547 675 3591 usus
697 3547 716 3591 a
738 3532 921 3613 sequiorum
951 3531 1092 3614 σννηθείᾳ
1115 3531 1271 3616 discrepat
1299 3532 1448 3613 antiquae

258 3644 290 3704 et
312 3637 428 3722 probae
457 3633 578 3698 formae
600 3633 635 3694 in
657 3652 775 3720 mag-no
800 3656 924 3720 semper
953 3636 1094 3721 periculo
1119 3641 1286 3703 versantur
1313 3654 1353 3699 ne
1376 3633 1448 3717 quis

257 3764 296 3808 ex
318 3737 502 3827 quotidiano
531 3757 674 3801 sermone
704 3737 823 3804 formas
843 3742 980 3806 novitias
1006 3742 1190 3807 substituat.
1226 3739 1331 3820 Quam
1356 3756 1448 3822 saepe

257 3846 326 3913 ridi
349 3841 484 3923 ἀποδράς
516 3843 551 3906 in
579 3840 757 3922 ἀποδράσας
782 3844 897 3910 abiisse
927 3850 983 3910 aut
1009 3846 1178 3926 ἀποδρᾶναι
1201 3848 1235 3910 in
1261 3843 1447 3923 ἀποδράσοιι.

258 3950 391 4017 Sicubi
422 3947 657 4032 Theophrastus
684 3947 825 4015 dixerat:
857 3948 906 4015 ίνα
930 3949 1135 4032 φολάπτνποιι
1163 3950 1257 4017 αὐτόν
1279 3950 1324 4026 μὴ
1355 3949 1385 4012 ἐν
1407 3956 1447 4029 τῇ

259 4057 315 4136 όδῷ
337 4054 495 4133 scorrer,
519 4052 638 4118 scribae
660 4052 711 4118 illi
730 4075 802 4120 suaa
825 4055 930 4121 sordes
953 4055 1156 4122 affricuerunt
1173 4058 1346 4122 substituto
1368 4054 1448 4119 ἀπο-

257 4162 362 4246 δράσγ.

305 4368 379 4454 Gap.
404 4368 492 4436 xlx.
518 4370 723 4450 Δνσχερείας.
