3200 5066
316 310 382 377 384
814 332 1003 380 rnaroruon.

314 498 430 579 ἕτερον,
464 499 517 565 vel
546 502 735 584 praepositio
767 502 855 577 άντί,
887 506 924 566 ut
948 480 1033 585 apud
1055 498 1275 586 Thucydidem
1298 498 1324 562 Ι.
1353 498 1426 563 120.
1447 502 1489 566 τὸν

315 604 450 682 πθλεμον
479 606 547 670 τίκτ’
579 606 693 686 είρνίννς
718 603 994 684 μεταλαμβάνειν.
1030 604 1067 668 In
1089 604 1150 669 hoo
1171 605 1268 669 verbo
1290 606 1412 671 scribae
1432 626 1490 690 pas

315 712 377 775 sim
408 716 538 794 peccant
564 732 620 796 pro
642 712 843 789 μεταλαβεῖν
867 712 974 775 notius
997 711 1060 775 sibi
1082 710 1283 789 μεταβαλεῖν
1305 710 1489 775 substituen-

314 820 374 881 tes.
421 815 553 882 Duobus
575 816 653 881 locis
676 816 760 901 apud
783 815 971 900 Euripidem
990 835 1051 900 pro
1073 816 1284 892 scarabantia
1302 814 1420 887 ἄλλους
1434 813 1490 893 τρί

314 943 388 992 πους
419 926 452 987 et
481 920 575 998 ὄνομα
606 922 816 998 μεταΒΑΛὼν
847 917 948 985 καινάν
970 918 1212 984 emendavimus
1234 920 1491 997 μεταΛΑΒιίνίιι

321 1026 392 1091 Vasa
422 1028 516 1091 lectt.
544 1047 620 1114 pag.
646 1024 722 1093 572.
758 1025 881 1091 Eodem
914 1022 1009 1089 modo
1032 1023 1161 1089 Platoni
1181 1023 1381 1089 reddendum
1402 1044 1491 1101 μετα·

315 1120 445 1198 ΛΑΒεῖν
473 1132 507 1197 τὸ
531 1139 644 1211 σχῆμα
667 1132 703 1197 τὸ
727 1133 784 1209 μὲν
806 1131 858 1196 σθν
880 1130 960 1209 ἐγώ,
985 1131 1023 1194 σὺ
1047 1129 1079 1194 δὲ
1101 1129 1224 1208 τούμόν.
1271 1130 1490 1213 Depositam

308 1257 440 1319 ρατιοιια
468 1259 580 1301 mnsam
608 1244 707 1314 taam,
738 1238 863 1321 ν’θαιιρυο
896 1243 931 1300 θα
953 1258 1055 1300 meam.
1090 1233 1323 1313 Μεταβοίλλειν
1345 1236 1380 1301 id
1402 1235 1491 1307 estis

313 1342 407 1405 σθίονν
421 1342 558 1426 famam
580 1349 747 1407 convalere
769 1342 809 1406 ab
831 1341 1017 1406 huiusmodi
1039 1361 1073 1406 re
1093 1339 1234 1407 alienum
1257 1348 1323 1418 est,
1348 1347 1382 1406 et
1404 1362 1491 1419 μετα-

314 1446 428 1524 βάλλω
451 1447 486 1511 τὸ
509 1448 561 1514 σὸν
584 1453 700 1527 σχῆμα
723 1447 784 1524 ἐγώ
809 1453 856 1513 est
879 1444 973 1530 plane
995 1466 1089 1513 sensu
1111 1466 1259 1512 vacuum.

360 1657 563 1743 Quamquam
584 1652 714 1743 Dialogi
737 1662 847 1722 auctor
868 1658 902 1720 in
925 1659 1056 1723 caeteris
1079 1660 1235 1723 rationem
1254 1661 1437 1742 temporum
1453 1654 1491 1719 rh·

314 1763 452 1849 ligenter
474 1765 631 1839 servavit,
653 1765 771 1828 erravit
794 1767 900 1827 tamen
925 1764 959 1826 in
982 1781 1019 1826 eo
1041 1762 1126 1846 quod
1147 1765 1273 1848 scripsit
1294 1783 1371 1849 pag.
1387 1759 1456 1827 118.
1466 1778 1490 1825 o.

314 1866 445 1944 λέγεται
471 1866 497 1953 (θ
521 1870 683 1952 Περικλῆς)
707 1869 760 1933 οθκ
781 1866 843 1932 άπὸ
866 1870 920 1931 τοῦ
944 1866 1124 1943 αὐτομάτου
1147 1867 1243 1949 σοφὸς
1262 1867 1426 1945 γεγονέναι
1443 1868 1491 1931 aa·

314 1972 359 2037 λά
391 1980 517 2043 πολλοῖς
547 1973 599 2036 καί
623 1980 728 2054 σοφοῖς
752 1969 976 2050 συγγεγονέναι
1001 1972 1053 2036 καί
1077 1972 1262 2053 Πυθοκλείδρ
1285 1973 1339 2037 καὶ
1366 1969 1491 2046 Ἀναξα-

315 2076 412 2159 γίρα·
436 2078 487 2143 καί
513 2087 604 2144 NTN
625 2079 713 2143 ”erl
736 2080 913 2151 τηλικοῦτος
935 2075 973 2139 ὢν
995 2073 1127 2153 Δάμωνι
1141 2074 1259 2153 ξύνεσιν
1279 2079 1379 2144 αὐτοῦ
1397 2076 1491 2143 τοίτου

314 2180 415 2246 ἕνεκα.
462 2182 611 2248 Primum
646 2184 882 2269 compositionis
912 2180 1018 2246 labem
1049 2180 1172 2268 corrige
1201 2182 1397 2267 reponendo:
1427 2180 1490 2246 ἄλλ’

315 2285 436 2373 (άλλως
471 2287 519 2376 τε)
551 2297 678 2360 πολλοῖς
707 2288 760 2354 καί
785 2294 892 2368 σοφοῖς
916 2286 1140 2364 συγγεγονέναι
1163 2286 1216 2351 καί
1241 2287 1427 2368 Πυθοκλειθς
1446 2284 1490 2351 καί

315 2390 525 2476 Ἀναξαγόρᾳ.
572 2392 710 2458 Fallitur
738 2399 848 2458 autem
878 2391 962 2475 quod
992 2396 1086 2475 putat
1113 2391 1270 2457 Periclem
1300 2412 1384 2457 anno
1419 2388 1490 2465 430,

314 2518 379 2563 uno
402 2519 484 2564 anno
507 2502 580 2564 ante
603 2503 757 2574 mortem,
781 2498 935 2562 Damonis
958 2496 1185 2561 consuetudine
1206 2517 1304 2561 usum
1327 2518 1403 2563 esse.
1435 2494 1492 2562 Diu

314 2609 388 2669 ante
415 2603 539 2669 Damon
571 2605 605 2666 in
636 2602 786 2667 exsilium
815 2604 904 2666 ierat.
946 2599 1138 2665 Plutarchus
1159 2604 1193 2665 in
1216 2602 1335 2665 Pericle
1357 2623 1424 2687 cap.
1444 2597 1490 2663 w.

314 2710 328 2772 ί
354 2709 577 2786 Δάμων-ὠς
602 2706 884 2786 μεγαλοπράγμων
907 2705 960 2771 καί
985 2706 1202 2787 φιλοτύραννος
1225 2705 1444 2787 ἐξωςρακίσθν,
1465 2708 1492 2768 et

313 2818 458 2880 constans
481 2819 548 2878 erat
570 2813 657 2877 fama
678 2812 836 2877 Periclem
858 2830 920 2876 non
945 2815 1047 2875 aetate
1071 2818 1258 2896 provectum
1277 2813 1333 2877 sed
1352 2814 1492 2878 iuvenem

313 2917 466 2984 Damonis
496 2918 670 3003 praeceptis
701 2937 767 2982 esse
787 2917 984 2981 institutum.
1021 2915 1058 2978 ln
1080 2915 1225 2981 Platonis
1248 2913 1373 2983 Comici
1394 2912 1493 2981 fabula

315 3024 412 3109 (apud
434 3022 522 3088 Plut.
547 3022 569 3087 l.
593 3021 630 3111 l.)
655 3021 779 3087 Damon
802 3020 956 3107 agebatur
978 3022 1013 3084 in
1036 3040 1128 3085 scena
1151 3023 1382 3106 quaerebatque
1403 3042 1441 3086 ex
1461 3036 1492 3082 ec

313 3127 447 3214 aliquis:

450 3234 644 3313 πρῶτονμὲν
668 3231 716 3299 οὖν
740 3257 791 3311 μοι
818 3229 919 3309 λέξον,
944 3232 1115 3310 άντιβολῶ·
1140 3234 1178 3298 σὺ
1201 3233 1264 3314 γάρ

449 3335 486 3409 ίίς
509 3345 591 3421 φασι
616 3337 726 3419 Χείρων
749 3337 913 3418 ἐξέθρεψας
938 3336 1099 3417 Περικλέα.

358 3445 512 3511 Damonis
536 3445 575 3510 ob
598 3444 833 3529 philosophiam
855 3443 1102 3519 Atheniensibus
1123 3444 1220 3509 invisi
1241 3442 1391 3509 exsilium
1414 3460 1490 3507 com·

312 3556 547 3616 memoraverat
575 3553 674 3615 etiam
699 3547 883 3635 Polycrates
911 3549 941 3612 ἕν
964 3557 1002 3630 τῇ
1026 3553 1080 3613 τοῦ
1105 3546 1285 3628 Σωκράτους
1309 3544 1473 3626 κατηγορία
1480 3590 1488 3620 ,

313 3677 410 3740 quem
439 3655 593 3720 Libanius
622 3675 685 3720 non
714 3656 915 3718 nominatum
939 3652 969 3716 ἕν
993 3661 1032 3734 τῇ
1060 3657 1115 3718 τοῦ
1138 3653 1318 3733 Σωκράτους
1341 3647 1489 3729 άπολογίς

312 3763 359 3824 sic
389 3761 507 3825 refutat
537 3759 628 3825 Pom.
652 3758 708 3823 ΠΙ.
740 3779 813 3845 pag.
839 3756 893 3822 56.
926 3755 1044 3835 Δάμων
1076 3758 1108 3822 δὲ
1139 3759 1164 3823 εί
1195 3759 1253 3836 μὲν
1280 3759 1373 3834 ἠδίκει
1395 3760 1488 3825 καλῶς

314 3866 528 3945 ε’κβέβληται,
563 3868 601 3936 εί,
621 3865 652 3930 δὲ
682 3865 920 3943 ἐσυκοφαντεῖτο
950 3871 1086 3944 κρεῖττον
1118 3859 1151 3937 ἦν
1181 3863 1253 3940 μηδ’
1278 3864 1386 3929 ἐκεῖνον
1407 3863 1488 3927 τοῦτο

313 3972 423 4038 παθεῖν
454 3972 471 4047 ἢ
500 3971 537 4036 δι’
561 3974 669 4037 ἐκεῖνον
693 3968 745 4035 καί
771 3966 946 4049 Σωκράτην.
970 3968 1069 4034 καίτοι
1093 3968 1188 4051 φησίν
1213 3968 1419 4056 (Polycrates)
1443 3960 1487 4027 ἔπ’

313 4077 479 4143 ἐλάττοσιν
509 4076 625 4149 αι’τίαις
657 4073 838 4151 ἐξελαθῆναι
865 4072 917 4138 τὸν
941 4072 1100 4151 Δάμωνα·
1133 4078 1237 4139 τοῦτον
1262 4074 1324 4154 γάρ
1347 4073 1417 4151 μηδ’
1437 4066 1486 4134 ὑπὸ

313 4189 372 4251 τῶν
397 4184 509 4263 ἐχθρῶν
531 4183 636 4247 αίτίαν
658 4185 712 4246 τοῦ
736 4178 906 4245 καταλύειν
928 4178 979 4244 τὸν
1002 4179 1094 4259 δῆμον
1117 4180 1230 4259 λαβεῖν
1250 4177 1349 4261 ὅσπερ
1367 4179 1417 4244 τὸν
1435 4172 1486 4239 νυνί

311 4287 491 4368 κρινόμενον.

358 4392 479 4458 Melius
501 4414 558 4477 pro
580 4392 722 4458 Damone
744 4392 953 4479 Protagoram
977 4394 1186 4469 nominasset,
1219 4413 1356 4476 quocum
1378 4390 1485 4455 constat
