3244 5012
504 357 548 405 sn
570 356 800 406 musouoenu
823 327 1017 409 emnium.
1287 335 1353 405 809

165 531 254 594 mine
279 525 375 599 ίλιιοίσ
399 526 494 593 ducto
517 546 536 592 a
557 527 654 595 verbo
676 523 793 603 ἕλκειν,
815 526 974 619 utlecter
996 528 1116 613 cogitet
1138 526 1176 591 de
1195 524 1352 592 illecebris

165 635 370 711 meretriciis,
398 631 515 717 quibua
543 634 624 699 istae
645 631 854 698 mulierculae
875 631 1040 698 naucleros
1063 632 1102 697 ad
1125 652 1158 697 se
1180 631 1350 697 traherent.

166 736 217 804 Ad
239 737 379 816 είκοσίροι
402 737 442 803 cf.
465 737 650 804 Mnemeion
672 736 717 816 V,
741 735 827 815 204,
854 735 913 803 10:

258 840 398 914 Δίςσονίς
421 843 456 920 γ’
478 833 509 914 ὃς
532 840 605 923 ζωὸς
629 841 674 907 ἔτ’
698 840 736 908 ἴον
757 840 962 923 Ἀχερονσίδοι
985 841 1096 919 λίμνην

302 944 456 1013 πείσεθ’
478 945 576 1012 ἄνωθ’
600 947 716 1026 ἐπιβὰς
740 949 835 1028 γραὸς
857 948 908 1012 ἐπ’
931 946 1079 1030 είοοοσίρςο.

211 1051 357 1119 Navibus
378 1053 463 1131 suis,
487 1054 509 1118 i.
533 1072 561 1119 e.
585 1053 785 1139 corporibus,
807 1058 948 1119 vectores
970 1051 1090 1119 tollunt
1111 1051 1274 1118 naucleros
1298 1050 1350 1138 (ct.

165 1155 212 1231 V,
246 1155 290 1221 44
318 1161 361 1223 et¹
381 1154 466 1236 159,
496 1155 560 1235 IX,
589 1155 655 1222 415
686 1162 719 1223 et
741 1155 832 1242 416),
857 1156 913 1222 sed
933 1176 1010 1223 mox
1031 1157 1152 1225 eiciunt
1172 1158 1251 1242 ipsis
1273 1177 1351 1222 nau·

164 1261 264 1350 [ragin
285 1263 477 1341 miseriores,
502 1268 641 1341 νοινοογῶν
665 1259 806 1337 ἥσσονες.
842 1260 986 1327 Parmiro
1006 1266 1115 1327 tamen
1135 1260 1249 1339 ἥσσων,
1268 1261 1350 1347 irese-

165 1368 246 1445 rier,
277 1367 310 1432 h.
342 1366 365 1432 l.
393 1369 556 1434 notionem
583 1366 690 1432 induit
719 1368 788 1432 eius
817 1366 902 1451 quod
930 1371 978 1431 est
1004 1365 1157 1442 νοιὲιονὶοο,
1181 1371 1215 1432 et
1236 1385 1352 1451 parum

165 1471 327 1560 eleganter
352 1477 445 1557 poeta
475 1493 528 1538 eos
556 1475 613 1556 qui
641 1473 677 1536 in
705 1472 766 1537 hoe
790 1469 929 1559 figurato
951 1490 1095 1537 samone
1116 1473 1179 1556 ipsi
1203 1471 1351 1559 naufragi

166 1578 291 1644 dicendi
324 1582 428 1655 erent,
461 1578 626 1665 naufragis
657 1582 752 1644 vocat
782 1579 972 1643 miseriores.
1019 1576 1143 1656 Quibus
1177 1576 1217 1644 de
1246 1579 1350 1643 caruis

165 1682 370 1750 vehementer
385 1681 497 1748 dubito
514 1683 553 1747 de
562 1683 679 1750 horum
690 1681 919 1749 vocabulorum
929 1683 1075 1748 sauitetc.
1098 1681 1347 1768 Exspectabam:

393 1786 529 1866 γυμνοὺς
553 1790 814 1864 ναυηγοὺς-
827 1784 990 1866 ἐξέβαλεν.

211 1890 275 1959 Sed
296 1891 374 1978 quid
395 1890 495 1959 lateat
515 1895 550 1957 in
571 1891 698 1969 ι’ῐσσονοος
708 1937 717 1970 ,
741 1890 884 1958 noudum
905 1893 1036 1979 reperio.
1071 1891 1157 1959 Nam
1179 1892 1263 1979 quod
1281 1891 1353 1958 lite

165 1999 209 2063 ris
239 1999 385 2064 vicinum
415 2003 463 2064 eet
485 1998 574 2080 ᾔίνσσ
598 2002 655 2062 aut
677 1995 778 2079 ρίννιδ·
801 2000 840 2063 ut
860 1996 997 2064 sufficiat
1018 1997 1113 2064 valde
1135 2016 1253 2064 vereor.
1301 1997 1351 2063 ln·

165 2108 252 2169 terea
273 2102 413 2168 conferas
434 2100 514 2178 VII,
539 2100 615 2168 501.

301 2206 398 2288 Εὕρου
419 2207 578 2290 χενμὲριοιί
598 2231 634 2273 σε
657 2207 840 2285 westruse
864 2207 1131 2285 ἐξεκύλισαν,

348 2312 459 2390 Φίλλι,
482 2312 667 2393 colonatico
690 2313 848 2391 γυμνὸν
872 2312 921 2377 ἐπ’
946 2313 1056 2387 ἠιόνι.

211 2416 322 2505 Epigr.
347 2414 431 2495 171,
457 2415 478 2482 3
501 2439 547 2503 sq.

302 2519 364 2587 eti·
388 2522 445 2587 ὑπ’
468 2522 550 2601 ἐμοῖς
575 2527 625 2587 νῦν
646 2523 768 2602 χείλεσι
791 2523 907 2602 χείλεσι
931 2521 1053 2586 θεῖσιν

347 2627 476 2696 arescet
500 2627 611 2707 ψυχὰν
633 2628 692 2692 σὰν
715 2630 745 2691 ἐν
768 2628 834 2705 ἐμοὶ
857 2630 995 2707 προσίοι.

211 2731 281 2798 Imo
305 2733 353 2797 ἐπ’
366 2768 410 2782 ·-
421 2728 527 2798 θεῖσιν.

213 2837 323 2925 Epigr.
350 2834 427 2905 174.

258 2939 386 3021 ultan,
411 2943 588 3024 Ζηνοφίλοο,
611 2944 757 3025 τρυφερὸν
779 2942 897 3015 aeae.
918 2942 991 3009 El&
1014 2946 1063 3009 ert
1089 2946 1134 3010 ool
1159 2951 1208 3011 νῦν

302 3047 434 3127 ἄπτερος
458 3049 609 3130 είσρίειν
630 3045 743 3122 ‘Tereos
768 3048 818 3113 tel
841 3048 1024 3132 βλεφάροις.

252 3158 290 3229 ὡς
317 3153 368 3221 ἐπί
392 3152 437 3219 σοί
461 3153 534 3232 μηδ’
559 3149 643 3226 οὗτος
666 3156 681 3219 ί
704 3154 757 3218 uel
782 3156 854 3227 Διὸς
876 3153 1010 3233 ίρνμοοσοο
1033 3154 1158 3234 &loyes

296 3260 517 3343 Φοισνίσοιι,
542 3259 678 3339 κοισίχον
700 3260 726 3326 δ’
750 3261 843 3334 αὐτὸς
866 3258 928 3339 ἐγώ
951 3284 986 3325 σε
1010 3259 1118 3340 μίσος.

164 3366 217 3432 Vs.
249 3371 360 3452 quarto
387 3364 528 3431 soloecus
558 3371 606 3431 est
629 3368 806 3451 optativus,
830 3385 932 3451 neque
954 3368 1055 3451 ipsius
1076 3373 1188 3453 poetae
1211 3389 1349 3435 errorem

166 3492 234 3538 esse
262 3477 392 3557 apparet
414 3491 432 3536 e
452 3474 597 3555 sequenti
618 3470 811 3548 indicativo,
835 3472 892 3555 qui
914 3476 1000 3536 certe
1020 3470 1093 3558 lege
1114 3474 1258 3557 sequitur
1278 3480 1351 3558 pest

166 3582 279 3643 votum
300 3595 364 3640 non
385 3573 558 3659 expletum.
594 3574 787 3654 Quantocius
809 3574 1041 3660 reponendum:

299 3678 464 3760 Φοίσνρσεν,
487 3678 624 3759 κοισίχον
646 3679 672 3744 δ’
697 3682 791 3752 αὐτὸς
814 3678 876 3756 ἐγώ
900 3702 935 3743 σε
958 3678 1058 3757 μίσος.

163 3781 322 3849 Similiter
343 3803 439 3869 supra
459 3804 508 3869 ep.
531 3782 593 3863 84,
618 3786 639 3850 2
663 3785 817 3850 sermonis
838 3785 919 3849 ratio
941 3781 1098 3868 postulat:
1121 3782 1189 3851 είθε
1203 3822 1244 3836 -
1258 3787 1349 3865 νενί-

163 3913 226 3967 unu
238 3925 282 3936 —-
293 3886 375 3970 tepeo
386 3925 432 3938 -
442 3889 599 3971 χοιρίσω
622 3908 679 3975 pro
701 3888 827 3972 xaplcp.

209 3993 319 4081 Epigr.
347 3991 431 4071 180,
456 3991 488 4058 6.

210 4097 333 4167 Codex:
356 4098 488 4178 γενέσιος
512 4097 539 4162 δ’
563 4097 633 4163 οὔτε
657 4123 716 4170 τις
739 4099 809 4165 οὔτε
833 4100 919 4164 τινί
927 4124 952 4171 ς.

163 4207 235 4274 Non
269 4204 448 4291 recipienda
476 4204 579 4270 fuerat
606 4203 745 4270 Jacobsii
774 4207 925 4271 correctio
953 4205 1024 4271 crire
1056 4208 1117 4277 rte
1147 4206 1216 4272 οὔτε
1248 4209 1343 4287 σίνος,

163 4334 239 4378 nam
269 4311 413 4376 inaudita
443 4317 490 4377 est
520 4309 642 4394 ellipsis
672 4317 724 4374 τοῦ
752 4310 851 4389 ἴσμεν.
893 4312 965 4377 Nisi
985 4312 1099 4390 fallor,
1123 4320 1233 4397 poetae
1255 4335 1346 4381 mens
