3388 5010
617 359 773 406 ancienne
797 360 832 405 rr
856 358 1012 406 amianas.
1347 338 1412 403 aab

227 542 311 612 quaa
334 526 470 611 partirat
493 528 563 613 ipsc
585 525 732 593 doctrina
759 524 890 594 bona?''
909 526 987 592 boos
1005 524 1098 592 habet
1111 524 1201 591 Leid.
1214 527 1233 589 Ξ
1247 543 1273 590 s.
1286 524 1414 613 Voss),

228 628 284 695 sed
307 627 408 706 nihil,
432 629 517 714 quod
541 634 780 717 corruptionem
806 632 839 696 in
862 629 957 697 Nouii
980 629 1087 696 verbis
1118 628 1197 695 satis
1220 627 1359 715 explicet
1382 640 1415 696 et

228 731 428 799 commodam
462 732 613 818 praebeat
645 736 853 803 seutentiam.
901 734 1017 821 Utique
1049 732 1128 799 iilud
1156 753 1235 820 »pro
1266 732 1414 801 doctriua

228 836 328 903 boni”
355 840 410 924 (z
431 838 608 907 secundum
633 840 814 906 doctrinam
839 838 1030 906 desummo
1053 837 1149 925 bono)
1171 837 1225 903 vix
1250 836 1413 906 Latinum.

229 940 316 1009 Idem
339 942 434 1009 obiici
460 951 564 1029 potest
588 943 639 1009 bis
663 943 702 1015 ir.
732 949 769 1010 17
794 943 886 1031 (24);

371 1066 470 1134 quani
493 1048 539 1113 mi
563 1046 615 1114 iiie
639 1057 831 1135 quantumst
853 1051 940 1114 inter
964 1046 1143 1113 bumanuuv
1167 1065 1272 1134 genua

372 1150 541 1239 totumquo
565 1154 685 1219 interae
709 1155 878 1237 coniugat,
902 1152 1137 1219 communicati

275 1254 375 1320 Nemo
405 1254 498 1322 iaciie
528 1255 688 1323 divinaret
715 1259 791 1344 quis
813 1265 899 1324 esset
921 1258 978 1324 iiic
1001 1277 1039 1323 ex
1064 1257 1224 1322 sententia
1249 1254 1414 1336 duellari,

231 1361 294 1425 nisi
317 1361 386 1447 ipse
408 1358 531 1443 diceret
553 1361 586 1426 in
610 1362 841 1430 commentario
866 1382 896 1449 p.
921 1366 1007 1428 2602
1039 1361 1132 1438 sitio,
1163 1361 1220 1446 qui
1244 1361 1416 1427 mulierem

231 1466 382 1531 invasit'’.
430 1465 515 1531 liaeo
539 1476 616 1532 suot
641 1467 719 1553 ipsis
744 1466 850 1533 verbis
873 1465 966 1532 b'onii
992 1466 1190 1532 obscuriora.
1239 1467 1282 1532 At
1305 1464 1412 1533 addit:

232 1569 333 1636 ‚iliud
354 1572 460 1657 [ervvm
483 1569 673 1658 pierumque
686 1571 729 1657 [i]
754 1587 940 1658 pervnoveor
961 1579 996 1637 ut
1015 1572 1201 1655 genetivum
1221 1569 1416 1637 substantivi

230 1676 339 1762 potius
362 1693 432 1741 esse
453 1676 633 1742 existimem
657 1677 697 1741 ab
722 1692 759 1742 eo
782 1676 866 1762 quud
891 1685 941 1743 est
962 1675 1076 1743 ierus''
1099 1710 1145 1727 -—
1164 1713 1220 1743 -.
1245 1676 1418 1761 swidger,

231 1781 466 1853 communicat;
499 1779 652 1866 ireqnens
678 1781 856 1869 asyndeton
881 1780 1111 1847 vetustissimis
1133 1788 1302 1847 auctorum
1327 1781 1417 1846 bati·

232 1884 388 1951 norum”.
436 1885 496 1951 iiis
523 1884 605 1950 nibii
634 1885 832 1973 proficimus.
880 1887 963 1952 Sunt
987 1884 1065 1951 haec
1090 1884 1419 1970 »intellegentibus”‚

232 1992 260 2059 ai
285 1991 341 2076 qui
365 1990 448 2066 sint,
467 1987 689 2075 relinquenda.
734 1991 811 2057 Lusi
835 1992 868 2057 in
892 2011 930 2058 eo
952 1989 1071 2076 fragm.
1095 1988 1296 2056 ernendsndo
1320 1989 1417 2058 Gaui.

232 2095 274 2162 ΙΙ.
299 2115 329 2181 p.
353 2098 416 2171 97,
439 2093 508 2181 (nbi
531 2103 608 2160 anta
632 2095 895 2162 »communicat”
924 2105 1017 2163 erant
1042 2095 1179 2161 omissae
1203 2094 1344 2183 syllabae
1368 2095 1418 2160 in·

233 2199 317 2266 dicia
341 2197 520 2286 ponenda),
543 2198 599 2265 sed
622 2216 661 2265 ea
684 2202 715 2265 in
742 2210 865 2268 textum
890 2220 952 2267 nou
977 2202 1181 2285 recepissem.

279 2310 333 2371 79.
357 2302 476 2369 Eodem
499 2322 562 2368 uno
581 2301 633 2370 bic
654 2304 747 2372 modo
767 2307 851 2372 ueris
872 2308 936 2372 iam
949 2306 1091 2371 rationes
1108 2302 1291 2370 subducant
1308 2323 1393 2370 suas.

234 2410 300 2477 Hoc
331 2409 401 2475 ioco
430 2408 471 2474 bi.
498 2406 628 2493 reliquit
661 2412 886 2477 auctoritatem
916 2409 1083 2476 beidensis
1115 2409 1301 2495 praebentis
1329 2410 1417 2496 (oraru

234 2513 384 2580 omnibus
407 2512 554 2598 reliquis)
577 2513 769 2580 subduceret.
807 2514 1000 2582 Coniectura
1019 2514 1143 2581 adscita
1163 2515 1346 2591 subducent,
1368 2514 1419 2580 bic

235 2617 333 2706 (quod
364 2628 413 2684 ost
443 2618 476 2681 in
508 2618 640 2701 optimis
666 2618 754 2685 Laid.
779 2621 851 2687 Par.
883 2621 939 2698 0.,
964 2620 1085 2697 voro„
1111 2617 1198 2684 Hori.
1223 2638 1271 2704 pr.
1296 2638 1360 2695 m.‚
1386 2620 1419 2684 in

235 2721 294 2788 boo
317 2722 420 2789 altera
449 2738 565 2787 munus
597 2720 713 2788 delevit
736 2723 767 2812 c)
789 2725 905 2788 statuit
926 2742 998 2789 esse
1023 2723 1257 2788 nominativum
1287 2721 1420 2808 pluralis

235 2827 377 2895 numeri,
405 2824 517 2892 Boinoa
539 2833 572 2892 et
594 2826 678 2894 bisce
701 2836 776 2894 nota
799 2836 896 2908 sunt,
927 2848 989 2893 nou
1015 2827 1066 2894 bie
1090 2826 1223 2914 (plur),
1247 2825 1332 2912 quod
1356 2827 1422 2893 sci·
1454 2852 1459 2857 ·

235 2950 308 3010 aru,
341 2950 401 2996 nec
431 2928 616 2997 defenditur
648 2931 717 2997 ioco
747 2933 878 2999 xxviv.
904 2937 947 2999 ab
972 2930 1128 2999 abisaac
1157 2931 1209 2997 bio
1231 2931 1421 2999 adverbium

236 3056 305 3102 esve
336 3044 441 3122 potest
472 3035 527 3123 (ci.
548 3036 636 3101 Goni.
662 3035 702 3102 11.
727 3056 756 3122 p.
782 3038 850 3126 21).
899 3038 1015 3122 Utique
1038 3053 1101 3102 non
1126 3046 1280 3104 orateur
1303 3036 1422 3104 subdu·

119 3138 131 3155 ‘
237 3153 318 3208 cerat
342 3140 589 3227 ivnprobaretur.
636 3140 808 3207 Librorum
833 3141 943 3209 lectio:

364 3245 475 3313 eodem
499 3262 564 3312 uno
587 3244 639 3312 hic
664 3245 757 3315 modo
780 3249 950 3314 amttam
972 3245 1169 3315 subduceret
1192 3260 1289 3327 suas3
1349 3308 1355 3319 .

238 3350 389 3421 fortasse:

314 3455 424 3524 eddam
449 3468 516 3522 uno
537 3454 591 3522 hic
615 3457 709 3524 modo
730 3459 911 3524 errationes
931 3457 998 3523 idm
1024 3455 1220 3523 subduceret
1244 3472 1332 3524 suas.

236 3561 333 3629 badii
366 3571 457 3649 poeta
493 3562 527 3626 in
551 3560 765 3629 similitudine
788 3561 1016 3628 vooahutorom
1039 3562 1175 3628 satiasses
1199 3569 1231 3627 et
1254 3562 1426 3629 manuscr

236 3676 270 3734 et
292 3668 552 3755 supputationem
580 3674 646 3732 tam
672 3666 789 3733 malam
811 3666 893 3733 dicit
918 3676 954 3733 ut
977 3682 1126 3735 errorum
1152 3666 1251 3733 series
1277 3665 1423 3753 (orontio-

236 3783 303 3857 ποι)
329 3775 435 3860 potius
459 3771 599 3838 vocanda
622 3772 666 3837 sit
688 3791 786 3858 quam
810 3772 935 3858 accepti
958 3780 990 3840 et
1014 3771 1147 3858 expensi
1169 3771 1315 3838 rabones.
1342 3771 1424 3860 Syn·
1470 3756 1475 3765 ⁸

237 3879 332 3946 iaesis
362 3881 397 3945 ia
427 3878 533 3945 eodem
564 3875 685 3944 nuliam
710 3876 806 3944 habet
830 3874 1075 3955 difficultatem,
1106 3877 1236 3962 saepius
1258 3892 1278 3941 a
1300 3876 1424 3943 Lucilio

237 3990 269 4051 et
292 3984 365 4052 aliis
388 3982 626 4070 antiquioribus
648 3980 811 4061 admissa,
834 3981 894 4048 ΙΙΙ.
921 3985 982 4060 43,
1007 3981 1151 4048 xxviii.
1180 3985 1241 4061 lb,
1265 3980 1333 4048 XX.
1362 3988 1422 4049 13:

238 4098 449 4178 »tempestate
479 4108 538 4155 sua
558 4097 656 4174 atqua
678 4086 789 4153 codem
815 4102 879 4153 uno
902 4094 1046 4174 tempore
1068 4094 1101 4153 et
1125 4083 1267 4164 horae''‚
1297 4106 1336 4153 ax
1359 4107 1426 4174 quo

236 4198 306 4267 loco
336 4195 435 4263 simui
463 4202 615 4282 apparet,
646 4193 820 4259 Lucilium
839 4191 959 4258 dixisse
989 4208 1071 4256 unus
1102 4190 1189 4256 idem
1219 4210 1293 4277 pro:
1319 4212 1426 4261 »unus

237 4302 425 4389 idemque'';
451 4301 535 4368 unde
558 4302 613 4369 lx.
638 4306 658 4366 5
681 4299 761 4366 »hoc
785 4296 942 4365 iaciemus
964 4305 998 4366 et
1018 4316 1083 4363 nno
1100 4296 1211 4364 eodem
1232 4305 1269 4363 ut
1288 4297 1424 4366 dicimu’

237 4409 356 4496 pacto’
379 4418 484 4496 posset
499 4405 629 4476 deiendi
649 4406 765 4475 collato
786 4405 887 4475 XXX.
903 4409 961 4473 48:
988 4402 1208 4491 »quidservas
1228 4411 1292 4490 quit
1312 4404 1422 4479 earu''‚
