3296 5022
700 329 743 374 AD
767 326 1033 379 arduennensium.

852 531 892 597 11.

597 733 640 781 no
663 730 885 783 aunonensem
907 730 1142 783 emmennone.
1182 794 1184 799 y

320 928 396 993 Tres
415 930 545 993 omnino
564 948 631 992 esse
654 923 799 1003 Codices,
818 926 901 990 unde
921 928 1011 991 crisis
1031 926 1259 1012 Theophrastei
1277 930 1382 1001 libelli
1400 937 1469 999 tota

272 1034 421 1120 pendeat,
442 1054 478 1099 ao
495 1038 691 1098 caeterorum
710 1035 871 1109 omnium,
889 1034 945 1116 qui
962 1032 1116 1117 permulti
1135 1041 1320 1119 supersunt,
1339 1036 1468 1105 nullum

272 1160 399 1225 prorsus
431 1160 498 1205 esse
531 1159 628 1204 usum
658 1158 759 1222 neque
790 1137 868 1205 adeo
897 1137 1000 1203 unam
1031 1158 1141 1205 eorum
1171 1142 1328 1209 rationem
1358 1142 1469 1209 heberi

272 1251 413 1332 oportere
445 1266 554 1311 omnes
585 1246 794 1313 eonsentiunt
847 1242 916 1309 Hos
949 1262 1011 1330 ego
1037 1262 1146 1311 omnes
1179 1253 1297 1329 quanta
1326 1251 1469 1315 monime

272 1354 364 1437 potui
392 1351 562 1439 diligentie
595 1372 683 1427 oum<
700 1348 880 1435 pulvisoulo
910 1350 1050 1415 excussi:
1082 1349 1266 1419 Parisinum
1295 1354 1334 1421 Α.
1366 1350 1466 1421 2977.

272 1456 551 1527 membranaceum
574 1456 689 1525 saeouii
713 1455 754 1519 X.
777 1460 809 1521 et
827 1455 1010 1525 Parisinum
1033 1456 1069 1523 B.
1093 1455 1190 1522 1883.
1211 1460 1291 1524 item
1313 1463 1349 1527 in
1366 1481 1467 1529 mem-

273 1562 380 1628 branis
409 1565 564 1646 soriptum
587 1564 701 1629 aetatis
724 1562 887 1639 eiusdem,
917 1583 953 1627 so
985 1565 1118 1631 tertium
1140 1563 1327 1633 Palatinum
1356 1569 1391 1633 in
1414 1567 1466 1632 Bi·

272 1667 431 1733 bliotheca
453 1666 615 1737 Vaticana.

319 1773 460 1839 Palatini
482 1770 612 1839 Godioie
630 1775 803 1858 scripturas
826 1773 958 1841 exhibui
978 1776 1015 1839 >in
1037 1773 1248 1862 Mnemosyne
1271 1776 1356 1843 VIII.
1385 1799 1467 1847 anno

277 1877 374 1944 1859.
404 1901 435 1964 p.
458 1878 523 1945 310
546 1900 612 1964 sqq.
654 1878 872 1947 Parisinorum
903 1878 1053 1947 lectiones
1075 1901 1095 1945 a
1116 1901 1169 1947 me
1196 1880 1332 1951 fideliter
1360 1890 1466 1950 enota-

274 1991 324 2050 tes
345 1984 520 2055 identidem
543 1984 600 2049 ubi
622 2005 699 2051 usus
721 1983 801 2049 feret
823 2004 1016 2069 expromam.

320 2192 396 2280 (lap.
421 2193 446 2258 I.
474 2193 642 2273 Εἷρνινεέας.
683 2254 688 2261 ,

320 2302 372 2368 καὶ
394 2300 444 2365 ἐπὶ
468 2307 532 2375 τοῖς
563 2299 632 2364 καθ’
662 2298 772 2367 ἑαυτοῦ
804 2298 981 2377 λεγομένοις
1009 2301 1083 2381 πρὸς
1111 2303 1181 2373 τοὺς
1210 2304 1465 2383 ’ΛΔΙΚσνμένονι

276 2409 328 2473 καὶ
350 2409 610 2485 ἀγανακτοῦντας
634 2405 736 2488 πρᾴως
763 2403 997 2493 διαλέγεσθον]
1036 2405 1100 2472 Res
1129 2409 1199 2493 ipsa
1225 2416 1257 2475 et
1278 2413 1366 2479 vitae
1396 2432 1467 2478 oon·

275 2514 410 2581 suetudo
437 2513 527 2584 duoit
549 2511 589 2577 nd
611 2530 722 2577 veram
743 2512 934 2596 scripturam
956 2512 1054 2577 hano:
1085 2512 1157 2591 πρὸς
1179 2516 1249 2587 τοὺς
1274 2518 1465 2595 ΔΙΗγοιιμέ-

273 2645 339 2693 vove
360 2620 412 2685 καὶ
434 2620 704 2697 ἀγανακτοῦντας.
736 2615 773 2681 Si
792 2617 862 2702 quie
881 2619 934 2683 eui
954 2616 1139 2696 maledixit,
1163 2642 1340 2707 numquam
1360 2624 1467 2693 deesse

275 2727 378 2793 solent
401 2726 456 2810 qui
479 2723 512 2789 id
535 2723 575 2787 ed
602 2744 677 2789 eum
699 2722 810 2791 sedulo
837 2722 995 2800 deferant,
1027 2729 1122 2809 atque
1148 2726 1182 2793 id
1204 2730 1329 2813 proprie
1353 2730 1464 2808 baysi-

274 2833 347 2897 σέαέ
368 2855 399 2899 τι
417 2830 490 2913 πρός
513 2852 584 2893 τινα
603 2827 790 2914 appellatur.
819 2827 1009 2895 Rectissime
1029 2827 1210 2899 Simonides
1230 2832 1366 2906 εἰπόντος
1386 2835 1465 2908 τινὸς

274 2935 320 3005 έτι
343 2936 450 3007 πολλοὶ
476 2933 570 3001 αὐτὸν
594 2938 666 3013 παρ’
690 2935 774 3014 αὐτῷ
797 2940 898 3005 κακῶς
922 2933 1041 3013 λέγοιεν
1059 2938 1107 3001 Οὐ
1131 2936 1264 3017 παύσει,
1288 2937 1366 3021 ἔφη,
1391 2941 1466 3009 τοτὲ

276 3044 314 3109 σὺ
338 3049 401 3115 τοῖς
425 3039 481 3109 ὠσί
503 3050 544 3121 ρὀε
568 3038 787 3119 βλασφημῶνς
821 3039 900 3125 quid
921 3043 964 3105 sit
986 3042 1090 3125 πρρέοιρ
1117 3043 1317 3123 διαλέγεσθαι
1345 3050 1467 3132 optime

277 3147 403 3214 docebit
424 3144 644 3233 Xenophontis
665 3143 754 3211 loeus
776 3147 810 3213 in
832 3146 966 3213 Αιιιιοοοι·
988 3146 1013 3215 Ι.
1038 3146 1068 3215 5.
1095 3148 1146 3217 14.
1168 3149 1181 3214 ὃ
1206 3149 1231 3217 δ’
1255 3152 1468 3232 ἐχολέταινει

276 3249 322 3318 ὅτι
350 3254 447 3316 αὐτοῦ
473 3248 579 3327 ὀλίγον
609 3248 773 3322 δεήσαντος
797 3253 1047 3328 καταλευσθῆναι
1067 3255 1170 3339 πρᾴως
1200 3255 1288 3334 λέγοι
1311 3259 1346 3325 τὸ
1369 3263 1466 3327 αὐτοῦ

276 3357 381 3431 πάθος.

320 3571 400 3639 Ibid.
425 3569 519 3649 μηδὲν
543 3564 580 3635 ὧν
612 3565 741 3647 προὶττει
765 3566 955 3645 ὁμολογῆσαν
986 3571 1076 3637 οέλλσὶ
1099 3580 1200 3655 φῆσαι
1229 3576 1464 3656 βουλεύεσθαι,

274 3682 367 3746 unIee
397 3660 511 3744 verum
533 3679 582 3740 est
611 3672 862 3751 βοολεύοεσθιιι.
903 3674 1035 3742 Habent
1065 3680 1151 3745 enim
1180 3681 1239 3748 hoo
1262 3683 1376 3762 εἴρωνες
1399 3709 1465 3754 om·

272 3788 365 3851 nium
388 3787 569 3866 temporum
592 3784 631 3843 ut
654 3779 813 3857 σκέψομαι
837 3784 869 3844 et
890 3780 1101 3860 βουλεύσομαι
1127 3787 1170 3852 sit
1191 3786 1258 3852 illis
1280 3811 1404 3878 semper
1431 3796 1465 3858 in

274 3911 336 3957 ore.
372 3887 449 3952 Post
470 3905 572 3971 panea
597 3884 635 3950 de
658 3884 785 3950 eodem:
819 3886 870 3950 ιιοιὶ
895 3887 1015 3965 ταμεν
1042 3898 1281 3960 cKei‘eceAI
1312 3897 1465 3976 Φέσκιιν,

273 3996 317 4061 τὰ
337 3994 363 4060 δ’
384 3994 438 4059 οὐκ
461 3992 580 4057 εἰδέναι.
617 3988 791 4057 Menander
810 4012 829 4056 a
848 3989 1033 4059 casaubono
1055 3994 1205 4063 laudatus
1227 3998 1328 4079 (Stob.
1353 4003 1463 4071 Floril.

228 4084 327 4167 'ee
353 4098 399 4179 o.)

455 4203 480 4266 oi
504 4198 562 4271 τὰς
585 4203 680 4278 ὀφρῦς
705 4202 838 4281 αἴροντες
863 4205 901 4275 ὥς
925 4202 1089 4285 ἀβέλτεροι

454 4305 505 4371 καὶ
530 4315 755 4377 ΟΚΕΨΟΜΛΙ
778 4307 938 4386 λέγοντες·
963 4307 1114 4391 ἄνθρωπος
1138 4314 1202 4395 nep
1225 4317 1262 4382 ὤν

452 4412 561 4493 σκέψει
585 4436 615 4476 τι
639 4413 710 4493 περέ
729 4437 799 4490 τους
