3254 5034
259 331 301 391 Η
760 341 960 390 Ulsdltlffld

261 510 381 578 Boetho
417 520 449 579 et
485 510 573 578 Aelio
607 509 760 600 Dionysio
794 508 905 577 sedulo
935 508 1125 597 descripsit,
1159 526 1298 596 quorum
1330 505 1385 575 liic
1416 506 1450 573 in

261 616 377 703 glossis
410 616 582 684 Platonicis
607 617 729 683 multus
749 626 817 696 est,
841 617 893 684 ille
917 624 1015 683 totus.
1064 614 1156 682 ludi.
1194 615 1350 689 Νκτικιίνε
1377 610 1451 679 ἄνευ

262 729 315 790 τοῦ
340 747 359 789 ο
381 726 438 800 τὴν
460 723 528 806 περὶ
551 724 587 790 τί
610 726 705 800 aldor
727 725 850 804 τίχνιρν.
898 723 1010 808 ltaque
1040 719 1312 808 quemadmodum
1333 717 1451 785 sciolus

263 832 294 894 io
327 828 428 896 altero
460 829 588 896 Potitici
617 828 686 896 loco
717 829 853 896 formam
883 839 1023 895 veterem
1047 826 1253 905 obliteravit,
1278 826 1326 892 sic
1350 825 1452 891 altero

262 935 395 1002 verbum
429 945 522 1001 vetos
554 937 587 1001 in
617 935 781 1022 vulgarem
814 934 951 1000 iormam
975 933 1146 999 convertit.
1195 931 1284 998 Plato
1305 933 1374 1018 ipse
1396 928 1452 997 de-

262 1040 369 1108 derat:
395 1040 465 1115 τοὺς
489 1041 556 1119 περὶ
579 1042 614 1107 τὸ
638 1047 703 1116 cciv
726 1065 762 1107 rs
785 1041 838 1107 καί
857 1038 982 1116 ξαίνειν.
1032 1036 1259 1104 Animaduerte
1282 1038 1345 1103 iam
1371 1035 1450 1103 milri

262 1166 359 1232 qoam
392 1145 614 1212 calamitosum
647 1148 691 1212 sit
721 1148 891 1233 antiquum
925 1151 975 1219 νῆν
997 1154 1030 1211 et
1054 1164 1152 1231 quam
1177 1162 1299 1209 rarum.
1348 1140 1453 1209 Semel

263 1251 359 1318 habet
381 1250 555 1329 Hesiodus,
577 1252 676 1317 semel
698 1250 842 1338 Sappho,
866 1249 1017 1337 liopolis,
1041 1248 1139 1316 Plato.
1189 1251 1356 1315 Praeterea
1377 1267 1453 1313 nos·

263 1377 360 1444 quam
393 1366 557 1444 comparet
592 1357 654 1422 nisi
683 1357 768 1443 apud
798 1356 1045 1423 Grammaticos.
1095 1353 1186 1442 Apud
1220 1353 1392 1421 Hesiodum
1417 1363 1452 1436 opi

264 1465 297 1528 in
332 1471 379 1530 νεῖ
409 1470 600 1549 corruptum
635 1470 702 1540 est,
735 1461 820 1550 apud
850 1459 1040 1545 Eupolidem
1066 1466 1158 1527 νῶσαι
1183 1462 1216 1526 io
1248 1461 1334 1537 νῆίε,
1367 1456 1454 1546 apud

265 1568 428 1635 Platonem
462 1576 513 1644 νιῑν
545 1569 577 1633 in
612 1569 725 1646 νήίειν,
758 1575 791 1634 et
818 1568 939 1644 νκτικνίν
963 1568 996 1633 in
1021 1568 1172 1642 ννροοικιίν.
1219 1565 1312 1652 Apud
1344 1565 1455 1632 Gram-

265 1677 400 1741 maticos
430 1681 482 1747 νῆν
514 1683 690 1741 constanter
718 1675 751 1739 io
776 1681 835 1740 νεῖν
858 1692 1049 1739 conversum
1074 1672 1226 1737 vidimus.
1274 1671 1338 1758 lpsi
1364 1670 1454 1737 Lexi-

263 1779 416 1865 cograplri
454 1787 513 1846 νεῖν
554 1800 612 1866 pro
646 1800 720 1844 scre
755 1779 913 1845 Graccum
945 1798 1015 1845 csse
1049 1798 1111 1844 noo
1141 1777 1302 1844 dubitant.
1352 1776 1454 1865 Hesy-

264 1884 358 1950 chius
393 1892 510 1950 Νοῖνι
544 1885 638 1960 mileo
674 1887 813 1964 ςιίμονοι,
850 1883 1034 1964 κολνμβῖον,
1070 1884 1237 1964 vixerim,
1274 1885 1359 1949 inter
1381 1889 1455 1949 Nei-

265 2015 323 2070 μον
353 1999 386 2056 et
413 1997 490 2055 Νείν
513 1992 567 2056 οὑκ
589 1985 665 2056 οἶδεν
691 1991 893 2077 interposuit.
942 1988 1059 2055 Suidas
1082 1998 1183 2056 Νοῑν
1206 1989 1373 2069 κολνμβῖιν
1400 1987 1452 2054 καί

264 2096 300 2161 οδ
324 2096 419 2172 sillero
442 2093 565 2176 κρόκην,
588 2104 619 2160 et
644 2093 816 2181 adscripsit
841 2094 1024 2161 testimonia
1051 2093 1103 2159 uui
1127 2103 1214 2161 esset
1234 2104 1354 2161 potore.
1389 2093 1455 2159 Gur

265 2200 400 2267 alterius
416 2199 662 2286 significationis
675 2199 800 2266 nullom
813 2197 974 2266 addiderit
987 2219 1049 2266 ooo
1065 2200 1233 2267 miramur.
1260 2198 1353 2265 Nulla
1365 2207 1453 2265 suot.

311 2310 480 2373 Caeterum
504 2304 582 2371 oilril
607 2305 694 2372 aliud
714 2326 753 2372 ex
772 2314 864 2373 NHN
886 2315 997 2373 natum
1019 2314 1068 2372 est
1088 2313 1216 2392 praeter
1237 2305 1453 2392 compositum

265 2414 381 2489 ίπινῆν,
404 2410 488 2478 uode
511 2409 589 2476 illud
616 2411 820 2478 lloroericom

402 2517 574 2599 γιγνομένῳ
598 2517 772 2594 ἐπένκοι
799 2519 871 2600 λίνιρ
893 2513 944 2584 ὅτι
967 2540 1020 2595 μιν
1043 2514 1115 2583 cles
1136 2517 1248 2600 μιίονρρ.

311 2623 481 2711 Sequiores
501 2623 648 2697 ἐπινιίίοιν
667 2622 832 2700 dicebant,
860 2623 944 2690 unde
964 2624 1164 2698 ίτινκοίίντα
1183 2631 1216 2689 et
1235 2621 1456 2701 ίαινονιρομίνα

265 2730 458 2797 formabant.
506 2728 600 2795 Solus
624 2728 794 2807 Aelianus,
819 2730 875 2816 qui
899 2735 967 2796 νῶοι
992 2730 1133 2806 recoxit,
1158 2729 1256 2797 etiam
1276 2727 1456 2805 incertiora

267 2836 341 2902 iode
367 2842 478 2901 natum
505 2844 650 2922 usurpat.

309 3047 479 3128 Ὄρχαμοι
501 3044 585 3111 uode
608 3053 693 3112 esset
716 3047 824 3113 nescio
848 3047 923 3132 quis
946 3045 1187 3113 Grammaticus
1211 3043 1251 3111 ad
1276 3043 1390 3133 Odyss.
1414 3053 1454 3112 Δ.

269 3157 333 3218 156
369 3153 414 3218 ita
449 3150 575 3217 docuit:
609 3152 699 3233 παρὰ
733 3155 769 3218 τί
799 3149 887 3233 ἄρχοι
919 3149 1109 3235 ἄρχαμορ
1142 3152 1195 3218 καί
1227 3149 1385 3234 ίρχαμος,
1415 3152 1455 3225 m

267 3259 459 3340 παρδαλῆ
483 3259 501 3333 ci
524 3257 595 3338 δορα
618 3257 671 3323 καί
695 3258 905 3338 πάρδαλις
928 3257 964 3324 τί
987 3261 1068 3339 ζῷον.

313 3363 361 3429 dd
386 3362 499 3429 ultima
525 3361 722 3428 llindortios:
749 3363 874 3428 »Verbo
896 3363 936 3429 οίι
956 3363 1014 3430 loc
1034 3363 1100 3429 loco
1118 3361 1259 3429 olicoo.”
1306 3361 1455 3438 llioime,

267 3470 321 3537 sod
345 3488 476 3556 prorsus
498 3468 695 3543 neccssaria,
723 3469 867 3535 sionem
889 3467 1053 3536 literulam
1074 3468 1268 3534 correxeris:
1293 3468 1455 3549 πόρδαλις

266 3575 302 3642 τί
333 3576 415 3657 ζῷον.
462 3571 543 3640 Nota
577 3593 630 3639 res
660 3582 710 3639 est
740 3583 772 3640 et
805 3575 980 3641 multorum
1013 3573 1212 3640 testimoniis
1245 3573 1454 3649 confirmata,

267 3679 353 3768 quod
383 3678 488 3746 dicam
524 3678 629 3744 verbis
661 3678 817 3765 Apollonii
850 3682 881 3746 in
907 3681 1022 3748 lexico
1048 3679 1138 3745 llom.
1163 3699 1193 3746 v.
1217 3678 1387 3760 Πίρδαλιςι
1411 3716 1456 3730 -

268 3789 418 3870 φαίνεται
448 3786 549 3864 λέγων
579 3784 629 3851 ἐπὶ
661 3791 713 3852 τοῦ
743 3785 817 3869 ζῴου
846 3787 896 3853 δια
927 3791 980 3853 τοῦ
1004 3796 1032 3852 Ο
1044 3835 1054 3865 ,
1086 3784 1136 3850 ἐκ)
1159 3785 1191 3850 δὲ
1213 3791 1270 3858 τῆς
1294 3787 1382 3866 δορᾶς
1404 3784 1456 3851 δια

267 3899 321 3960 τοῦ
345 3904 386 3959 Α.
436 3891 541 3978 lpsius
564 3891 743 3958 Aristarchi
768 3892 845 3960 haec
870 3902 942 3960 erat
965 3893 1143 3960 sententia:
1169 3893 1279 3977 itaque
1302 3890 1342 3957 ad
1362 3889 1454 3958 lliad.

270 4006 312 4066 N.
342 4001 402 4064 105
428 3995 483 4062 ubi
509 4016 594 4063 ouoc
617 3996 743 4064 editur:

405 4102 483 4169 ddov
503 4102 744 4184 παρδαλίων
766 4128 801 4170 τε
824 4104 924 4172 λύκων
945 4109 975 4169 τ’
998 4103 1054 4180 ilia
1077 4100 1240 4169 πέλονται.

270 4208 442 4279 manifesto
457 4228 567 4275 errore
585 4218 759 4277 annotetur
773 4211 805 4277 io
821 4211 1000 4278 Venetos:
1022 4210 1209 4291 ’Λρίςαρχος
1228 4209 1457 4290 παρδαλίων,

270 4317 361 4385 ι’ίλλοι
385 4316 417 4381 δὲ
440 4317 690 4398 κορδαλίαν,
725 4336 797 4383 nam
823 4325 935 4383 contra
956 4325 1004 4382 est
1025 4324 1058 4381 et
1080 4315 1257 4396 παρδαλίων
1273 4316 1458 4397 mosacum

270 4423 378 4491 sedem
404 4423 489 4491 inter
512 4443 547 4491 se
571 4432 699 4491 mutare
724 4421 852 4491 debent.
900 4420 1058 4488 Similiter
1080 4420 1227 4503 πίρδαλιο
1246 4428 1278 4488 et
1298 4420 1458 4504 πορδοίλιοι
