3242 5014
402 1103 1091 1311 ‘sternuente'

590 1473 873 1509 -aeoo-

186 1711 249 1794 Qui
277 1714 375 1780 bonas
394 1712 504 1779 literas
525 1715 560 1779 in
581 1717 689 1779 nostra
709 1714 814 1798 patria
835 1710 1005 1800 diligimus
1025 1729 1063 1778 sc
1085 1709 1238 1791 colimus,
1262 1730 1330 1779 om·

139 1838 195 1883 nes
216 1819 327 1903 opinor
348 1817 459 1884 acerbo
482 1816 588 1885 dolore
607 1817 787 1884 conturbati
805 1837 936 1895 sumus,
961 1837 1036 1883 cum
1054 1837 1157 1903 nuper
1174 1816 1331 1884 accideret

141 1921 181 1987 ad
211 1942 302 1988 aures
330 1916 517 2010 necopinato
546 1924 699 2002 nuncius,
724 1922 896 1990 limestum
919 1921 1047 1989 lulium
1071 1920 1241 1990 Kieblium
1262 1921 1330 1988 fato

139 2025 287 2093 functum
315 2049 393 2096 esse.
439 2028 566 2095 Norunt
596 2047 707 2095 omnes
736 2031 792 2115 qui
818 2029 897 2095 haec
918 2024 1047 2117 legent,
1078 2048 1154 2094 eum
1176 2033 1250 2094 ante
1272 2027 1330 2094 hos

139 2131 235 2197 XXlI
260 2153 358 2199 annos
379 2132 562 2200 Mehlorum
585 2154 681 2200 suum
703 2138 736 2198 et
757 2154 811 2199 me
833 2132 965 2211 adiisse,
997 2139 1037 2199 ut
1058 2131 1239 2199 studiorum
1261 2153 1331 2199 nos·

140 2242 263 2303 trorum
286 2237 409 2305 fructus
430 2259 494 2305 una
516 2239 682 2305 ederemus
704 2245 737 2305 et
754 2236 854 2304 simul
872 2241 1103 2324 reciperemus,
1128 2239 1254 2325 siquid
1273 2238 1331 2305 alii

139 2343 231 2407 nobis
260 2344 424 2430 impertire
451 2342 581 2411 vellent.
628 2342 718 2410 Haec
739 2343 804 2410 fuit
824 2349 950 2411 nostrae
971 2343 1199 2432 Mnemosynen
1222 2345 1329 2432 origo,

140 2465 221 2532 quae
243 2453 353 2533 postea
374 2449 504 2537 egregie
526 2449 566 2516 de
587 2448 639 2515 his
661 2449 765 2515 literis
785 2452 903 2516 merita
925 2455 990 2528 est,
1013 2469 1090 2516 nam
1109 2449 1193 2534 quod
1212 2455 1332 2516 temore

140 2572 397 2639 susceperamus,
420 2554 455 2620 id
477 2559 586 2620 tamen
609 2559 741 2621 eventus
763 2555 992 2640 comprobavit.
1027 2553 1099 2620 Non
1119 2559 1229 2620 antem
1247 2574 1332 2620 com·

139 2657 334 2725 mittendum
361 2663 400 2723 ut
421 2663 490 2725 tam
513 2660 578 2725 cari
601 2660 716 2744 capitis
737 2661 929 2725 memoriam
951 2659 1022 2743 ipss
1043 2656 1256 2746 Mnemosyne
1279 2680 1333 2726 ns·

140 2760 278 2850 glorisso
297 2762 446 2828 rideatur
467 2784 525 2830 nec
547 2762 655 2829 debita
675 2760 770 2828 laude
792 2761 988 2828 concelebret
1010 2781 1047 2828 ac
1067 2768 1286 2848 prosequatur.

184 2865 262 2933 Inde
288 2886 308 2932 a
333 2868 473 2953 pueritie
502 2887 578 2931 cum
607 2864 738 2931 Kiehlio
767 2867 911 2932 amicitia
940 2868 1127 2933 coniunctus
1157 2866 1205 2939 fui
1234 2888 1333 2955 eaque

140 2972 284 3039 amicitia
315 2969 408 3037 firma
442 2992 478 3037 ac
511 2969 637 3037 stabilis
665 2969 729 3035 fait
758 2990 815 3056 per
844 2991 942 3036 annos
970 2969 1164 3057 plusquam
1186 2974 1331 3061 triginta.

140 3075 259 3143 Omnes
279 3097 330 3143 res
351 3097 439 3143 meas
460 3075 512 3141 illi
535 3075 719 3143 concredere
741 3073 900 3154 solebam,
925 3096 1028 3163 neque
1049 3074 1106 3143 ille
1128 3075 1223 3143 facile
1242 3078 1333 3164 quid·

139 3203 236 3269 quem
257 3181 405 3269 publicae
425 3183 657 3249 existimationi
679 3182 917 3259 committebat,
939 3186 1110 3268 antequem
1130 3202 1191 3270 ego
1211 3182 1333 3272 signifi·

140 3309 275 3367 cassem,
301 3288 378 3375 quid
400 3287 483 3354 mihi
502 3288 674 3354 rideretur.
705 3286 823 3353 Leidae
846 3285 925 3352 olim
944 3288 1086 3372 quotidie
1104 3307 1169 3353 una
1187 3309 1331 3369 eramus;

140 3399 250 3481 postea
273 3399 382 3461 tamen
404 3397 454 3461 ter
476 3395 661 3479 quotannis,
693 3392 846 3458 feriarum
868 3396 1026 3478 tempore,
1050 3413 1104 3459 me
1125 3395 1263 3463 invisere
1285 3416 1333 3461 so

140 3499 236 3565 lebat.
283 3498 348 3565 Ubi
369 3499 451 3567 forte
473 3499 717 3587 prohibebatur,
742 3500 914 3585 quominus
931 3496 993 3564 hoc
1015 3497 1147 3576 iaceret,
1172 3498 1251 3564 dum
1277 3520 1333 3585 per
1424 3500 1427 3506 ’

142 3610 242 3671 terras
272 3624 308 3669 ao
338 3607 441 3672 maria
469 3605 691 3682 currebamus,
724 3602 966 3670 consolabamur
995 3622 1052 3668 nos
1076 3602 1333 3687 frequentissimo

143 3707 349 3796 epistolarum
372 3712 573 3777 commercio.
619 3707 656 3774 In
679 3709 894 3786 sermonibus,
920 3727 998 3793 quos
1020 3727 1114 3794 saepe
1136 3709 1171 3773 in
1192 3705 1332 3776 multam

142 3819 268 3881 noctem
290 3816 570 3901 protrahebamus,
601 3814 684 3880 nihil
706 3835 769 3881 non
792 3812 983 3899 disputando
1007 3813 1245 3901 attingebamus
1266 3813 1334 3900 plo-

142 3941 244 4008 neque
266 3927 334 3987 erat
356 3921 439 3987 illud
462 3921 546 4007 quod
564 3920 730 4008 proverbio
751 3918 870 3985 dicitur
886 3919 926 3984 de
945 3918 1033 3984 omni
1049 3938 1084 3983 re
1101 3917 1216 3984 scibili.
1246 3917 1335 3986 Hinc

142 4025 212 4094 fieri
233 4046 297 4093 non
318 4034 459 4114 poterat,
484 4029 563 4112 quin
584 4024 698 4092 multis
720 4026 755 4090 in
778 4023 872 4089 rebus
894 4022 1020 4089 diversa
1040 4022 1132 4089 nobis
1154 4043 1246 4110 saepe
1264 4045 1334 4112 pro

142 4132 293 4200 barentur
316 4137 349 4199 et
371 4137 479 4199 tamen
497 4132 694 4217 frequentem
714 4129 892 4195 diesem
910 4127 1036 4214 placido
1051 4130 1159 4195 animo
1176 4128 1332 4210 ferebam,

143 4258 219 4305 nam
249 4240 393 4324 primum
424 4239 636 4324 suspiciebam
667 4237 791 4303 variam
822 4236 891 4301 eius
920 4240 954 4301 et
981 4233 1117 4301 solidam
1139 4235 1333 4317 doctrinam,

144 4363 241 4431 quam
274 4345 473 4410 sustentabat
506 4343 663 4411 excellens
696 4342 868 4419 memoria,
904 4360 968 4427 qua
996 4342 1158 4427 imprimis
1187 4340 1332 4423 valebat3

143 4453 217 4514 tum
246 4468 286 4513 ex
317 4448 571 4515 contentionibus
600 4452 733 4526 nostris,
765 4450 800 4514 in
826 4449 943 4535 quibos
965 4448 1048 4515 mibi
1070 4450 1184 4515 acriter
1206 4446 1335 4535 obloqui
