3254 5034
583 351 774 400 amaccomua
798 352 834 398 rr
857 352 984 401 carrina.
1336 340 1378 402 57

231 522 320 592 retu
343 524 527 593 emendatio
550 542 567 588 a
594 520 731 587 Poiakko
753 543 824 588 mco
849 531 976 609 reperta
996 530 1046 588 est
1066 521 1105 589 ad
1128 522 1224 612 Odys.
1248 533 1286 590 H.
1302 528 1378 590 ate.

183 631 230 697 tu
261 631 314 696 καί
346 632 530 710 κοιμώμενοι
558 628 756 693 ἀποτίθενται
783 629 834 695 ποι
858 627 1016 694 Ὀδυσσέα
1040 629 1090 694 δια
1114 631 1148 696 πί
1172 631 1217 709 μὴ
1240 631 1313 696 idcio
1337 631 1379 703 είς

184 746 269 803 ποῖοι
301 739 368 803 καί
402 734 489 816 ἅμα
521 733 736 800 οὶιαπλέοοσιι.
790 733 867 799 lictu
900 753 961 799 acu
995 736 1100 820 tetigit
1132 756 1169 802 ax
1209 746 1379 803 ΚΛΙΑΜΑ

184 841 319 908 eiicieos
339 851 501 919 ΚΛΙΜΛ,
527 838 581 905 sed
603 841 635 903 in
658 849 793 904 accentu
813 840 934 905 erravit
954 848 1056 917 κλῑμα
1078 840 1234 908 scribens,
1267 842 1381 908 idatius

185 946 370 1024 Naucitius,
395 948 550 1034 quiante
575 945 693 1011 multos
718 965 818 1010 annos
844 946 875 1010 in
896 944 1029 1011 eandem
1051 944 1307 1013 emendationem
1334 950 1380 1012 in·

185 1053 311 1120 ctderat
336 1055 383 1138 (iu
411 1052 582 1118 Odoeruott.
610 1050 684 1117 Coit.
710 1051 748 1115 dc
768 1062 849 1136 trop.
875 1050 982 1116 Graec.
1006 1054 1125 1138 fromn,
1147 1074 1176 1141 p.
1200 1056 1254 1139 3),
1278 1055 1380 1134 κλίμα

186 1158 292 1238 dedit,
325 1159 422 1246 idque
454 1156 624 1224 nrauitesto
654 1156 800 1242 probavit
824 1157 856 1221 in
879 1154 1010 1223 Observ.
1036 1159 1164 1225 (inticis
1189 1180 1292 1247 nuper
1313 1159 1381 1226 edi-

186 1267 230 1332 tis
255 1265 292 1354 1).
327 1263 447 1351 Nempe
471 1260 702 1349 distinguenda
726 1261 759 1326 in
783 1260 835 1327 his
859 1269 936 1327 suut
961 1273 1116 1351 tempora.
1155 1265 1285 1334 Veteres
1306 1287 1381 1333 eoo·

187 1381 313 1438 stanter
335 1379 439 1450 κλῑμα
462 1368 611 1436 dicebant
636 1375 667 1433 et
691 1375 806 1448 κρῖμα,
831 1374 862 1432 et
887 1368 1018 1434 omnino
1042 1373 1148 1437 omnia
1172 1373 1220 1439 sic
1247 1373 1381 1439 formata

187 1478 309 1546 habent
339 1476 414 1544 otim
448 1478 480 1542 in
513 1474 691 1563 penultima
725 1474 850 1558 inopom
876 1474 1033 1553 vocalem,
1068 1497 1168 1562 quum
1195 1477 1318 1565 reliqua
1342 1499 1380 1544 ex

186 1583 300 1652 eadem
322 1583 423 1670 stirpe
445 1591 516 1649 nata
538 1583 646 1646 omnia
664 1579 789 1645 drauum
807 1576 961 1646 habeant:
987 1580 1075 1656 πίοις
1093 1582 1214 1649 dicitnr
1227 1595 1258 1652 et
1271 1582 1383 1663 πόσης,

187 1698 303 1773 ποπίς,
332 1696 459 1774 ποτέος,
488 1691 633 1768 ποπικίς,
665 1690 719 1756 sed
744 1696 851 1769 πῶμα.
899 1691 953 1758 Sic
976 1698 1091 1775 Φῦμα,
1116 1697 1220 1775 θῦμα,
1246 1695 1381 1779 ἔνδυμα,

188 1791 386 1888 καποίλῖμα,
411 1810 513 1888 ῥῦμα,
536 1810 651 1883 πλῦμα
676 1824 787 1870 ornnes
810 1803 980 1884 dicebaut,
1006 1805 1060 1872 sed
1086 1807 1118 1871 in
1142 1810 1288 1894 cognatis
1310 1831 1383 1876 cor·

188 1924 283 2004 repta
304 1913 422 1981 vocalis
443 1921 492 1978 est
516 1911 631 1994 Φύσις,
656 1912 765 1987 ίυσία,
789 1911 891 1988 δύσις,
915 1911 1025 1994 λύσις,
1049 1912 1206 1991 ἄπλυτος,
1231 1927 1291 1981 cet.
1330 1916 1383 1983 sic

48 2062 88 2076 --
185 2021 258 2101 ἥμα
282 2021 403 2111 (ιλιι),
426 2020 525 2097 λῆμα,
548 2018 661 2097 βῆμα,
685 2016 831 2097 adauae,
857 2018 1016 2096 ὑπόδημα,
1041 2024 1239 2102 aureuma,
1264 2021 1382 2104 εὕιιιιο

186 2127 381 2216 productam
400 2124 519 2190 habent
540 2124 772 2210 penultimam,
800 2121 922 2210 reliqua
946 2125 1086 2193 indidem
1101 2136 1169 2192 orta
1183 2140 1384 2215 correptam,

187 2233 324 2318 ἄφεσις,
355 2233 451 2307 ίὲσις,
483 2229 600 2308 βασις,
625 2228 733 2306 ςοίοις,
759 2229 920 2309 ὑπόδεσις,
945 2228 1077 2312 αἵρεσις,
1103 2235 1281 2314 παρείρεοις
1306 2244 1382 2301 cett.

190 2340 247 2407 sic
280 2360 317 2407 et
352 2341 440 2419 οίροῦι
474 2335 633 2401 formatur
664 2333 785 2416 ἄροσις,
821 2337 951 2417 οίμοπιίρ,
988 2335 1113 2418 ἄροτος,
1149 2337 1290 2421 ἄροτρον,
1327 2339 1382 2407 sed

188 2445 315 2530 ἄμωμα.
364 2441 482 2510 anecd.
510 2442 644 2508 Bekireri
671 2461 742 2527 pag.
769 2446 845 2509 450.
877 2443 1095 2525 ’Λοοίμαπα
1119 2447 1152 2510 οὐ
1176 2446 1218 2510 πα
1243 2446 1384 2526 ίιιμιοί·

189 2577 308 2633 ματα
331 2553 357 2618 οί
379 2547 515 2616 'Arataei
541 2551 686 2614 καλοῦσιν
704 2548 794 2614 οὶλλίι
813 2548 855 2615 πα
877 2549 1128 2631 ἐσπαρμένα.
1154 2551 1384 2639 Aristophanes

190 2661 224 2725 in
253 2657 333 2724 Ροοο
360 2661 457 2722 11117.

327 2761 360 2831 εὖ
380 2765 534 2834 ποιοῦντος
556 2762 765 2842 κώφελοῦντος
786 2758 792 2846 Ι
812 2766 864 2827 ποῦ
889 2762 953 2827 tan
975 2761 1160 2842 ποίμίμαπα.

235 2870 288 2936 sic
309 2870 411 2956 igitur
435 2868 557 2944 κλίσις,
581 2866 707 2941 κλισία,
733 2866 845 2946 κρίσις,
871 2867 994 2948 κριτής,
1020 2866 1074 2933 sed
1095 2877 1196 2948 κλίμα
1221 2878 1252 2935 et
1276 2879 1382 2953 κρῖμα.

185 2974 252 3042 Sed
285 2976 436 3060 antiquae
469 2971 662 3038 Graecitatis
695 2968 773 3036 haec
808 2974 891 3037 ratio
924 2982 989 3049 est,
1021 2973 1185 3060 sequiores
1216 2978 1322 3042 omnia
1348 2975 1387 3044 da

186 3100 307 3167 genere
337 3079 397 3145 hoc
431 3077 605 3166 penultima
639 3076 728 3142 brevi
754 3075 951 3154 formabam,
984 3082 1105 3159 κλίμα,
1139 3084 1251 3163 κρίμα,
1275 3082 1383 3163 πόμα,

185 3184 323 3269 εὕρεμα,
349 3185 533 3269 anatona,
557 3185 712 3262 ἐπίθεμα,
738 3182 883 3263 καίεμα,
908 3184 1071 3265 σύμβαμα
1095 3196 1158 3256 etc.
1196 3188 1276 3254 iiiuc
1301 3198 1383 3256 vete·

187 3313 264 3360 rum
300 3293 419 3378 scripta
453 3291 565 3357 soranis
599 3288 731 3354 noviciis
762 3290 871 3354 vitiari
904 3301 1015 3377 coepta
1048 3303 1134 3359 sunt.
1186 3294 1384 3381 Ubicumque

186 3400 280 3479 πίμα
311 3418 397 3464 nunc
430 3392 513 3484 apud
547 3405 672 3462 veteres
704 3393 825 3479 iegitur
858 3396 971 3462 vitiosa
1000 3397 1095 3464 lectio
1119 3410 1163 3466 est
1192 3420 1249 3487 pro
1273 3408 1381 3480 πῶμα.

185 3508 225 3574 lu
247 3506 473 3592 antiquissimo
496 3501 635 3568 Platonis
655 3499 769 3566 Codice
793 3500 937 3568 Parisino
955 3506 1059 3590 prima
1074 3525 1206 3585 titanus,
1232 3518 1266 3572 ut
1281 3528 1383 3595 nuper

187 3611 271 3690 uidi,
305 3612 424 3698 ubique
455 3616 551 3688 πῶμα
575 3607 729 3684 dederat,
763 3605 817 3671 sed
840 3608 934 3675 toties
957 3609 1038 3677 maie
1063 3611 1194 3678 sedatus
1217 3625 1384 3703 corrector

186 3726 210 3785 ὦ
235 3737 327 3784 eraso
351 3716 440 3796 πόμα
464 3714 645 3781 substituit.
672 3736 674 3739 ·
695 3712 781 3798 drgo
799 3721 896 3794 κρῖμα
916 3722 948 3780 et
966 3723 1069 3795 κλίμα
1089 3719 1242 3804 antiquae
1263 3719 1384 3786 formae

187 3832 285 3902 sunt,
319 3821 374 3889 sed
405 3830 510 3889 aetate
545 3818 729 3906 Porphyrii,
765 3817 849 3885 unde
882 3818 1030 3888 Scholion
1063 3834 1208 3889 sumtum
1241 3835 1305 3900 est,
1341 3828 1384 3899 είς

186 3939 273 3998 ποῖοι
303 3929 405 4008 κλίμα
429 3925 649 3994 scribendum.
699 3923 807 3990 diuitis
830 3925 1000 4013 exentpiis,
1025 3948 1108 4015 quae
1132 3929 1297 3996 Nauckius
1320 3932 1382 3998 coi·

185 4038 287 4124 tegit,
312 4057 351 4103 ax
375 4035 487 4103 Nonno
512 4034 663 4122 pleraque
689 4035 797 4117 irrupto
819 4032 1055 4111 versificatore,
1080 4034 1162 4102 addo
1188 4056 1288 4104 ununo
1313 4039 1382 4104 uto-

187 4143 327 4211 scoridis
352 4141 493 4234 (Antinoi.
522 4140 620 4207 Patat.
649 4136 717 4202 vlt.
746 4136 836 4225 407.)

194 4302 390 4315 *-

227 4396 252 4460 1)
275 4393 406 4445 Kritiocte
428 4392 614 4460 Bemerkunpeo
640 4392 766 4457 (Bullatin
784 4392 816 4443 de
832 4392 992 4448 i'Academie
1008 4398 1052 4449 des
1069 4398 1187 4452 Sciaocea
1204 4401 1236 4452 de
1255 4398 1387 4451 saint-Pe.

188 4477 320 4541 tuabomg
337 4477 411 4529 Tum.
428 4475 520 4528 XVII.
537 4491 593 4543 pag.
608 4475 679 4541 260).
