3340 5014
276 318 338 381 152
766 337 968 386 amomacum

317 508 392 595 Cap.
417 512 448 574 7.
484 507 551 573 ε’πεθ
576 509 602 574 δ’
626 509 794 589 'Arsacidae
826 510 883 589 μὲν
906 509 1166 585 ἀποτεθνήκει
1191 508 1244 575 καὶ
1268 518 1464 587 Θεμιτοκλνῖς

274 612 492 692 ἐξεπεπτώκει.
541 613 672 679 Praeter
696 613 825 681 Homeri
849 614 955 681 locum
981 615 1013 680 in
1039 612 1154 704 (θάνεν.
1178 625 1224 680 M.
1249 617 1327 680 593.

591 718 664 797 βθες
688 720 714 785 θ’
737 720 1017 788 ἀποτέθνασαν
1039 719 1107 800 ἤδη.

275 835 308 894 et
333 826 364 892 in
388 821 477 892 Iliad.
502 824 541 891 X.
567 827 643 891 432.

592 935 646 996 σεῦ
669 933 939 1010 ἀποτεθνηῶτος,

275 1057 434 1125 nusquam
460 1030 602 1103 locor'um
627 1035 822 1111 θποτέθννκα
846 1037 926 1103 mihi
951 1036 1070 1104 lectum
1095 1044 1162 1103 est:
1187 1055 1299 1102 omnes
1318 1036 1464 1102 omnium

274 1143 418 1211 locurum
441 1151 473 1210 et
506 1151 687 1229 temporum
721 1145 752 1208 ia
786 1143 926 1230 simplici
958 1143 1088 1220 τέθνηκα
1111 1142 1308 1228 conspirant.
1356 1141 1464 1208 Etiam

276 1251 308 1315 io
333 1248 433 1316 iliade
456 1258 604 1334 suspecta
631 1249 710 1314 mihi
731 1248 826 1315 lectio
850 1257 898 1314 est
919 1249 1070 1335 quoniam
1088 1248 1368 1323 ΚΛΤΑτεθννῶτορ
1390 1255 1466 1315 uota

274 1365 304 1423 et
338 1353 524 1442 pervulgata
560 1353 660 1420 torma
698 1353 784 1442 apuu
819 1354 991 1420 Homerum
1025 1362 1092 1431 est,
1126 1363 1162 1420 ut
1192 1354 1345 1431 κθτθοινε,
1368 1363 1401 1419 et
1433 1354 1465 1418 in

275 1459 463 1546 Tragoedus
498 1462 661 1527 uariauit
690 1467 722 1527 el
756 1458 914 1527 κατθανών
941 1467 975 1525 ei
998 1460 1148 1526 κατθανεῖ
1169 1466 1201 1525 el
1223 1460 1466 1538 κατθανούμενον

275 1575 306 1632 et
327 1565 446 1631 similia
467 1566 596 1652 passim.
634 1564 809 1632 Plutarcho
828 1584 956 1653 quoque
974 1563 1168 1631 reddiderim
1187 1565 1358 1641 ἐτεθνήκει,
1382 1563 1467 1651 quod

275 1680 325 1740 est
347 1670 543 1755 μνριθλεκτον
565 1669 653 1761 apud
676 1691 798 1737 carues.

319 1883 395 1971 Cap.
421 1888 451 1949 7.
476 1881 593 1948 haereo
614 1881 648 1947 iu
670 1880 777 1949 verbio
799 1891 856 1959 τῆς
878 1883 905 1949 δ’
928 1883 1071 1960 ιθλνθινῆς
1094 1883 1206 1961 αρετῆς
1225 1879 1366 1952 mauce
1386 1883 1464 1966 Φαθ·

275 2013 359 2055 νεται
383 1988 427 2054 τοὶ
448 1987 609 2069 μέλις-α
637 1987 833 2070 φαινθροενα,
868 1988 1032 2054 imovero
1059 1987 1152 2075 platta
1175 1988 1396 2064 eontrarium,
1420 1987 1465 2054 τοὶ

276 2092 399 2171 ἥκιςοι
421 2092 616 2177 φοινθμενοι,
641 2091 742 2159 idest
766 2112 801 2160 ea
826 2112 909 2179 quae
932 2094 1042 2179 magni
1067 2094 1130 2158 viri
1152 2093 1186 2157 iu
1211 2092 1466 2160 ritadomestiea

276 2208 309 2268 et
332 2201 365 2265 in
400 2199 525 2286 gremio
554 2218 687 2264 suorum
719 2208 820 2285 agunt
844 2200 978 2265 remotis
1008 2198 1158 2274 arbitris,
1190 2217 1265 2265 nam
1290 2197 1362 2265 ride
1385 2197 1463 2285 quid

279 2312 450 2394 sequatur:
475 2302 608 2370 aal'rcit
631 2305 757 2384 οἱγαθῶν
780 2306 891 2387 ανθρῶν
913 2306 996 2372 οὐδὲν
1014 2302 1091 2371 οὕτω
1112 2303 1282 2382 θαυμοθοιον
1296 2313 1361 2378 τοῖς
1382 2304 1468 2379 ἐκτὸς

276 2415 316 2485 ὣς
340 2412 354 2476 θ
378 2413 448 2478 καθ’
469 2410 585 2490 ἡμέραν
607 2411 674 2489 βθος
697 2419 761 2485 τοῖς
782 2416 928 2478 συνοῦσιν.
976 2411 1022 2477 Ea
1047 2430 1123 2476 vero
1146 2410 1465 2497 commemorarent,

277 2518 410 2604 opinor,
438 2527 470 2584 ct
503 2515 597 2602 vulgo
628 2524 706 2582 suut
736 2517 915 2602 incognite:
947 2521 1466 2583 TA:::1cTAoA1NOMertA

277 2621 417 2689 maleel
440 2622 656 2707 incogitanter
678 2621 842 2708 expletum
865 2630 924 2687 est.

323 2728 492 2795 Caeterum
526 2728 558 2792 in
593 2726 655 2793 illis
690 2728 894 2814 pittissimum
928 2747 1020 2794 acrae
1051 2728 1175 2793 uirtutis
1197 2746 1353 2792 rammam
1375 2745 1468 2810 prae·

278 2834 425 2901 stantiam
450 2852 605 2919 apparere
629 2834 703 2920 quis
726 2835 847 2920 optimo
872 2831 1046 2900 Plutarcho
1069 2852 1133 2898 noo
1157 2831 1374 2899 assentietur?

325 3042 405 3109 lbid.
438 3062 507 3130 cap.
534 3048 565 3110 7.
599 3043 737 3111 Pericles
767 3043 807 3110 ad
841 3044 993 3131 populum
1026 3063 1100 3111 raro
1127 3045 1272 3132 prodibat
1297 3044 1405 3112 ἑαυτὸν
1424 3078 1470 3095 -

280 3152 353 3232 πρὸς
376 3149 435 3223 τοὶς
458 3148 740 3230 acceleraretur
764 3150 932 3228 ἐπιδιδούς,
957 3147 1066 3218 τᾶλλα
1086 3151 1117 3217 δὲ
1136 3152 1245 3234 Φίλιος
1268 3150 1321 3218 καθ
1343 3150 1469 3233 ῥήτορας

281 3257 468 3339 ἑταίρους
493 3257 607 3330 καθιεὶς
631 3255 793 3338 ἔπραττεν.
831 3257 911 3339 Quis
930 3255 1115 3324 admonitus
1137 3256 1297 3324 dubitabit
1316 3275 1471 3343 reponere

280 3362 334 3430 καὶ
357 3363 482 3447 ῥήτορας
505 3362 688 3447 ἑτέρονςθ

328 3575 404 3662 (lap.
429 3579 460 3642 8.
495 3573 635 3641 Pericles
656 3573 783 3642 dicendi
809 3573 993 3642 facultatem
1018 3572 1118 3657 ὥσπερ
1138 3573 1264 3655 θργανον
1287 3571 1472 3656 θξαρτυθριε·

282 3704 327 3755 νοι
363 3678 582 3763 παρέτεινε
614 3681 666 3747 τθν
700 3679 920 3763 Ἀναξαγόραν
954 3675 1012 3747 οἷον
1042 3682 1155 3766 βαφὴν
1185 3689 1225 3763 τῇ
1255 3685 1391 3765 ῥητορικῇ
1415 3682 1472 3757 rhu

282 3787 488 3872 φυσιολογίαν
516 3787 733 3868 ὑποχεόμενος.
773 3788 967 3874 Corruptum
998 3795 1048 3853 est
1079 3795 1342 3865 ttAPeTelNe,
1372 3783 1472 3852 nihilo

284 3893 401 3960 melius
423 3902 472 3959 est
495 3892 703 3976 παρενθτεινε,
729 3891 813 3980 quod
831 3913 869 3959 er
892 3911 956 3958 uno
979 3891 1061 3959 libro
1084 3900 1249 3978 receptum
1271 3900 1330 3958 est.
1366 3890 1472 3958 Corri-

284 3997 424 4086 gendum
450 3998 590 4065 arbitror
619 4007 790 4082 πορενεῖρε,
820 3997 979 4064 inserebat
1004 3998 1142 4066 Pericles
1164 3997 1365 4065 orationibus
1387 3997 1472 4064 locos

285 4123 399 4191 graves
422 4123 462 4170 cx
488 4102 684 4191 philosophia
711 4107 935 4192 anaxagorea,
961 4111 996 4171 ut
1013 4103 1092 4172 (lato
1112 4104 1194 4172 iocor
1211 4126 1323 4193 arcaea
1342 4126 1383 4171 ea
1397 4103 1472 4193 pbi-
1520 4166 1524 4171 .

285 4208 426 4295 locophia
451 4206 557 4274 Stoica
584 4209 615 4275 in
640 4210 733 4277 ouria
757 4211 908 4277 tractabat
930 4210 1056 4299 (Cicero
1075 4210 1235 4278 Paradae.
1261 4212 1406 4277 Prouem.
1431 4210 1472 4295 l).

284 4314 471 4398 Παρενεθρειν
502 4321 534 4379 et
565 4312 648 4402 apud
680 4314 760 4382 alios
792 4317 920 4402 saepius
950 4315 1070 4402 legitur
1093 4325 1126 4384 ot
1149 4315 1235 4405 apud
1259 4313 1471 4382 Plutarchum

285 4421 335 4487 Aa
358 4420 425 4487 seui
446 4420 487 4486 rit
506 4420 643 4507 uerenda
662 4419 838 4509 respublica
862 4441 894 4509 p.
909 4426 988 4491 795.
1006 4433 1040 4488 Β.
1064 4422 1131 4491 atat
1147 4423 1209 4507 γὰρ
1229 4420 1379 4505 οὶκροοθζιον
1393 4421 1471 4503 ,ἀνὴρ
