3276 5006
280 324 323 399 78
779 357 968 407 rcnmunn.

280 526 568 607 παρακαλούμενοι,
591 533 747 615 scriptum
769 532 911 615 oportuit
934 530 1235 608 διαγελόμενοι
1259 532 1328 596 καὶ
1353 553 1469 609 παρα·
1502 572 1508 581 -

280 634 540 709 καλούμενοι.

326 738 397 804 Lib.
421 739 519 820 XVI,
547 742 564 807 1
589 741 669 826 161
699 747 869 807 κατασπῶν
893 741 1074 821 ἐρρίπτει
1098 741 1169 813 τοὺς
1194 740 1273 813 νεός.
1320 741 1471 829 Legerim

280 844 422 923 ἤρειπε
457 852 489 912 et
521 846 562 913 21
596 847 660 933 14
690 847 923 935 suppleverim:
957 848 991 911 οὐ
1021 845 1110 924 μόνον
1142 845 1313 934 (ἑαυτὸν)
1349 845 1470 929 ἔσφηλε

280 951 368 1017 άλλά
400 952 453 1016 καὶ
477 956 532 1028 τὴν
558 953 726 1032 βασιλείαν
757 953 929 1029 ἠλάττωσε.
976 951 1101 1018 Ibidem
1124 950 1168 1017 29
1190 949 1250 1037 13
1272 950 1361 1018 deleo
1383 968 1471 1037 prue-

279 1059 469 1141 positionem
492 1058 577 1125 mnle
598 1063 768 1147 repetitam
791 1063 824 1125 in
847 1060 915 1123 his:
940 1060 995 1132 τὴν
1017 1058 1048 1122 δὲ
1067 1064 1123 1131 τῆς
1144 1056 1279 1135 Ἀβύδου
1297 1058 1349 1122 καί
1369 1059 1470 1133 Σήτου

280 1162 359 1228 θέσιν
383 1163 435 1228 καὶ
466 1167 520 1239 τὴν
549 1166 706 1246 εὐκαιρίαν
729 1172 787 1231 τῶν
816 1165 933 1230 πόλεων
964 1163 1000 1227 τὸ
1021 1165 1079 1241 μὲν
1102 1162 1168 1228 διά
1191 1162 1337 1228 πλειόνων
1368 1163 1469 1243 δξαρι·

281 1267 421 1346 όμεῖσθαι
445 1270 581 1348 μάταιον
604 1268 684 1337 εἶναί
706 1294 757 1350 μοι
788 1272 871 1336 δοκεῖ
898 1269 962 1334 διά
991 1270 1026 1335 τὸ
1056 1268 1196 1346 πάντας,
1227 1265 1265 1335 ὦν
1290 1269 1342 1334 καὶ
1365 1267 1469 1351 μικρὸν

279 1374 411 1455 ὄφελος,
438 1376 605 1455 ίςοριςκὲναι
634 1377 712 1465 [διά]
738 1379 793 1452 τὴν
815 1376 954 1450 ἰδιότητα
977 1382 1035 1441 τῶν
1057 1375 1169 1440 τόπων.

325 1480 396 1546 Lib.
420 1480 545 1560 XVIII,
577 1482 620 1548 52
642 1482 722 1568 18τ
753 1482 981 1559 μεσολαβήσας
1004 1481 1056 1546 τόν
1079 1481 1297 1563 Παρμενίωνα,
1321 1484 1467 1557 Παῦσαι,

280 1586 650 1668 Φκσ1,σῶνπολλῶν.
697 1586 768 1654 Imo
790 1595 849 1653 τῶν
871 1588 1014 1666 λόγων.

324 1692 395 1758 Lib.
420 1694 517 1772 XXI,
542 1693 632 1780 817
652 1694 764 1781 supple
788 1693 864 1781 (ris)
889 1690 1007 1758 ciceron
1031 1698 1063 1758 et
1084 1693 1128 1758 ib.
1151 1691 1337 1779 1013110
1364 1692 1466 1773 ὑφαι·

279 1800 414 1880 ρεῖσόαι,
438 1803 513 1885 quis
535 1801 574 1866 de
591 1803 713 1866 actione
733 1799 928 1865 clandestine
945 1818 1048 1864 sermo
1067 1817 1129 1866 non
1148 1804 1210 1876 est,
1232 1797 1303 1888 lege
1316 1799 1468 1880 άφαιρεῖ·

279 1906 359 1969 σόαι.
392 1905 472 1971 Ibid.
499 1905 540 1970 15
564 1904 619 1990 11
645 1902 737 1975 οὕτως
758 1906 807 1969 ἐπὶ
830 1905 1048 1983 Φιλοποίμενος
1071 1904 1085 1969 ό
1107 1906 1272 1983 προσοίσων
1296 1904 1350 1979 τὴν
1373 1903 1466 1985 χάριν

279 2012 387 2076 ἐλὼν
422 2012 481 2090 οὐχ
505 2011 658 2091 εὑρίσκετο
690 2010 737 2074 τὸ
772 2010 947 2091 παράπαν,
971 2007 1026 2082 ἕως
1050 2008 1295 2089 ἕξαποριὶπαντες
1332 2010 1465 2092 ψήφῳ

280 2115 620 2197 προεχειρίσαντο
643 2114 815 2193 Τιμόλαον.
850 2113 923 2202 Ipsa
944 2119 1101 2203 oppositio
1125 2115 1243 2183 elamet
1264 2136 1379 2183 verum
1400 2136 1466 2183 esse

280 2221 375 2288 ἕκάν
397 2242 454 2308 pro
478 2222 585 2287 ἑλών.
790 2204 792 2213 ¹

325 2328 396 2394 Lib.
421 2328 533 2406 XXII,
568 2328 609 2393 15
633 2330 651 2414 1
676 2329 716 2394 11
740 2330 854 2395 verbe:
886 2327 1075 2408 ἐκράτει-
1099 2330 1214 2402 πόλεως
1238 2329 1467 2415 transponenda

280 2441 355 2502 sunt
380 2438 491 2502 statim
513 2439 586 2521 post
607 2436 722 2501 verba:
747 2432 785 2500 ὧν
809 2437 928 2516 ἐπῆρχε
951 2435 1079 2502 πόλεων.

324 2542 395 2607 Lib.
420 2540 548 2619 xxiii,
582 2540 599 2606 1
624 2542 642 2625 1
666 2540 687 2606 6
710 2541 928 2616 κατεπάάνρσαν
959 2541 1152 2621 πρεσβευταὶ
1175 2542 1247 2622 πρὸς
1271 2550 1466 2620 Πτολεμαῖον

278 2649 438 2730 Λυκόρτας
463 2649 478 2713 1
502 2648 591 2726 παρ’
617 2649 634 2723 ἡ
643 2653 723 2724 μῶν
747 2648 856 2742 neris
865 2671 880 2728 ρ
904 2647 957 2713 καί
982 2648 1179 2729 Θεοδωρίδας.
1227 2647 1331 2714 Nemo
1353 2651 1401 2714 itu
1420 2647 1465 2715 le

278 2756 398 2840 quitur.
445 2752 609 2840 Scriptum
638 2758 706 2818 eret
735 2758 810 2818 noto
837 2754 1022 2839 compendio
1045 2755 1101 2820 sed
1124 2775 1143 2820 e
1165 2754 1360 2820 describente
1382 2753 1467 2820 mule

275 2858 438 2926 intellecto
482 2847 721 2934 ΟΓῙΡΗΜΩΝ,
765 2862 787 2923 1.
829 2880 856 2924 e.
890 2860 904 2924 ί
938 2863 1070 2939 πατὴρ
1106 2862 1229 2939 ἡμῶν,
1265 2858 1349 2945 quud
1378 2863 1466 2926 ocius

276 2965 427 3032 reddatur
449 2964 603 3051 Polybio,
629 2964 732 3031 deleto
755 2965 910 3032 vocabulo
933 2969 1077 3052 sequenti
1100 2969 1215 3045 πατήρ.

322 3070 393 3137 Lib.
417 3069 530 3135 XXIX
552 3069 602 3154 §5
626 3070 730 3134 ἐκείνοι
753 3072 810 3146 μὲν
834 3072 897 3150 γάρ
922 3067 996 3136 ὅταν
1019 3074 1050 3137 ἐν
1074 3080 1113 3155 τῇ
1137 3070 1289 3154 συμπάσῃ
1313 3090 1464 3154 πραγμα-

276 3177 347 3259 τείρ
370 3174 465 3253 λόγου
489 3176 581 3257 χάριν
603 3176 771 3248 Φανοτείας
790 3176 843 3241 καὶ
869 3179 1032 3258 Κορωνείας
1052 3180 1103 3242 καὶ
1124 3181 1213 3245 'Ate
1225 3228 1232 3244 .
1246 3227 1253 3243 .
1266 3226 1274 3244 .
1288 3184 1328 3243 οῦ
1352 3192 1466 3258 πολιορ·

276 3282 347 3348 κίαν
377 3282 558 3364 γράφωσιν,
591 3281 823 3364 άναγκάζονται
852 3283 917 3348 κτὲ.
966 3282 1116 3369 Suspicor
1139 3287 1367 3366 ’Λλιαρτοῖλ
1415 3280 1463 3350 (li.

275 3387 372 3453 XXX
397 3385 449 3453 18.

321 3492 402 3560 Ibid.
428 3491 530 3579 719
554 3495 568 3559 ί
592 3495 724 3575 Περσεὺς
753 3496 866 3572 ὀλίγας
893 3492 1098 3561 παντάπασιν
1122 3495 1252 3567 ἐλπίδας
1282 3490 1375 3575 εἶχε
1406 3502 1461 3569 τῆς

276 3601 434 3680 σωτηρίας.
482 3598 569 3687 Lege
592 3605 698 3665 totum
718 3598 825 3665 locum
847 3605 879 3666 et
900 3600 1068 3689 intelleges
1089 3622 1203 3668 verum
1226 3622 1292 3667 esse
1316 3599 1416 3682 ἔχει.

320 3705 392 3772 Lib.
423 3702 536 3783 XXX,
574 3704 616 3769 13
646 3704 708 3791 17
741 3706 871 3792 supple:
902 3705 1056 3783 λαβόντες
1088 3709 1201 3774 οἰκείαν
1226 3705 1460 3796 (πρόφασιν)

274 3836 347 3885 ταις
371 3811 485 3876 ἑαυτῶν
509 3813 703 3890 άσελγείαις.

321 3917 391 3983 Lib.
412 3914 553 3994 XXXII,
575 3914 662 4001 612
687 3916 848 3998 διηπόρησε
871 3919 938 3999 περί
963 3919 1115 3984 τούτων
1139 3925 1202 3993 πῶς
1224 3919 1272 3985 δει
1286 3921 1460 4000 χρησασθαι

274 4029 338 4095 τοῖς
370 4022 567 4103 πράγμασιν
615 4020 775 4090 Graecum
804 4030 852 4090 est
882 4024 948 4105 περὶ
978 4047 1045 4090 που
1069 4049 1133 4097 πως
1156 4027 1221 4091 κτὲ
1267 4026 1396 4093 Lacuna
1419 4024 1460 4091 11

274 4128 481 4216 §berpleri
503 4133 607 4212 potest
633 4150 691 4214 ope
714 4150 824 4195 eornm
848 4151 928 4215 ques
950 4130 1103 4218 leguntur
1125 4131 1238 4209 XXX,
1264 4131 1349 4217 241
1373 4130 1463 4196 3111-

274 4238 367 4301 sertis
389 4241 461 4320 post
478 4232 637 4300 ταλάντου
658 4237 779 4301 verbis:
801 4236 933 4309 πολλοὺς
954 4236 985 4302 δὲ
1005 4240 1135 4320 ταρίχου
1155 4243 1301 4305 Ποντικοῦ
1320 4236 1464 4318 κεράμιον

274 4339 450 4421 τριακοσίων
474 4340 631 4421 δραχμῶν.
669 4340 705 4406 si
727 4342 807 4409 forte
829 4345 864 4407 in
886 4343 938 4409 hie
957 4343 1179 4429 similibusque
1199 4348 1308 4410 sctum
1323 4346 1461 4433 egerim,

273 4469 336 4515 non
347 4466 420 4512 mee
431 4452 480 4512 est
490 4445 585 4532 culpe
592 4447 647 4515 sed
659 4446 817 4512 editorum
830 4455 916 4514 certe
928 4450 1220 4536 supplementnnon
1228 4452 1460 4538 recipientium.
