3340 5014
569 373 761 423 rancocoorcs
786 375 823 423 er
844 375 971 424 omncs.
1305 355 1366 421 115

174 542 305 623 κόλννν,
330 543 425 613 πόντε
448 543 479 612 il
503 544 574 620 τοὺς
599 545 631 613 όν
649 543 870 628 Ἑλλησπόντῳ
890 544 942 611 καὶ
963 544 1070 632 Θρρθκη
1087 543 1181 628 μέχρι
1202 546 1369 631 Βυζαντίον

172 652 281 726 τόπους
312 652 452 737 όπηθεσαν
482 653 535 718 καὶ
567 651 660 719 πέντε
692 653 743 720 tet
773 652 891 727 τούτοις
921 654 964 725 εἰς
996 653 1140 719 Βοιωτόαν
1168 654 1367 719 notescite

172 757 224 825 καὶ
257 760 509 839 Πελοπόννησον,
543 759 577 825 le
607 759 639 826 δὲ
670 761 788 836 ταύτης
819 760 870 827 dtis
900 763 1020 839 Λοκρῶν
1045 757 1095 824 ἐπ)
1127 758 1182 835 την
1212 760 1368 842 πρόσοικον

171 864 289 947 ἤπειρον
313 863 371 940 ἕως
391 865 596 948 Ἀκαρνανόας
621 866 673 931 καὶ
697 866 900 947 Ἀμβρακόας
920 863 1148 945 θπετόλησαν,
1173 867 1199 933 ιθ
1219 866 1251 932 δὲ
1268 865 1367 932 λοιποὶ

171 970 208 1036 δι’
229 971 376 1051 Εὐβοίας
400 972 449 1037 ἐπ’
475 972 621 1044 Οθταθονς
644 972 696 1038 καὶ
715 972 769 1039 τόν
791 970 922 1039 Μαλιόα
939 971 1052 1039 κόλπον
1074 971 1126 1038 κα)
1149 973 1285 1048 Φθιώτας
1300 970 1367 1062 [καὶ

169 1074 244 1166 det]
269 1078 425 1160 Ἀχαιοὺς
444 1077 498 1144 κα)
519 1078 700 1154 Θεσσαλοὺς
719 1078 903 1162 θπορεθοντο.
942 1078 1026 1146 llaec
1045 1080 1153 1145 omnia
1173 1076 1368 1147 Plutarchus

169 1201 208 1248 es
240 1185 312 1270 ipso
345 1184 479 1252 Periclis
511 1182 749 1271 psephismate,
787 1184 873 1271 quod
909 1183 993 1272 apud
1025 1184 1194 1252 Craterum
1226 1184 1365 1272 legerat,

169 1285 318 1357 hausisse
355 1290 493 1358 videtur.
541 1289 603 1358 lies
636 1293 704 1379 ipsa
740 1290 862 1358 exitum
900 1290 1025 1357 nultum
1062 1290 1174 1359 hahuit
1208 1290 1365 1359 Lacedae·

169 1396 287 1461 moniis
327 1395 412 1464 clam
454 1395 718 1476 adversantibus,
761 1396 903 1480 ἐπράχθη
947 1398 979 1465 δὲ
1011 1398 1093 1464 οὐδὲν
1128 1399 1365 1477 auctomento

169 1502 201 1567 αθ
222 1502 334 1577 πόλεις
365 1504 617 1583 Λακεδαιμονθιον
648 1505 938 1572 ὑπεναντιωθέντων.
987 1503 1100 1590 itaqua
1133 1502 1363 1572 historicorum

169 1609 334 1675 neminem
359 1609 545 1676 existimare
565 1608 641 1677 lieet
664 1629 753 1690 rem,
779 1629 861 1697 quae
881 1608 1003 1675 trustra
1021 1608 1138 1689 luerit,
1164 1618 1229 1676 tam
1251 1608 1363 1677 moltis

167 1712 275 1779 verhis
309 1715 398 1781 κατόν
430 1715 467 1782 τὸ
497 1713 754 1799 λεπτομερότερον
789 1723 1017 1783 enarraturum
1054 1713 1153 1781 luisse
1184 1735 1258 1781 cnm
1294 1723 1361 1781 tarn

166 1817 317 1906 diligenti
354 1822 535 1888 civitatium
574 1821 770 1888 Graecarum
807 1822 1051 1889 enumeratione
1086 1830 1118 1887 et
1150 1818 1293 1887 locorum
1328 1829 1362 1887 et

165 1925 322 1994 itinerum
360 1927 587 2016 descriptione.
638 1927 847 2006 Plutarchus,
880 1929 937 2016 qui
974 1927 1004 1993 id
1043 1928 1146 2013 magis
1177 1926 1293 2013 agebat
1325 1935 1362 1995 ut

165 2032 301 2100 Periclis
334 2045 483 2101 naturam
514 2043 547 2100 et
577 2034 744 2121 ingenium
778 2042 810 2101 et
833 2034 931 2100 altam
957 2032 1095 2117 indolem
1119 2035 1152 2099 in
1177 2032 1265 2101 clara
1289 2033 1361 2102 lucc

166 2149 300 2224 poneret
325 2160 420 2227 quam
447 2150 483 2207 ut
502 2160 555 2207 res
570 2140 611 2206 ab
628 2160 667 2207 eo
690 2150 798 2227 gestas
821 2160 895 2206 curn
917 2159 995 2207 cura
1017 2148 1200 2218 enarraret,
1219 2140 1361 2227 arripuit

162 2242 221 2309 hoe
255 2257 286 2312 et
323 2246 485 2332 copiosius
523 2247 689 2333 exposuit,
726 2256 761 2314 ut
797 2266 893 2334 quam
930 2245 1012 2312 altos
1047 2245 1184 2333 spiritus
1221 2243 1359 2312 Pericles

162 2354 301 2434 gesserit
326 2360 359 2418 et
382 2362 502 2439 quanta
528 2352 561 2417 in
587 2350 641 2417 illo
665 2353 733 2419 viro
756 2351 945 2437 magnitudo
966 2352 1067 2418 animi
1093 2350 1191 2418 luerit
1215 2350 1357 2418 luculen-

163 2465 211 2521 ter
247 2466 432 2545 apparcrai.
467 2463 557 2525 τοῦτο
587 2459 645 2538 μὲν
676 2456 724 2526 οὖν
759 2457 953 2540 παρεθέμην,
988 2458 1112 2545 inquit,
1135 2458 1356 2538 ἐνδεικνύμενος

161 2562 311 2630 αὐτοῦτὸ
329 2563 474 2647 φρόνημα
493 2565 546 2631 καθ
565 2567 622 2642 την
636 2562 926 2647 μεγαλοφροσύνην.
966 2565 1030 2630 llcc
1046 2564 1132 2631 enim
1152 2574 1227 2631 ante
1248 2564 1355 2630 omnia

162 2664 357 2736 Plutarchus
377 2669 494 2756 agebat
516 2672 550 2737 oi
572 2673 628 2747 την
650 2671 786 2754 θχρητον
809 2669 948 2752 dipoldus
967 2670 1081 2752 θςορθαν
1101 2671 1190 2738 όλλθο
1210 2672 1266 2747 την
1282 2672 1354 2751 πρός

161 2775 347 2853 κατανόησιν
370 2777 455 2854 ἥθονς
478 2776 531 2843 καὶ
554 2776 665 2859 τρόπον
685 2776 889 2859 παραδιδούς,
915 2786 950 2843 ut
970 2775 1083 2843 scribit
1108 2777 1140 2842 in
1162 2777 1226 2842 vita
1244 2774 1356 2841 Niciae

162 2898 229 2968 cap.
254 2882 356 2950 Isuh
382 2884 490 2949 tinem.
538 2883 647 2970 lpsum
673 2883 807 2950 verbum
830 2882 1006 2963 παρεθθαην
1026 2882 1145 2949 indicio
1164 2890 1213 2949 est
1234 2880 1354 2948 deseri·

161 2994 213 3071 pta
237 3009 310 3056 esse
335 2988 413 3055 baec
431 3009 470 3055 ex
491 2990 625 3076 antiquo
645 2991 823 3077 scriptore,
847 2990 942 3056 cuius
961 2987 1055 3054 iidem
1076 2988 1352 3055 etauctoritatem

163 3092 357 3162 Plutarchus
374 3103 582 3182 sequeretur,
597 3097 693 3161 ouius
711 3094 896 3162 testimonio
917 3102 1078 3170 uteretur,
1101 3094 1135 3162 ut
1155 3094 1351 3162 estverhum

162 3203 352 3283 παραθέσθαι
384 3201 415 3266 in
443 3200 692 3268 auctoritatibus
716 3199 888 3268 afferendis
911 3201 1080 3267 usitatum.
1128 3200 1228 3269 Cuius
1251 3200 1355 3285 igitur

162 3308 387 3373 auctoritatem
412 3307 444 3371 in
469 3324 507 3373 ea
530 3326 564 3372 re
589 3307 705 3375 melius
723 3307 814 3394 sequi
835 3308 939 3394 potuit
958 3325 1056 3394 quam
1077 3307 1180 3393 ipsius
1205 3305 1352 3383 Periclis,

162 3413 255 3478 coins
289 3432 364 3479 eum
401 3413 602 3495 ψηφίσματα
633 3414 664 3479 in
698 3413 848 3480 manibus
879 3410 1029 3478 habuisse
1052 3411 1199 3479 consteti
1239 3411 1354 3498 heiege

164 3515 242 3583 mihi
266 3516 305 3583 ad
331 3516 413 3583 hano
445 3517 550 3585 lucem
583 3519 677 3585 verba
711 3517 897 3597 Plutarchi,
928 3526 960 3584 et
986 3537 1047 3584 non
1073 3517 1248 3585 dubitabis.
1297 3516 1354 3583 Est

164 3633 269 3691 autem
295 3621 383 3688 aliud
407 3622 616 3691 Plutarchum
641 3624 755 3691 audire
779 3627 848 3691 suis
873 3623 979 3691 verbis
1003 3622 1124 3711 aliquid
1149 3631 1354 3701 narrantem,

165 3726 248 3796 aliud
274 3730 377 3817 ipsius
402 3728 535 3796 Periclis
559 3750 669 3797 vocem
694 3729 807 3797 audire
831 3732 987 3815 ψήφισμα
1014 3730 1045 3795 in
1066 3731 1221 3797 concione
1239 3728 1355 3817 populo

164 3837 341 3902 recitantis.
368 3835 540 3904 Perluccnt
560 3836 678 3924 ubique
692 3838 760 3924 ipsa
777 3837 873 3905 verba
890 3857 929 3903 ex
945 3835 1164 3923 psephismate
1179 3834 1355 3922 descripta,

166 3949 198 4006 ut
230 3941 298 4009 iere
328 3942 386 4008 tibi
422 3943 527 4029 ipsum
559 3945 730 4030 antiquum
765 3941 996 4010 documentum
1028 3941 1069 4006 oh
1099 3939 1208 4009 oculos
1238 3939 1356 4009 habere

166 4047 323 4116 videaris:
353 4048 464 4128 Ἔδοξε
497 4060 536 4134 τῖς
567 4049 811 4134 conspectos
837 4051 922 4131 islep
942 4088 987 4100 -
1005 4056 1155 4129 Περικλῆς
1180 4048 1356 4115 Ξανθόππον

167 4156 342 4237 Χολαργεὺς
373 4151 478 4221 εἶπεν·
503 4194 548 4208 —-
574 4156 697 4230 πιόντας
726 4158 886 4232 Ἕλληνας
923 4162 1118 4238 παρακαλεῖν
1151 4153 1205 4221 καὶ
1240 4156 1355 4237 μικρὰν

165 4260 250 4326 πόλιν
273 4260 326 4327 καὶ
350 4261 499 4342 μεγιθλην
521 4262 657 4343 πόμπειν
683 4262 833 4347 Ἀθήναζε
858 4260 965 4336 οἵτινες
986 4260 1207 4341 βουλεύσονται
1231 4263 1300 4344 περό
1318 4287 1354 4328 τε

165 4372 218 4432 τῶν
238 4370 424 4443 Ἑλληνικῶν
445 4371 527 4450 ἱερῶν
547 4365 569 4436 οἳ
590 4368 790 4452 κατέπρησαν
810 4373 834 4437 ci
854 4369 1009 4451 βάρβαροι
1030 4369 1094 4434 κτό.
1107 4376 1139 4434 et
1152 4374 1222 4456 post
1236 4387 1351 4455 pauca:

166 4471 296 4552 πόροπειν
326 4475 359 4541 δὲ
384 4474 497 4558 ἄνδρας
520 4475 612 4542 rixosi
640 4482 699 4542 τῶν
731 4476 804 4558 ὑπὲρ
826 4480 1020 4554 πεντήκοντα
1044 4474 1098 4552 ἔτη
1122 4472 1294 4555 γεγονότων
1317 4469 1356 4543 ὦν

1177 4582 1193 4631 8
