3254 5034
585 360 775 408 roruouoorcu
800 362 836 408 rr
858 360 984 409 cornici.
1339 350 1374 410 tt

188 530 302 621 probet
332 537 429 617 atque
449 526 575 596 oterttt
623 529 681 595 Cui
714 549 776 596 uon
802 532 946 596 omnium
971 527 1128 617 quietquit
1159 539 1209 595 est
1241 531 1273 595 in
1299 529 1379 597 lier-

188 639 298 706 mania
330 636 499 703 hominum
524 634 758 721 elegantiarum
794 636 854 701 ista
879 635 1008 721 linguae
1037 637 1286 723 intemperantia
1312 646 1380 705 tae·

188 743 280 811 dium
306 744 447 831 paritet
471 741 647 807 nauseam?
681 741 764 823 Quin
790 742 897 827 potius
921 752 1068 808 tenemus
1090 740 1167 807 illud
1194 741 1381 829 Aristopha-

187 870 306 930 nonm,
331 847 416 937 quod
441 868 503 914 non
530 848 638 914 miuus
663 847 694 912 in
718 846 893 934 philologos
913 848 1063 914 convenit
1083 867 1180 933 quam
1204 847 1235 913 in
1254 856 1379 936 poetas:

669 953 864 1034 λοιδορεῖσῖοιι
888 955 914 1019 δ’
938 956 971 1020 οὐ
995 953 1105 1036 πρέπει

185 1136 188 1142 7
394 1057 505 1140 ἄνδρας
528 1056 717 1141 Φιλολδνοιιο
741 1056 841 1141 οἵσπερ
865 1059 1087 1140 ἀρτοπώλιδας.

233 1166 420 1232 Certamiua
444 1185 512 1231 eure
538 1164 624 1230 inter
647 1163 783 1231 Criticos
815 1184 945 1231 neeesse
972 1174 1037 1230 est:
1070 1165 1176 1243 δροῖἵρ
1199 1165 1225 1231 δ’
1247 1163 1304 1247 ἔρις
1329 1162 1381 1241 οἵδε

186 1272 345 1352 βροτοῖσι,
372 1270 427 1337 sed
452 1280 615 1337 certemus
640 1270 784 1356 ingenio,
808 1271 979 1350 acumina,
1005 1268 1169 1350 sollertia,
1195 1290 1256 1336 non
1282 1270 1382 1337 male·
1431 1356 1433 1359 Ι

188 1375 286 1442 (lictis
310 1387 343 1443 et
366 1376 532 1442 conviciis.
568 1374 635 1440 ilex
655 1375 737 1453 erio,
762 1377 871 1455 olunt,
897 1377 925 1441 σι’
948 1385 1031 1443 recte
1053 1377 1164 1464 socier.
1212 1377 1382 1442 Caeterum

189 1484 216 1548 ci
239 1481 413 1569 quidboni
437 1490 599 1569 repertum
622 1481 805 1567 spernitur,
827 1484 858 1547 ri
881 1483 1027 1549 veritatis
1045 1484 1104 1548 erit
1129 1480 1383 1549 contemtoribus

188 1590 258 1655 suis
282 1597 466 1676 superator,
498 1597 527 1654 et
553 1595 667 1653 contra
690 1586 849 1675 quidquid
873 1608 990 1654 vanum
1014 1599 1046 1655 ct
1071 1587 1186 1655 salsum
1211 1596 1261 1653 est
1284 1589 1383 1655 etiant

189 1694 279 1761 nullo
314 1693 477 1761 refellente
509 1692 638 1780 peribit.
688 1692 793 1759 Etiam
824 1694 857 1759 in
882 1702 952 1761 arte
981 1693 1099 1759 Critiea
1130 1692 1224 1778 longa
1257 1690 1325 1758 dies
1349 1702 1385 1758 ut

189 1802 379 1889 opinionum
409 1808 590 1867 commenta
620 1797 703 1865 tlelet
729 1801 773 1864 ita
802 1810 897 1866 acute
928 1800 1130 1867 cernentium
1155 1796 1276 1864 iudicio
1307 1818 1384 1864 oon·

192 1906 316 1973 lirmat.

235 2012 299 2079 Sed
326 2011 434 2079 redeat
460 2009 544 2078 uude
568 2010 631 2078 huo
657 2009 801 2098 digressa
830 2020 879 2080 est
905 2011 1007 2078 oratio
1031 2019 1064 2078 et
1088 2030 1205 2078 norum
1233 2008 1382 2078 Scholion

192 2138 418 2206 inspiciamus.

236 2312 354 2405 θάνεν.
380 2324 406 2380 1.
432 2319 486 2381 45.

376 2418 431 2486 ἔνθ’
455 2420 520 2497 ἤτοι
542 2420 601 2500 μὲν
623 2420 685 2500 ἐγὼ
708 2420 791 2503 διερῷ
816 2420 882 2487 ποδὶ
907 2419 1069 2504 Φενγῖμον
1093 2419 1194 2499 inice

376 2527 508 2606 ἠνώγεον.

238 2631 389 2700 Scholion
415 2630 455 2700 ad
479 2633 561 2715 διερῷ
590 2631 676 2701 noll:
707 2641 747 2715 πῇ
771 2630 834 2708 νηΐ·
859 2631 999 2715 καὶγὰρ
1029 2632 1163 2707 ἄλλοις
1187 2629 1299 2707 ἵππους
1323 2631 1383 2706 τοὶς

192 2764 280 2819 ρους.

239 2842 324 2927 Quid
358 2845 402 2910 cit
440 2843 611 2931 legendum
645 2864 703 2933 pro
735 2843 843 2917 ἄλλος
883 2841 995 2918 ἵππους
1027 2842 1158 2931 colliges
1195 2863 1233 2911 ex
1268 2842 1384 2934 Odyss.

193 2961 233 3018 Δ.
260 2955 337 3019 708.

376 3062 450 3133 νηῶν
471 3054 629 3137 ὠκυπόρων
651 3055 871 3136 ἐπιβαινέμεν,
897 3053 936 3123 οιῖ
953 3058 979 3121 θ’
1001 3057 1079 3130 ritule
1102 3056 1188 3124 ἵπποι

377 3160 503 3244 ἀνδράσι
526 3163 700 3242 elnonae.

237 3266 287 3334 Cf.
322 3266 471 3335 Scholion
504 3267 543 3333 all
576 3266 668 3335 lliatl.
695 3276 736 3334 Ψ.
761 3272 847 3335 307:
882 3267 953 3341 ἵσιος
985 3268 1016 3335 δὲ
1046 3269 1098 3335 aaut
1128 3269 1164 3334 πὸ
1192 3267 1294 3353 ποῖχοο
1327 3275 1386 3336 πῶν

192 3380 265 3442 νεῶν
288 3371 337 3441 οοῖ
354 3375 379 3439 θ’
402 3374 495 3449 aiulo
519 3372 629 3441 ἵπποι
652 3371 757 3450 ἵππιος
782 3373 967 3463 (Ποσειδῶν).

173 3653 176 3658 .
240 3585 358 3677 Odyrs.
383 3597 407 3652 1.
433 3590 509 3655 eut.

379 3693 543 3761 δεισάντων
566 3691 708 3776 <tilmon
730 3717 766 3760 σε
789 3692 889 3774 βορὺν
910 3692 1004 3760 αὐτόν
1026 3716 1061 3760 πο
1085 3693 1228 3777 πῖλισρον.

241 3797 392 3867 Scholion
417 3798 457 3865 atl
481 3797 639 3881 Φῖἵγγοντ
663 3837 708 3849 -
731 3795 808 3874 ἵλως
829 3801 862 3866 οὔ
885 3800 984 3876 ellum
1004 3802 1060 3876 πῖρν
1081 3800 1238 3880 >tinomao
1258 3801 1308 3866 tert
1331 3810 1389 3878 τῆς

194 3905 396 3987 οἵδιοιρῖρῶπον
418 3912 534 3987 (Dorio.

242 4011 374 4098 Corrige
402 4007 478 4084 ἕλοις
500 4011 518 4077 δ
526 4012 540 4078 l
563 4012 660 4086 πῖἵνσι
685 4013 741 4087 τὴν
764 4009 877 4088 λέξιν
899 4011 951 4077 ἐπὶ
975 4021 1031 4087 τῆς
1055 4012 1089 4076 at.
1114 4018 1154 4092 Φ.
1204 4010 1327 4078 Vitium
1355 4014 1387 4079 in

195 4130 352 4211 λέγονσοιν
377 4140 487 4197 natum
520 4140 565 4196 est
591 4149 630 4196 ex
655 4128 845 4217 conopeutlin
868 4098 908 4206 i,
940 4127 1024 4217 quotl
1048 4140 1081 4196 el
1104 4129 1212 4210 λέγει,
1246 4131 1389 4212 λέγουσιν

196 4246 260 4304 cet.
284 4245 316 4303 et
338 4235 441 4317 λέξις,
466 4235 550 4314 λέξον
572 4248 635 4304 eet.
657 4235 811 4303 denotare
834 4237 924 4302 solet.
973 4235 1056 4317 Quid
1077 4236 1119 4302 sit
1141 4236 1260 4324 uirique
1284 4237 1391 4325 legen·

198 4340 275 4408 dum
301 4344 381 4409 satis
404 4344 438 4409 ἐν
461 4349 519 4409 σῶν
543 4344 591 4410 olel
614 4341 878 4427 συμφραζομένων
902 4352 1052 4430 apparet,
1077 4343 1138 4408 nisi
1163 4344 1307 4430 siquis,
1333 4346 1391 4432 qui

200 4448 381 4515 scribarum
408 4468 477 4515 runo
499 4459 568 4529 est,
594 4450 680 4515 iuter
703 4448 875 4534 legendum
897 4448 978 4514 alios
1001 4468 1054 4515 reo
1081 4450 1160 4536 agit.
