3254 5034
285 318 332 389 70
846 328 948 379 ruma.

286 506 351 575 buc
374 501 570 592 requiritur;
593 517 669 566 nam
689 500 774 587 qaod
794 499 911 568 Orellio
930 501 964 567 in
987 509 1128 567 mentem
1150 500 1237 566 venit
1255 501 1482 583 perruptae

286 613 321 681 id
344 612 386 680 ab
411 611 560 677 universa
585 607 765 674 sententiae
789 607 915 672 ratione
939 606 1080 672 alionum
1107 615 1166 673 est.

332 721 439 805 atque
472 736 511 782 ne
545 712 575 779 tu
599 713 730 800 quidem
756 710 1059 800 praetervidemlani
1085 723 1148 791 est,
1177 731 1380 800 nequaquam
1407 733 1481 779 cou-

287 836 375 894 stare
404 824 557 890 Latinum
591 820 1016 896 inconsiderantiam,
1042 838 1081 884 es
1106 818 1307 886 interlineari
1331 821 1439 907 spatio
1464 841 1483 885 a

287 930 421 998 librario
452 928 642 995 devocatum
674 925 809 991 eattdena
843 944 1000 1013 occupare
1032 924 1159 1002 sedem,
1183 925 1215 991 in
1236 945 1300 1012 qna
1322 924 1482 992 Graecum

289 1039 400 1104 Cicero
424 1034 580 1123 posuerit.
612 1031 691 1098 llam
718 1032 757 1097 io
780 1032 851 1097 boc
874 1051 950 1098 uno
970 1030 1378 1097 inconsiderantiam
1404 1032 1485 1120 (sire

290 1144 384 1209 malis
420 1140 541 1207 Graeco
577 1136 728 1203 vocabulo
758 1137 975 1217 dementiam,
1011 1138 1225 1203 temeritatem
1262 1139 1482 1224 significatum

287 1247 403 1335 luisse)
435 1246 558 1311 dictum
592 1255 658 1322 est,
691 1245 782 1329 quasi
815 1255 1040 1331 praeterquam
1067 1244 1099 1309 iu
1136 1243 1221 1309 ludis
1255 1243 1484 1332 enumerandis

287 1354 473 1440 ceteroquin
509 1351 581 1415 llilo
613 1344 814 1416 considerate
844 1370 881 1415 ae
913 1353 1077 1436 sapienter
1100 1369 1196 1435 agere
1220 1351 1365 1417 Ciceroni
1392 1350 1483 1416 vide·

289 1468 403 1538 retur;
431 1455 515 1544 quod
540 1455 632 1542 longe
656 1476 750 1522 secors
773 1466 853 1522 erat.
906 1456 962 1522 llic
987 1465 1094 1521 autem
1120 1455 1236 1542 duplex
1261 1459 1409 1522 nascitur
1433 1476 1485 1521 su·

290 1565 401 1652 spicio.
449 1563 528 1630 Natu
553 1564 620 1629 siue
644 1561 754 1629 Cicero
774 1561 905 1648 scripsit
929 1562 1050 1627 caius
1077 1560 1281 1650 [vocabulum
1306 1563 1481 1651 Graecum]

289 1679 330 1738 et
352 1690 425 1756 ego
449 1666 683 1742 sustinebo,
709 1667 803 1753 isqui
827 1667 1243 1734 inconsiderantiam
1268 1668 1378 1734 intulit
1392 1670 1438 1735 ita
1452 1670 1484 1732 iu

291 1775 460 1843 uerborum
481 1778 597 1841 seriem
619 1772 765 1840 intulisse
785 1772 930 1849 ridetur,
950 1781 986 1839 ut
998 1773 1155 1840 Graecum
1170 1772 1359 1841 vocabulum
1373 1777 1485 1841 «eiusne

290 1881 444 1967 reliquias
480 1879 603 1946 taedias
627 1878 827 1955 includeret,
859 1879 890 1943 in
921 1877 1008 1944 hune
1030 1878 1184 1946 modum:
1212 1882 1250 1946 in
1279 1879 1484 1969 [vocabulum

291 1987 463 2077 Graecum]
496 1986 875 2052 considerantiam:
901 1995 934 2052 et
956 2006 1030 2053 vero
1054 1984 1216 2055 HOCVNO
1240 1988 1354 2054 Graeci
1380 1987 1484 2053 nomi·

290 2095 341 2160 nis
360 2094 483 2160 exitrun
506 2090 672 2159 uuuttttt
697 2089 816 2158 relcrrc
841 2091 986 2169 videtur,
1014 2095 1082 2158 sire
1106 2094 1238 2178 scripsit
1261 2094 1382 2159 cuius
1412 2090 1484 2181 [vo-

290 2197 442 2267 cabulum
478 2196 651 2285 Graecum]
692 2198 729 2262 in
766 2197 838 2264 hoe
871 2219 949 2264 tuno
979 2207 1018 2263 et
1041 2218 1112 2285 ego
1135 2199 1371 2277 sustinebo,
1398 2197 1483 2263 idem

292 2313 363 2394 post
388 2304 425 2369 io
450 2301 523 2369 hoo
549 2323 627 2369 uno
651 2303 777 2382 intulit,
801 2305 885 2391 quod
905 2315 981 2373 ante
999 2325 1038 2372 ea
1059 2305 1154 2372 rerba
1176 2304 1287 2374 iulerri
1304 2304 1484 2394 oportebat.

293 2415 397 2497 dique
429 2409 535 2497 prouti
568 2407 736 2476 librarium
768 2413 871 2498 egisse
903 2419 1045 2490 statuas,
1082 2414 1125 2478 ita
1161 2410 1224 2478 alia
1249 2413 1411 2479 sententia
1436 2413 1485 2477 Ci-

292 2536 439 2584 ceronetn
472 2515 642 2601 scripsisse
666 2515 765 2583 ducas
790 2538 919 2585 necesse
940 2527 1000 2584 est.
1049 2517 1111 2599 Qut
1136 2519 1163 2584 si
1189 2519 1322 2605 scripsit
1346 2519 1385 2584 in
1413 2519 1485 2584 boc

293 2642 387 2697 uno,
414 2618 453 2686 ad
478 2618 571 2686 ludos
594 2619 765 2690 dumtaxat
788 2623 1042 2711 eorarparandos,
1056 2627 1083 2690 si
1098 2643 1160 2689 non
1181 2625 1328 2712 scripsit,
1350 2623 1392 2690 ad
1416 2623 1486 2690 uni·

293 2747 401 2795 versos
423 2726 587 2815 petitionis
611 2739 741 2795 sanutus
766 2729 972 2796 sustinendos
995 2749 1088 2816 opem
1106 2738 1139 2796 et
1158 2749 1288 2816 operam
1306 2749 1398 2795 suam
1416 2748 1485 2816 pro

294 2833 396 2900 lessus
419 2841 469 2898 est
507 2830 586 2897 Nam
621 2835 653 2898 io
679 2835 801 2922 reliqua
826 2834 1028 2902 dubitatione
1053 2833 1381 2912 boeltrmiterteneo,
1403 2832 1485 2902 illud

292 2942 376 3032 quod
401 2943 512 3008 Cicero
533 2952 565 3008 et
588 2942 694 3026 ipsum
718 2960 753 3006 se
776 2951 1001 3008 sustentatum
1016 2941 1097 3008 dicit
1108 2940 1286 3008 etalratre
1298 2950 1485 3029 exspectare

294 3058 330 3115 ut
367 3048 394 3112 is
412 3066 539 3134 quoque
560 3048 735 3120 sustineat,
761 3067 821 3111 non
840 3067 910 3113 esse
929 3047 1055 3114 Milonis
1074 3047 1204 3135 aliquod
1224 3048 1323 3113 animi
1351 3048 1486 3125 uitium,

295 3152 379 3241 quod
410 3161 520 3239 utpote
552 3153 637 3218 inter
667 3152 790 3218 anticos
821 3152 936 3219 leniter
960 3154 1003 3220 sit
1027 3151 1212 3220 ferendum:
1238 3153 1424 3240 quidecim
1449 3173 1485 3220 ea

294 3260 440 3326 molestia
465 3259 523 3325 laon
548 3268 691 3345 tempore
711 3256 752 3323 ad
776 3257 931 3339 Quintum
960 3259 1158 3347 pertinebat,
1186 3260 1241 3346 qui
1267 3258 1360 3346 longe
1383 3280 1401 3326 a
1428 3260 1485 3327 tti-

294 3366 365 3432 looe
395 3374 427 3431 et
457 3363 498 3430 ab
531 3364 610 3430 urbe
641 3362 767 3430 aberat:
800 3363 855 3430 sed
878 3363 1013 3432 effusam
1044 3364 1249 3452 largitionem
1280 3375 1314 3434 et
1342 3365 1486 3433 infinitos

294 3479 423 3537 sanatus
447 3470 623 3556 petitionis.

341 3575 433 3655 llilo,
455 3585 490 3641 ut
514 3596 571 3662 par
589 3584 679 3652 erat,
701 3575 741 3641 ab
759 3575 873 3643 aulicis
881 3577 1106 3665 exspectabat,
1120 3588 1152 3645 ct
1165 3598 1240 3646 vero
1252 3578 1484 3666 postulaverat,

295 3684 427 3771 opinor,
460 3690 496 3748 ut
525 3684 555 3748 in
581 3680 684 3749 olllcio
708 3693 815 3751 essent
839 3693 936 3770 atque
959 3685 1135 3753 exhaustae
1156 3705 1249 3753 arcae
1274 3708 1401 3776 quoquo
1420 3708 1484 3754 mo·

295 3789 336 3856 do
365 3787 585 3856 subvenirent.
634 3788 803 3856 Cicerones
833 3810 960 3877 quoque
994 3792 1169 3881 appellasse
1203 3794 1341 3860 videtur.
1388 3794 1423 3861 ln
1447 3812 1484 3860 ea

294 3916 330 3963 ro
352 3896 479 3962 Muretus
502 3895 541 3961 de
565 3915 614 3960 se:
645 3894 865 3962 sustinebo
898 3905 940 3962 ut
973 3908 1126 3985 potero.
1153 3898 1281 3965 Poterat
1303 3909 1432 3980 autem,
1457 3898 1483 3965 si

295 3999 428 4067 deerant
453 4002 575 4065 acerrimi
587 4049 596 4075 ,
610 3999 755 4067 conterre
775 3999 814 4067 ad
827 4003 937 4089 epulas
950 4004 1176 4082 instruendas,
1188 4004 1228 4071 ad
1242 4006 1383 4072 ornanda
1396 4024 1483 4092 spec·

296 4104 476 4173 taculorum
502 4104 588 4180 loca,
613 4103 675 4170 alia
700 4105 843 4173 eiusdem
869 4112 997 4195 generis
1021 4110 1060 4176 ad
1078 4109 1309 4177 sublevandum
1322 4110 1480 4177 bominem

296 4210 512 4277 necessarium
538 4211 791 4277 attcorunrodata.
819 4211 975 4293 Quintum
992 4235 1184 4304 veroquam
1199 4212 1412 4283 satis'scieltat
1426 4216 1482 4282 boc

294 4327 437 4403 tempore
461 4336 524 4382 non
547 4315 661 4383 llorere
681 4317 811 4404 opibus,
835 4317 1004 4400 admonet,
1029 4323 1055 4388 sl
1081 4325 1148 4411 ipse
1169 4326 1232 4391 iana
1255 4322 1481 4391 adiuvarcnou

294 4425 410 4509 possit,
440 4443 510 4490 esse
541 4423 596 4509 qui
628 4421 834 4508 suppeditent
857 4422 1043 4495 taeuuatem
1069 4428 1283 4499 liberalitatis.
1332 4431 1481 4498 Homines
