3340 5014
589 408 782 459 annotantes
805 409 843 456 ιτ
864 409 992 458 caurien.
1327 391 1391 457 toa

194 582 260 654 έσιν
280 580 505 663 Ἀλκιβιάδου,
538 577 615 663 dud
645 585 752 649 ταῦτα
780 580 986 662 γέγραπται,
1010 586 1042 647 et
1067 586 1138 667 post
1162 598 1279 666 pauca:
1303 578 1390 662 λαβέ

195 712 248 769 μοι
272 690 307 754 τὸ
331 691 489 771 ψήφισμα
517 689 620 754 caval.
653 686 741 767 λέγε.
790 685 887 753 Vides
912 684 1084 753 Alcibiadis
1110 706 1182 753 esse
1206 685 1391 774 psephisma

196 795 295 863 idem.
330 793 543 884 Lysimachus
569 803 618 861 est
636 794 825 876 Λυσίμαχος
854 793 1020 873 Ἀριτεέδου
1039 795 1273 870 Ἀλωπεκῆθεν,
1293 791 1394 858 nobili

198 910 290 988 patre
315 909 429 978 natus,
452 899 509 967 sed
533 900 601 987 ipse
622 908 693 987 post
709 898 875 966 socordem
896 909 927 964 el
948 896 1118 965 delicatam
1143 899 1392 966 adolescentiam

197 1007 342 1074 inesset
367 1010 446 1094 reip.
471 1005 608 1073 inutilis.
656 1004 796 1073 Candide
820 1003 941 1071 latetur
967 1006 1034 1091 ipsc
1058 1005 1143 1093 apud
1171 1005 1334 1073 Platonem
1361 1006 1394 1072 iu

195 1111 335 1181 Lachete
370 1134 401 1200 p.
428 1118 501 1181 179.
535 1134 563 1178 c.
589 1113 673 1193 ἡμῶν
701 1113 764 1195 γάρ
795 1110 937 1194 ἑκάτερος
963 1111 1166 1199 (Λυσίμαχος
1193 1111 1395 1196 άἈριοεέδον

195 1219 253 1286 καὶ
277 1219 441 1295 Μελησίας
472 1220 486 1285 ά
519 1219 714 1305 Θουκυδίδου)
749 1218 817 1302 sepi
850 1222 904 1285 τοῦ
932 1218 1043 1284 ἑαυτοῦ
1066 1219 1183 1301 πατρὸς
1209 1218 1316 1285 πολλά
1340 1216 1394 1284 καὶ

197 1325 288 1392 καλά
311 1322 390 1408 ἔργα
413 1325 481 1406 ἔχει
513 1325 619 1404 λέγειν
649 1324 721 1407 αρδς
748 1326 819 1397 τοὺς
843 1322 1015 1398 νεανίσκους
1039 1325 1091 1391 καὶ
1116 1320 1176 1391 άσα
1207 1325 1238 1391 έν
1270 1322 1396 1405 τολέμῳ

196 1430 386 1513 εἰργάσαντο
417 1430 470 1497 καὶ
500 1427 559 1497 ὅσα
591 1432 622 1496 έν
650 1431 763 1515 cipum,
797 1430 974 1501 διοικοῦντες
1007 1430 1051 1496 τά
1073 1455 1109 1497 τε
1132 1436 1191 1497 τῶν
1214 1428 1396 1510 συμμάχων

198 1536 256 1604 καὶ
280 1538 322 1604 τά
343 1538 438 1613 τῆσδε
456 1544 511 1612 τῆς
529 1535 657 1609 πόλεως.
674 1537 859 1618 ἡμέτερα
880 1536 906 1603 δ’
929 1537 1056 1603 αὐτῶν
1081 1534 1181 1618 ἔργα
1205 1536 1395 1617 οὐδέτερος

199 1641 292 1728 ἔχει
316 1642 472 1723 λέγειν·
496 1646 603 1710 ταῦτα
627 1642 663 1719 δέη
687 1640 944 1724 ὑσαισχυνάμεάά
963 1667 999 1709 τε
1022 1640 1132 1709 τούσδε
1149 1643 1203 1709 καὶ
1224 1641 1396 1720 αέτιάιμεάα

197 1750 272 1824 τοὺς
294 1749 434 1831 πατέρας
454 1750 538 1828 ἡμῶν
557 1746 604 1814 άτι
623 1752 727 1828 ἡμᾶς
750 1748 820 1828 μέν
839 1748 925 1815 stau
947 1751 1108 1832 τρυφάν
1128 1747 1396 1831 exoccupandum

198 1855 390 1936 ἐγενόμεθα,
413 1856 456 1922 τά
480 1855 511 1922 δέ
534 1862 594 1921 τῶν
617 1854 722 1921 άλλων
746 1853 1109 1937 spernendumne.
1148 1854 1209 1937 Qui
1230 1852 1311 1920 haec
1327 1862 1394 1920 lant

197 1960 339 2030 candide
353 1960 569 2029 nllcniatetuc
582 1980 644 2026 nnn
666 1969 748 2036 erat,
771 1968 807 2027 ut
828 1959 1057 2028 Demosthenes
1075 1958 1257 2047 praedicat,
1272 1955 1316 2035 εἷς
1335 1965 1396 2026 τῶν

196 2069 273 2136 τότε
294 2069 471 2150 χρησίμοιν,
495 2065 550 2133 sed
574 2065 712 2149 άχρητος
735 2076 774 2152 τῇ
795 2068 883 2133 κάλει
905 2066 934 2132 ai
955 2090 1003 2141 τις
1023 2063 1197 2141 καδάλλος.
1234 2064 1393 2147 Quamob-

198 2195 271 2242 rem
293 2174 394 2260 igilur
419 2172 473 2241 tali
506 2172 628 2240 homini
663 2181 728 2239 tam
754 2171 860 2259 ampla
893 2173 1036 2261 praemia
1067 2171 1231 2239 Alcibiade
1262 2179 1395 2239 auctore

198 2280 329 2369 publice
352 2278 595 2346 decernuntur?
621 2276 689 2345 Non
716 2278 795 2365 ipsi,
820 2277 875 2345 sed
902 2279 1004 2367 patris
1035 2279 1209 2346 memoriae
1234 2277 1312 2345 haec
1340 2276 1395 2344 da·

199 2387 338 2465 bantur,
362 2387 514 2474 queniam

522 2493 667 2562 uirtutem
691 2495 881 2562 incolumem
905 2491 1043 2571 odimus,

439 2597 596 2666 subletum
622 2623 663 2667 οω
687 2602 785 2667 oculis
807 2600 988 2689 quaerimus
1010 2597 1123 2666 incidi.

246 2704 317 2771 Jam
359 2724 435 2771 vero
475 2704 641 2774 uideamus
678 2706 762 2774 unde
796 2715 863 2773 lam
901 2704 1074 2791 diligenter
1110 2701 1303 2769 Plutarchus
1338 2721 1395 2769 nc·

199 2811 286 2877 uerit
302 2806 348 2876 ἔτι
363 2814 378 2876 ά
393 2811 599 2890 Ἀλκιβιάδης
620 2812 741 2895 ἔγραψε
761 2812 795 2879 τὸ
815 2813 971 2897 ψήφισμα
987 2810 1023 2877 τά
1042 2809 1108 2892 περὶ
1119 2813 1174 2876 τοῦ
1186 2807 1394 2891 Λυσιμάχου.
1443 2834 1447 2840 ’

198 2915 323 3004 Nempe
356 2916 440 2984 unde
470 2916 627 2985 didicerat
656 2915 703 2986 άτι
733 2920 784 2986 τδν
809 2915 1007 2999 Θεμιςοκλέα
1030 2915 1196 2998 ἐγράψατο
1220 2916 1396 2996 Λεωβάτης

199 3022 397 3103 Ἀλκμέωνος
424 3026 635 3107 Ἀγρυλῆθεν,
674 3024 714 3090 ab
744 3023 855 3092 endem
888 3023 1006 3090 sumsit
1036 3023 1072 3088 τδ
1104 3026 1157 3089 τοῦ
1193 3022 1397 3103 Ἀλκιβιάδου

198 3130 369 3213 ψήφισμα.
418 3128 502 3196 Usus
526 3140 575 3197 est
599 3131 722 3198 Crateri
743 3141 782 3216 τῇ
802 3137 859 3198 τῶν
873 3130 1090 3215 ψηφισμάτων
1110 3139 1281 3214 συναγωγῇ
1295 3149 1398 3217 neque

201 3255 284 3323 opus
318 3254 388 3301 csse
418 3232 556 3303 credidit
596 3235 771 3304 identidem
807 3257 904 3304 sunm
936 3244 1101 3304 auctorem
1134 3235 1313 3303 nominare.
1362 3234 1398 3301 ln

201 3340 323 3409 talibus
348 3340 540 3408 Plutarchus
565 3363 668 3431 neque
691 3342 830 3430 diligens
855 3352 904 3411 est
929 3363 1033 3431 neque
1057 3344 1218 3410 cininsns.
1257 3340 1398 3409 Habebat

202 3447 328 3515 Crateri
364 3446 580 3529 ψηφισμάτων
621 3451 834 3537 tununensis,
879 3469 980 3538 eaque
1022 3449 1053 3514 in
1095 3450 1171 3516 uitis
1213 3448 1398 3537 principum

205 3551 452 3621 Atheniensium
478 3552 615 3621 multnm
643 3554 805 3622 utebatur.
853 3555 1022 3639 Quantiuis
1048 3555 1143 3640 pretii
1170 3554 1201 3620 in
1228 3574 1298 3620 eam
1330 3574 1397 3621 rein

202 3668 253 3726 est
279 3660 381 3747 ipsius
407 3658 570 3726 Plutarchi
596 3662 818 3728 testimonium
840 3663 872 3727 in
894 3662 958 3727 uita
983 3659 1093 3727 Niciae
1116 3680 1187 3748 cap.
1213 3667 1239 3727 t.
1264 3653 1303 3735 άς
1324 3665 1400 3739 γοῦν

204 3765 387 3842 Θουκυδίδης
411 3763 559 3845 έξιὶνεγκε
583 3765 712 3848 πράξεις
731 3767 783 3834 καὶ
808 3766 1175 3849 Φέλιςοο-έτιδραμδιν
1197 3766 1341 3847 βραχέως
1356 3804 1401 3818 -

201 3873 247 3939 τά
270 3871 484 3956 διαφεύγοντα
508 3872 578 3946 τοὺς
603 3872 757 3946 πολλοὺς.
783 3874 838 3957 ὑφ’
862 3873 965 3956 ἐτέρων
990 3872 1016 3937 δ’
1040 3869 1182 3952 εἰρημένα
1206 3872 1357 3952 σποράδην
1382 3874 1400 3951 ἢ

203 3978 277 4061 πρὸς
300 3977 532 4058 άναάήμασινδ
554 3979 596 4067 (ἐν
620 3976 709 4067 add.)
727 3987 996 4047 ΨΗΦΙΟΜΛΕῙΝ
1015 3976 1165 4059 εὑρημένα
1189 3987 1399 4045 ΠΑΛΑΙΟΙΟ

202 4085 398 4168 σιτεέραμαι
422 4092 627 4164 συναγαγεῖν.
675 4084 807 4151 Minime
827 4093 935 4150 anletn
957 4078 1173 4150 necessatium
1197 4103 1266 4149 esse
1290 4085 1399 4150 existi·

204 4191 314 4258 mahat
337 4189 530 4266 identidem,
554 4191 581 4256 si
606 4188 747 4276 quidex
771 4191 903 4257 Cratero
926 4189 1125 4275 descriptum
1150 4208 1396 4257 commemoras-

204 4305 271 4375 set,
297 4295 395 4363 hnins
417 4297 643 4363 anctoritatem
669 4315 847 4385 apponere,
881 4304 914 4362 nt
941 4296 973 4361 in
1005 4294 1220 4363 Tlicmistncle
1244 4316 1316 4384 cap.
1342 4301 1397 4365 αὖ.

205 4405 219 4470 ά
243 4403 274 4470 δέ
297 4401 502 4485 γραψάμενος
526 4402 686 4486 τροδοσέαι
710 4402 884 4481 Λεωβάτης
911 4400 946 4480 ἦν
969 4401 1164 4483 Ἀλκμέωνος
1196 4405 1398 4488 Ἀγρυλῆθεν.

206 4507 402 4577 Notissimus
422 4516 496 4578 erat
519 4508 601 4578 lihec
624 4518 656 4577 et
678 4509 710 4577 in
731 4509 877 4576 oninium
899 4508 1102 4577 eruditorum
1125 4507 1285 4576 manibus.
1317 4509 1401 4579 llinc
