3242 5014
692 360 862 409 nonomen,
1306 339 1369 405 187

191 533 224 592 et
243 529 378 594 severior
400 527 498 593 alius:
524 526 648 609 ἄκαιρόν
674 531 748 618 (leg.
773 528 893 614 cleopan)
917 530 979 598 ἒςιν
1002 530 1051 593 ἐπὶ
1072 535 1127 601 τῆς
1145 526 1368 605 Ἱπποδαμείας

191 632 225 695 ri
246 633 422 697 ἝΔΝΟΝ.
447 629 541 699 ἕδνα
563 635 627 714 γὰρ
650 634 781 700 διδόασιν
804 636 830 699 οί
853 632 974 713 ἄνδρες,
997 632 1148 714 Φερνόος
1168 631 1198 695 δὲ
1212 633 1245 696 αί
1263 638 1370 709 γνναῑ·

190 759 252 806 κεν.
299 736 419 802 Melius
441 741 543 823 igitur
564 739 732 823 Euripides
754 742 789 803 in
817 741 916 802 Oreste
938 760 984 803 vs.
1011 736 1108 802 1660.

365 843 502 920 ’Ἄργους
526 843 552 907 δ’
577 842 721 923 Ὀρίςνν,
746 844 925 919 Μενέλεως,
950 841 986 907 ἔα
1009 848 1150 923 κρατεῖν,

382 947 472 1010 ε’λόὼν
495 947 521 1010 δ’
544 946 663 1012 ἄνασσε
685 946 908 1027 Σπαρτιάτιδος
932 945 1037 1028 χθονός

381 1051 494 1130 φερνδος
520 1049 599 1131 ἔχων
622 1052 778 1129 γυναικός.

190 1155 247 1217 ubi
269 1153 475 1219 Scholiastes:
499 1159 623 1233 φερνή
648 1157 691 1221 τόν
714 1156 776 1221 niort
794 1164 849 1229 τῆς
866 1155 1010 1231 γυναικὸς
1031 1153 1182 1231 διδόμενα.
1206 1151 1270 1218 Sed
1284 1152 1371 1217 idem

191 1256 358 1341 Euripides
380 1254 451 1321 ἕδνα
474 1258 513 1322 de
535 1261 602 1322 dote
623 1244 730 1343 posuit
751 1263 785 1323 in
807 1259 1009 1322 Andromache
1030 1279 1077 1323 vs.
1102 1255 1178 1323 871.

371 1363 403 1426 οὖ
427 1361 490 1440 γοίρ
513 1364 544 1427 τί
567 1365 596 1426 σ’
622 1363 828 1442 αίχμοίλιυτον
850 1365 884 1427 ἐκ
909 1364 1021 1442 Τροίας
1045 1362 1129 1442 ἔχει,

371 1467 447 1530 ἀλλ’
470 1468 572 1547 ἀνδρὸς
597 1468 702 1531 ἐσθλοῦ
726 1468 828 1533 παῖδα
851 1468 906 1531 σὺν
929 1475 1054 1538 πολλοῖς
1077 1466 1186 1543 λαβὼν

355 1570 544 1635 ‘'GANOIC.

234 1673 411 1760 Aeschylus
434 1678 579 1761 opinatus
602 1676 644 1739 roi
669 1673 739 1740 ἕδνα
763 1696 829 1741 esse
854 1678 897 1742 πα
922 1676 978 1741 ίπδ
1001 1683 1059 1741 τῶν
1081 1674 1309 1755 μννςευομίνυν
1331 1685 1371 1757 τῇ

190 1778 371 1860 γαμουμίνρ
394 1779 533 1857 διδόμενα
559 1781 641 1845 dixit
664 1783 698 1844 in
719 1782 890 1844 Prometheo
913 1802 960 1846 vs.
985 1779 1060 1846 560.

506 1886 686 1948 “GANOIC
711 1883 838 1961 ἄγαγες
862 1884 1001 1949 Ἡσιόναν

527 1990 616 2052 πιόίον
641 1988 789 2066 δοίμαρτα
812 1990 1023 2069 κοινόλεκτρον.

235 2091 338 2156 Nemo
367 2092 482 2157 horum
511 2091 646 2157 Homeri
675 2093 867 2159 vocabulum
898 2095 1065 2178 usurpavit
1086 2113 1179 2158 sensu
1200 2093 1372 2159 Homerico

191 2215 228 2260 ao
250 2216 324 2272 suo,
349 2198 403 2261 sed
425 2218 534 2261 omnes
557 2200 662 2282 opinio
685 2199 816 2275 fefellit,
841 2201 897 2283 qui
919 2201 953 2261 in
976 2199 1140 2262 communi
1162 2203 1307 2263 omnium
1326 2219 1372 2264 er·

191 2320 261 2365 rore
282 2303 413 2385 impune
435 2303 614 2386 peeoabant.
656 2302 736 2366 Plus
758 2307 857 2367 etiam
879 2303 1035 2367 Pindarus
1058 2304 1097 2367 ab
1119 2324 1179 2366 usu
1201 2302 1373 2368 Homerico

192 2409 320 2469 recessit
350 2426 450 2490 quum
480 2408 596 2470 dioeret
626 2408 792 2491 Pythionio.
817 2407 873 2470 lll.
899 2406 952 2470 94.
986 2408 1139 2483 „Cadme
1161 2404 1190 2470 ot
1210 2409 1319 2471 Petrae
1339 2409 1373 2471 in

192 2511 307 2592 nuptiis
335 2510 415 2574 Deos
443 2512 580 2574 ooaoiona
609 2514 774 2575 Ιιοίιιονιινό
802 2514 940 2576 ἝΔΝΑ
970 2535 1006 2574 τε
1036 2510 1180 2587 δέξαντο,
1215 2513 1274 2575 ubi
1303 2509 1373 2576 ἕδνα

192 2613 286 2698 plane
307 2614 394 2678 idem
416 2620 464 2679 est
485 2624 581 2700 atque
604 2616 701 2695 δῶρα,
724 2616 808 2680 unde
827 2615 970 2679 eruditus
988 2617 1217 2701 grammaticus
1238 2615 1374 2700 adsorip

193 2719 254 2782 sit:
285 2719 437 2799 οὶκιίρυς
466 2722 509 2785 τόν
533 2722 612 2798 δῶρα
634 2723 773 2785 ’ἘΔΝΑ
797 2718 891 2784 εἶπεν.
937 2719 1080 2784 Perierat
1101 2722 1204 2805 igitur
1225 2720 1318 2804 plane
1340 2723 1375 2784 in

194 2819 328 2888 Graecia
349 2827 471 2908 antiqui
493 2825 642 2889 vocabuli
664 2826 894 2911 intelligentia,
918 2844 1019 2907 neque
1041 2829 1187 2888 veterum
1208 2829 1375 2909 poetarum

194 2930 362 3011 quisquam
384 2949 484 3013 neque
507 2930 704 2993 eruditorum
726 2951 765 2994 ex
786 2929 919 2993 Homeri
941 2933 990 2992 tot
1012 2927 1090 2992 loeis
1113 2933 1181 2993 tam
1202 2930 1376 3013 perspicuis

194 3050 303 3094 veram
327 3037 359 3094 et
380 3036 523 3097 nativam
546 3032 745 3119 significandi
766 3039 957 3118 potestatem
979 3039 1037 3096 τῶν
1061 3028 1147 3096 ἕδνων
1166 3038 1376 3117 perspexerat.

194 3132 360 3219 Sequiores
381 3138 479 3201 otiam
502 3158 611 3204 omnes
632 3141 667 3201 in
690 3158 781 3203 aare
804 3140 1007 3221 antiquorum
1030 3140 1252 3201 auctoritatem
1270 3157 1377 3221 seque·

194 3243 326 3318 bantur,
350 3263 389 3306 ex
412 3243 527 3327 quibus
550 3244 698 3308 omnibus
719 3265 821 3307 unum
843 3243 1032 3327 producam,
1056 3245 1258 3327 perineptum
1281 3244 1379 3326 serip-

193 3352 297 3412 torem
331 3347 501 3411 Aelianum
531 3349 615 3432 apud
646 3347 779 3412 fluidam
810 3369 842 3412 v.
873 3348 1049 3423 Παίσωμεν.
1083 3383 1125 3395 -
1156 3346 1209 3411 καί
1237 3347 1377 3410 ἝΔΝΑ

197 3452 261 3532 ᾔτει
284 3450 426 3527 γενίσόαι
449 3451 578 3528 βασιλὶς
601 3454 635 3517 τὸ
658 3457 710 3517 τοῦ
735 3452 926 3531 Μενάνδρου,
956 3450 1005 3517 ίνα
1028 3474 1057 3514 τι
1082 3451 1134 3514 καί
1158 3451 1279 3523 παίσω,
1303 3456 1378 3528 Τρι·
1487 3474 1489 3477 ·

196 3556 320 3633 κορνσία
343 3555 524 3633 βασίλιννα,
559 3557 611 3620 καί
635 3555 714 3631 alirn
740 3558 882 3621 δέσποινα
906 3553 982 3621 εἶναι
1007 3561 1060 3619 τοῦ
1084 3554 1198 3619 Πόντου
1222 3554 1377 3619 ἐθέλουσα.

197 3679 277 3743 quae
298 3660 337 3723 de
359 3659 558 3726 Mithridatis
579 3683 676 3727 uxore
699 3661 844 3727 Monima
867 3661 995 3726 Milesia
1023 3661 1108 3724 dieta
1131 3678 1198 3721 esse
1220 3661 1377 3743 suspicor,

198 3784 279 3847 quae
307 3767 361 3827 τοῦ
388 3765 544 3841 βασιλέως
574 3772 732 3847 πειρῶντος
755 3770 851 3841 αὐτὴν
875 3766 928 3829 καί
952 3766 1072 3844 μυρίους
1097 3762 1149 3827 καί
1172 3783 1379 3842 πεντακισχι-

197 3867 280 3938 λίουσ
302 3873 433 3948 χρυσοῦς
457 3871 715 3951 προσπέμψαντος
738 3870 875 3949 ἀντέσχε
897 3870 1008 3951 μέχρις
1031 3865 1064 3933 οὗ
1085 3866 1273 3942 -διοίδνμα
1297 3869 1379 3946 πίμ-

197 3977 264 4054 ψας
287 3973 479 4049 βασίλισσαν
500 3975 698 4054 ἀνηγόρευσεν
723 3975 898 4053 (Plutarch,
917 3978 951 4038 in
970 3975 1097 4039 Ιιυονόόο
1116 3992 1182 4057 cap.
1206 3971 1272 4052 18.)
1295 3972 1380 4039 Aeli-

197 4099 276 4143 anus
304 4081 408 4166 igitur
437 4098 537 4163 quum
566 4079 697 4145 dixisset
726 4080 777 4144 καὶ
807 4084 943 4145 ’ΈΔΝΑ
976 4081 1041 4162 ᾔτει
1065 4078 1207 4157 γενέσθαι
1230 4079 1378 4158 βασιλίς,

196 4183 331 4249 mirifice
354 4204 387 4248 se
410 4184 544 4248 eredidit
566 4204 632 4249 esso
653 4185 807 4253 loentum.
