3254 5034
239 294 282 357 82
704 312 742 359 uu
764 311 966 360 ruocromurr.

239 480 454 564 έβλάπτοντο,
480 481 697 566 σωφρονέςερον
720 480 759 548 άν
777 482 927 564 έκρένετε·
951 484 1001 547 νῦν
1025 480 1057 547 δέ
1081 481 1154 563 πρὸς
1176 485 1268 564 έργην
1290 483 1432 563 ἥντινα

241 589 394 669 τύχητε
416 586 501 660 έςιν
525 586 583 655 dre
613 586 851 671 σφαλέντες
873 588 928 664 την
950 592 1004 654 τοῦ
1027 588 1192 662 πείσαντος
1211 590 1289 668 μέσον
1307 589 1433 670 γνάμην

240 702 387 785 ζημιοῦτε
410 696 462 762 καὶ
487 696 520 760 οῦ
544 694 604 767 τάς
628 692 779 775 ὑμετέροις
801 696 916 770 αὐτῶν,
943 696 970 761 εἱ
993 695 1111 761 πολλαὶ
1134 691 1220 762 οὖσαι
1244 693 1432 778 ξυνεξιὶμαρ·

241 827 301 870 τον.
336 800 523 870 Badiranrus
551 798 594 865 ib.
619 820 648 886 p.
677 805 715 865 lt
740 801 942 886 suspicatur:
968 801 1003 878 tir
1021 825 1051 867 τι
1076 802 1220 882 άτυχιῐτε
1243 802 1323 880 κτλ,
1346 802 1432 889 quod

243 930 305 977 nou
329 907 532 995 displiceret,
555 905 617 970 nisi
637 906 682 972 ita
703 906 812 971 miuus
828 903 1073 972 recteadditunr
1089 905 1253 974 rideretur
1271 909 1432 991 σφαλέν·

242 1041 319 1091 τις.
360 1013 428 1096 Qua
464 1012 551 1078 circa
589 1009 716 1077 trralim:
755 1016 807 1077 νῦν
838 1011 870 1078 δέ
893 1011 966 1092 πρὸς
996 1013 1105 1093 έργην,
1139 1012 1183 1089 ἣν
1205 1038 1242 1080 τι
1272 1014 1434 1096 τύχητε

242 1120 498 1206 σφαλέντες,
529 1117 613 1191 έςιν
639 1113 705 1183 ὅτε
735 1117 816 1206 (sive
846 1116 905 1183 hoc
937 1115 1067 1183 ordine:
1100 1122 1151 1184 νῦν
1182 1119 1214 1185 δέ
1245 1121 1318 1202 πρὸς
1341 1121 1434 1204 έργην

243 1226 326 1298 έςιν
349 1222 433 1301 ὅτε,
456 1223 497 1299 ἦν
520 1246 558 1289 τι
581 1224 736 1305 τύχητε
757 1221 1001 1312 σφαλέντες)
1026 1225 1081 1300 την
1099 1228 1154 1290 τοῦ
1173 1226 1338 1300 πείσαντος
1355 1229 1435 1307 μίαν

242 1334 368 1414 γνώμην
388 1329 535 1414 ζημιοῦτε
552 1331 617 1395 nri.

291 1438 368 1525 Gap.
393 1441 449 1504 56.
486 1437 515 1501 έν
539 1442 653 1518 καιροῖς
676 1431 718 1507 οἷς
742 1431 868 1502 σπάνιον
891 1434 926 1514 ἦν
949 1440 1007 1502 τῶν
1027 1436 1182 1513 Ἑλλήνων
1200 1437 1273 1504 τινά
1291 1438 1434 1520 viperino

243 1556 282 1630 τῇ
312 1541 419 1624 Ξέρξου
442 1540 570 1637 δυνάμει
593 1539 768 1618 άντιτάξ
776 1543 905 1607 ασθαι.
952 1538 1089 1607 Pulchre
1112 1550 1145 1609 et
1164 1545 1290 1623 ὑψηλῶς
1308 1543 1433 1611 dictum

244 1653 283 1719 dc
315 1652 354 1716 iis
379 1668 517 1736 quorum
543 1668 642 1734 paene
665 1649 770 1713 omnis
794 1648 924 1726 δύναμις
947 1656 1018 1714 erat
1043 1649 1075 1712 in
1100 1649 1235 1714 virtutel
1262 1648 1363 1717 Orrrne
1387 1650 1433 1717 lu·

244 1778 318 1824 men
338 1754 494 1821 orationis
515 1753 694 1838 exstinguit
714 1750 870 1818 Badhami
891 1753 1077 1819 coniectura
1096 1754 1225 1841 epicuru
1245 1754 1433 1823 adverbium

244 1863 339 1939 ἄντην
357 1881 413 1948 pro
430 1861 540 1942 άρετην
557 1877 711 1945 perquam
735 1857 907 1926 infeliciter
919 1858 1142 1926 substituenti.
1171 1859 1310 1927 Verbum
1324 1871 1432 1928 aulem

246 1967 389 2035 medium
425 1984 558 2052 prorsus
587 1961 697 2030 eodem
732 1963 825 2029 modo
856 1973 965 2032 noster
996 1966 1166 2051 usurpavit
1198 1966 1228 2032 ll
1257 1971 1320 2033 87:
1361 1969 1434 2049 πρὸς

244 2076 301 2155 μέν
330 2069 380 2139 οὖν
411 2074 446 2138 τὸ
476 2069 686 2152 ἐμπειρότερον
716 2071 816 2136 αὐτῶν
847 2072 882 2137 τὸ
908 2071 1113 2153 άτολμέτερον
1137 2072 1434 2152 ἀντιτάξασθε.

245 2179 312 2248 Nou
338 2179 442 2263 magis
465 2177 664 2243 correctione
687 2173 832 2260 indigent
857 2175 953 2242 rerba
973 2179 1155 2263 sequentia:
1180 2180 1206 2245 oi
1224 2181 1270 2260 μη
1289 2180 1334 2247 τά
1352 2179 1435 2260 ξάμ-

244 2283 577 2371 φορα-τράσσοντες,
602 2301 685 2369 quae
705 2282 861 2348 uiolenter
879 2280 1051 2348 admodum
1073 2291 1175 2349 tentat
1198 2284 1282 2352 idem
1298 2285 1435 2353 virdoc-

245 2402 309 2460 tus.
342 2391 439 2458 liecte
461 2408 498 2456 ea
521 2386 660 2476 explicat
685 2387 867 2455 Clnsscuus.

291 2497 366 2586 Gap.
391 2502 434 2564 58
459 2494 542 2562 med.
566 2490 615 2566 οὓς
639 2494 850 2570 άποάανέντας
870 2494 929 2560 ὑπὸ
952 2495 1066 2572 Μήδων
1088 2495 1141 2561 καὶ
1163 2496 1327 2580 ταφέντος
1347 2499 1378 2564 έν
1395 2509 1435 2583 τῇ

246 2603 381 2686 ἡμετέρα
412 2603 565 2682 έτιμῦμεν
595 2604 682 2667 κατ’
713 2599 800 2675 ἔτος
830 2597 974 2671 ἕκατον
1004 2602 1207 2681 έσέιὶματέ
1234 2628 1270 2670 τε
1295 2605 1436 2679 καὶτοῖς

244 2711 365 2788 ἄλλοις.
402 2709 595 2795 Vide'quac
623 2706 662 2773 ad
688 2705 720 2773 h.
744 2706 764 2773 l.
789 2708 942 2774 annotavi
967 2706 1012 2774 St.
1034 2707 1137 2774 Thur.
1162 2729 1192 2797 p.
1219 2714 1279 2786 tl,
1305 2711 1359 2776 uui
1384 2710 1437 2777 θύ-

243 2843 342 2900 μασι
374 2814 544 2903 legendum
576 2814 715 2888 conieci;
746 2833 805 2880 nec
836 2810 929 2879 hodie
954 2822 1044 2880 muto
1067 2816 1273 2882 sententiam.
1309 2816 1437 2903 lliguus

244 2932 295 2992 est
322 2922 378 3011 qui
400 2928 607 3006 comparetur
632 2917 796 2986 Plutarchi
820 2917 910 2984 locus
935 2917 1067 2986 dristid.
1091 2940 1162 3008 cap.
1187 2924 1247 2999 21,
1273 2921 1327 2988 ubi
1352 2923 1438 2989 tauri

243 3029 330 3116 cipri
348 3027 538 3113 sacrificium
557 3034 590 3092 et
610 3024 732 3112 reliqua
751 3025 870 3103 νόμιμα
889 3034 1041 3093 accurate
1060 3025 1289 3096 describuntur
1309 3027 1349 3095 ab
1360 3049 1436 3096 ocu·

244 3135 327 3214 lato,
355 3142 390 3200 ut
414 3131 561 3211 uidetur,
592 3139 683 3198 teste.
721 3129 785 3197 Nec
809 3140 917 3197 tamen
943 3130 1025 3198 male
1050 3133 1112 3219 legi
1138 3154 1241 3220 posse,
1265 3133 1350 3221 quod
1373 3134 1437 3201 ibi·

244 3241 321 3308 dem
344 3239 495 3327 proposui
518 3239 533 3304 ε’
541 3238 637 3317 reri
643 3261 788 3317 σμασι,
813 3246 975 3306 testantur
996 3238 1140 3306 eiusdem
1165 3240 1335 3328 scriptoris
1361 3240 1437 3331 (ibi-

245 3344 331 3434 dem)
357 3344 450 3411 verba
474 3344 589 3412 haece:
614 3344 798 3426 κυρωθέντων
821 3345 852 3411 δέ
872 3345 985 3412 τούτων
1009 3347 1035 3411 oi
1051 3356 1226 3422 Πλαταιεῖς
1248 3346 1437 3426 ὑπεδέξαντο

245 3460 308 3527 τοῖς
337 3455 464 3518 πεσοῦσι
492 3452 545 3517 καὶ
569 3450 716 3531 κειμένοις
741 3449 846 3517 αὐτέέι
867 3457 926 3517 τῶν
949 3454 1104 3529 Ἑλλήνων
1125 3452 1141 3518 έ
1149 3477 1194 3519 να
1202 3456 1246 3532 γέ
1254 3452 1334 3537 ζειν
1354 3457 1436 3521 καθ’

246 3556 391 3629 ἕκατον
412 3557 609 3625 ένιαυτέν.

293 3662 373 3751 Cap.
402 3668 461 3730 59:
493 3661 963 3746 ἐπιβοώμενοι-προφερόμενοι.
1000 3662 1118 3731 Locum
1144 3664 1293 3733 imitatur
1318 3667 1375 3733 oio
1398 3666 1437 3735 0.

246 3773 279 3838 in
310 3771 472 3858 excerptis
508 3766 672 3836 Vaticanis
705 3768 754 3836 ed.
788 3767 880 3836 llind.
912 3769 936 3835 l.
973 3789 1005 3856 p.
1032 3774 1076 3836 to
1100 3772 1118 3856 ς
1145 3775 1202 3845 19,
1237 3780 1269 3839 et
1294 3772 1436 3841 indidem

246 3876 342 3946 rerba
362 3875 521 3965 quaedam
543 3885 712 3943 mutuatus
734 3884 783 3942 est
804 3876 836 3941 in
857 3875 1049 3962 ineptissimo
1068 3876 1154 3955 loco,
1173 3879 1228 3964 qui
1243 3888 1291 3945 est
1306 3879 1440 3948 xxxix

248 3990 291 4052 ae
316 3986 335 4069 s
359 3988 391 4049 5.

292 4090 369 4176 Gap.
406 4091 450 4154 ot
485 4084 558 4170 άπερ
592 4087 618 4154 δ’
648 4089 694 4159 tel
726 4088 861 4168 νόμοις
895 4087 953 4166 μέν
981 4089 1034 4155 καὶ
1065 4091 1108 4172 τῷ
1140 4091 1438 4177 σωφρονεςάτω

249 4194 565 4271 ἐναντιώτατον,
590 4192 757 4273 ἐγγυτάτω
783 4193 814 4259 δέ
836 4191 999 4276 τυράννου,
1025 4194 1171 4267 doceretur
1194 4197 1307 4277 έλέγων
1326 4199 1437 4279 άνδριῦν

250 4298 320 4383 εἶχε
351 4301 395 4366 τά
421 4298 614 4381 πράγματα.
663 4297 890 4368 Praetulerim:
923 4300 976 4366 irai
1006 4301 1049 4383 τῷ
1078 4303 1252 4387 σώφρονι
1277 4304 1437 4372 πάντων

250 4405 562 4477 ἐναντιώτατον.
595 4405 716 4473 Deinde
735 4407 784 4477 sic
807 4407 913 4493 pergit
935 4405 1158 4495 Thucydides:
1185 4409 1236 4476 καὶ
1258 4407 1337 4481 οὗτοι
1356 4411 1436 4486 ἰδέας
