3340 5014
252 340 313 403 rut
647 354 883 402 onscnvnrronns
907 356 1043 403 cnrrrcns

247 514 384 613 Dignior
403 531 511 593 autem
531 533 581 593 est
600 524 654 591 cui
667 524 699 591 iu
717 527 828 595 eodem
849 524 1051 615 corruptelae
1064 545 1183 614 genere
1198 523 1439 606 subveniamus,

249 631 422 721 Sophocles
440 632 472 699 in
497 632 574 700 Ocd.
600 633 686 719 Rege
712 655 757 701 us.
779 639 842 703 66:

430 740 506 805 ἀλλ’
530 739 705 809 iconentis
728 740 788 820 μέν
811 765 853 820 με
877 738 1142 822 δακρύσαντα
1165 740 1217 817 tt,

430 846 552 920 πολλοῖς
577 845 602 911 δ’
627 846 710 922 ὁδούς
735 847 862 914 ἐλύύντα
885 846 1040 929 Φροντίδος
1065 844 1205 920 πλάνοις.

294 952 373 1035 Quis
397 952 479 1020 ierat
506 953 537 1019 in
564 952 746 1019 istiusmodi
768 952 952 1020 calamitate
973 972 1083 1038 regem
1106 949 1316 1019 mulierculae
1337 952 1442 1021 instar

249 1058 400 1125 tlclriliter
440 1057 688 1124 lacrimantem?
740 1059 877 1147 Scripsit
908 1057 1080 1146 Sophocles
1115 1056 1439 1140 διακρούσαντα,

248 1164 360 1232 eodem
396 1184 580 1251 sensuque
614 1163 703 1230 l’lato
729 1167 760 1231 in
795 1165 967 1232 Theaeteto
992 1187 1022 1252 p.
1046 1164 1150 1231 itud:
1185 1166 1240 1241 την
1273 1164 1442 1248 φερομένην

249 1270 366 1346 ταύτην
390 1271 494 1338 οὐσίαν
517 1269 732 1353 διακρούοντα,
757 1272 820 1339 cire
845 1270 929 1350 ὑγιὲς
952 1271 1015 1337 είτε
1039 1270 1146 1352 σαύρδν
1168 1270 1360 1352 φθέγγεται.

295 1374 499 1442 Facillimum
524 1384 574 1443 est
597 1377 770 1445 emendare
790 1399 820 1465 p.
835 1380 911 1443 322.
925 1380 985 1442 54:
1006 1377 1176 1462 Χαρικλείᾳ
1199 1378 1441 1458 συγγιγνώσκω-

249 1506 307 1562 μεν
330 1477 365 1548 εύ
388 1482 431 1549 τύ
455 1483 606 1563 ε’ρύτονν
630 1483 713 1561 ποίύη
738 1484 790 1551 καὶ
815 1481 948 1564 οὶκριβῶι
968 1479 1109 1565 νοσούση,
1136 1503 1210 1550 uam
1233 1482 1441 1551 scribendum

248 1598 297 1656 est
322 1588 501 1671 ἐρώντων.
549 1588 706 1656 Medicina
740 1609 872 1675 prorsus
904 1589 1066 1653 contraria
1098 1589 1206 1656 sanari
1237 1588 1332 1657 debet
1356 1588 1441 1676 quod

249 1694 368 1781 legitur
381 1694 526 1782 sequenti
538 1697 655 1782 pagina
670 1700 745 1762 323.
762 1700 814 1760 55:
827 1694 971 1775 πατρίδος
979 1693 1032 1759 καὶ
1053 1694 1172 1769 πόλεως
1185 1697 1236 1763 καὶ
1253 1703 1311 1764 τῶν
1323 1693 1440 1778 Φιλτοί·

248 1827 306 1868 τον
327 1801 549 1882 itineres,
571 1801 623 1867 utri
645 1802 738 1889 pauci
755 1799 953 1867 recusabunt
973 1819 1098 1867 mecum
1124 1801 1230 1888 legere
1251 1801 1440 1881 ἐξέωσαν.

249 1907 375 1975 l‘.3ll.
401 1911 445 1972 39
479 1908 671 1992 praepositio
701 1907 799 1994 periit
831 1926 890 1973 nec
923 1906 1055 1993 scripsit
1089 1906 1294 1976 Heliodorus:
1320 1909 1442 1990 Θίσβην

248 2010 461 2092 circipene
494 2014 536 2086 είς
566 2012 626 2085 τοὶς
658 2014 809 2092 Ἀθήνας,
842 2012 897 2079 sed
921 2014 961 2080 οὐ
986 2011 1213 2093 κατοίνειρ,
1239 2013 1335 2081 sicuti
1368 2034 1440 2080 mox

248 2128 336 2188 recte
360 2121 454 2198 ἐμοῦ
473 2117 680 2197 κατοίχοντος.
730 2117 763 2184 Ρ.
785 2120 862 2184 set.
884 2123 926 2186 38
951 2123 1051 2194 πηλοῦ
1070 2119 1258 2201 καταχρίσει
1276 2118 1441 2201 μολύνασα

247 2225 490 2313 Xenophontem
512 2223 688 2312 llplresium
710 2223 741 2290 in
768 2226 956 2290 memoriam
979 2234 1126 2302 revocat,
1149 2224 1233 2312 apud
1255 2246 1350 2313 quem
1372 2225 1442 2312 lego

250 2353 280 2419 p.
296 2337 372 2399 586.
400 2334 460 2397 14:
495 2332 550 2408 την
581 2330 777 2413 σωφροσύνην
808 2331 1007 2412 πορνοβοσκὸς
1039 2330 1216 2411 evacuatae
1247 2356 1295 2413 με
1316 2330 1440 2400 λύειν.

250 2437 464 2509 Scribendum
490 2436 550 2503 hoc
578 2437 689 2523 utique
714 2444 763 2503 est
785 2437 988 2516 μολύνειν.
1036 2437 1090 2506 Sic
1114 2447 1163 2504 est
1188 2437 1273 2525 epud
1304 2437 1441 2505 eundem
1550 2516 1555 2533 .

249 2548 370 2633 punt.
395 2548 415 2610 8
440 2542 562 2623 ύμννσιν
588 2537 606 2617 ἦ
628 2544 689 2622 μην
709 2540 863 2623 φνλοίξειν
885 2541 1078 2623 ύμύλνντον,
1105 2543 1161 2610 ubi
1183 2564 1283 2632 quum
1317 2543 1443 2631 legatur

248 2652 282 2716 iu
308 2649 425 2716 vicinia
447 2648 487 2716 tle
510 2647 652 2716 Anthea:
676 2649 861 2730 προσπίπτει
885 2656 948 2721 τοῖο
968 2648 1095 2729 νύνασιν
1117 2651 1214 2717 αύτού
1234 2650 1288 2718 καὶ
1313 2650 1442 2718 ίκετεύκι

248 2746 455 2840 κατοικτεῖραι
476 2755 528 2822 καὶ
543 2763 686 2837 τηρῆσαι,
709 2762 842 2840 apparet
859 2761 934 2820 ante
947 2753 1079 2821 uerbum
1095 2764 1225 2838 τηρῆσαι
1247 2756 1441 2844 adiectivum

248 2862 425 2943 excidisse,
458 2862 541 2948 quod
568 2869 689 2927 castam
715 2858 967 2947 inviolatamque
990 2859 1131 2929 denotet.
1178 2861 1341 2929 Nimirum
1361 2861 1442 2929 scri·

250 2970 315 3058 psit
338 2967 544 3051 ἄχραντον
567 2975 711 3050 τηρῆσαι,
738 2963 822 3052 quod
847 2965 878 3031 iu
904 2966 1015 3034 eadem
1041 2987 1077 3035 re
1100 2967 1232 3036 additur
1252 2990 1283 3057 p.
1298 2971 1442 3035 5ύ8.50.

295 3075 384 3142 lnter
406 3072 573 3142 Menandri
606 3092 688 3160 quae
722 3071 878 3139 dicuntur
904 3075 1034 3154 ρνύμαρ
1057 3075 1239 3158 μονοςίχονς
1264 3071 1443 3142 versiculus

250 3181 387 3270 legitur:

501 3284 610 3362 Οὐδείς
633 3287 786 3366 ἐπιχειρεῖ
807 3292 870 3360 τοῖς
894 3283 1164 3368 δεδνοτνχηκύσιν.

250 3393 473 3481 Hirschigius,
506 3394 568 3460 uisi
600 3412 652 3460 me
684 3391 840 3459 memoria
868 3388 970 3471 lallit,
999 3394 1118 3461 eximie
1148 3388 1331 3460 emendarit
1360 3387 1442 3456 scri·

253 3499 377 3569 heudo:

459 3608 506 3674 Οὐ
529 3606 578 3674 δεῖ
597 3610 626 3672 ο·
651 3600 822 3684 ἐπιχαίρειν
844 3608 907 3677 τοῖς
930 3601 1202 3688 δεδνστνχηκύσιν.

254 3713 358 3781 llnius
382 3712 619 3779 emendationis
642 3730 717 3776 cum
743 3728 867 3775 memor
891 3729 1010 3789 essem,
1035 3731 1098 3778 non
1125 3728 1241 3797 magno
1265 3707 1347 3776 milri
1370 3726 1448 3776 ecu-

255 3820 340 3889 stitit
363 3819 521 3886 correctio
545 3839 575 3906 p.
590 3822 667 3886 350.
693 3818 752 3883 tl:
778 3816 1018 3899 neoportuensis
1042 3817 1112 3886 ούτε
1131 3816 1360 3900 ἐπιχαίρειν
1379 3813 1450 3883 ούτε

256 3932 398 4008 παρεῖναι
422 3934 493 4001 ταῖς
514 3918 650 3993 τοιαῖσδε
670 3920 834 4006 προίξεοιν,
856 3924 992 4008 magicis
1011 3924 1135 3992 scilicet
1160 3942 1255 4010 sagae
1279 3920 1448 3989 cuiusdam

257 4032 544 4099 incantationibus.
583 4031 707 4117 Nempe
729 4030 957 4112 ἐπιχειρεῖν
980 4029 1111 4117 requiro
1131 4050 1213 4098 nem.
1228 4047 1300 4095 con.
1337 4029 1449 4116 lpsum

257 4139 422 4220 ἐπιχειρεῖν
445 4137 565 4223 legitur
589 4158 620 4225 p.
631 4141 707 4204 331.
733 4140 765 4203 2.

303 4242 407 4310 Grave
426 4244 542 4310 vitium
563 4243 654 4310 alunt
673 4241 770 4309 rerba
792 4243 927 4308 Arsaces
947 4242 1050 4309 iratae
1077 4241 1115 4309 de
1136 4237 1313 4308 Chariclen:
1329 4258 1359 4325 p.
1373 4239 1450 4305 359.

262 4351 325 4417 ll:
351 4350 406 4427 την
429 4349 585 4431 ούλιτύριον
614 4350 728 4423 ἐκείνην
762 4346 814 4413 καί
847 4354 906 4414 τοῖν
935 4349 1000 4415 ἀπ’
1033 4348 1199 4429 οίκιίματοα
1232 4345 1284 4411 ἐπὶ
1314 4345 1450 4425 μακρῷ

259 4454 325 4521 καὶ
349 4460 422 4522 τῶν
447 4462 598 4523 πολλῶν
616 4454 669 4522 καὶ
685 4453 945 4536 ἐπιτετηδευμένον
962 4453 1074 4521 κοίλλει
1090 4452 1180 4535 μέγα
1196 4447 1450 4536 φανταζομένην.
