3388 5010
613 344 806 393 enimomnes
830 346 865 392 nr
889 346 1014 394 ennoias.
1344 329 1408 395 225

220 519 320 585 tentia
345 517 464 584 elamat
487 518 640 599 ὤσφροντο
664 514 774 601 reponi
800 512 934 593 dehere,
958 515 1149 605 olfecerunt,
1176 523 1212 581 ut
1233 516 1266 582 in
1291 515 1409 583 Aelur-

219 625 367 691 nensihus
394 629 469 691 tte.

493 731 519 797 oi
542 730 567 794 δ’
590 728 798 811 ὤσφροντο
819 729 996 810 rossilione!
1018 752 1106 803 τινες.

267 837 396 905 Utinam
429 846 461 904 et
490 834 705 902 Philostratus
729 835 797 920 ipse
821 836 1021 902 meminisset
1045 844 1077 902 et
1102 834 1252 903 helianus
1276 835 1411 933 inseri·

221 943 324 1011 hendo
356 943 513 1010 tenuisset
543 938 628 1028 quod
660 940 692 1006 in
730 940 808 1007 Vitis
830 940 1046 1027 sophistarum
1069 940 1188 1029 legitur
1217 961 1247 1028 p.
1270 927 1350 1008 ⁴503.
1375 940 1411 1007 ri

219 1049 501 1132 ἀπειρόκαλον
523 1049 555 1113 lo
577 1049 620 1131 τῷ
643 1046 812 1129 entellus
834 1046 1061 1130 βάρβαρον.

268 1258 362 1326 Libro
392 1259 431 1325 ale
462 1257 541 1324 Vitis
565 1257 784 1345 Sophistorunn
808 1256 848 1323 ad
872 1257 968 1324 linem
995 1258 1173 1346 perducto,
1200 1260 1290 1346 prius
1314 1279 1410 1346 quam

220 1363 262 1430 ael
286 1363 419 1431 Heroioo
442 1373 621 1442 transeam,
646 1365 736 1430 iuvat
760 1365 873 1451 paucis
896 1361 1065 1431 ostendere
1088 1385 1185 1452 quain
1212 1366 1292 1432 levis
1311 1377 1343 1434 et
1364 1364 1411 1432 lu·

219 1470 289 1537 tilis
321 1471 412 1536 testis
444 1489 551 1537 rerum
584 1489 662 1536 ase
688 1471 862 1536 rniemoriae
884 1469 1083 1556 proditarum
1112 1473 1155 1538 sit
1181 1470 1412 1547 Philostratus,

220 1595 317 1663 quarn
342 1574 517 1653 arsilirias,
544 1595 640 1662 quam
668 1577 820 1662 praemiis,
842 1595 944 1662 nugas
962 1584 992 1642 et
1015 1575 1223 1658 γροῶνῦθλον
1237 1588 1412 1665 quantum·

220 1684 270 1748 vis
294 1680 469 1747 absurdum
496 1680 610 1767 cupide
635 1680 833 1767 asnpleotens
851 1691 883 1747 et
905 1692 1069 1768 {uniquam
1091 1692 1178 1749 certa
1204 1694 1235 1750 et
1247 1683 1411 1771 explorata

220 1796 329 1855 essent
355 1787 464 1853 omnia
487 1787 686 1854 confidenter
711 1806 858 1855 narrans.
893 1787 1022 1853 [luobus
1042 1787 1198 1875 exemplis
1218 1798 1311 1868 utar,
1332 1809 1412 1876 quo·

220 1913 296 1961 rom
321 1893 457 1960 alterum
481 1913 520 1959 ex
543 1895 610 1958 vita
634 1893 759 1979 privata
784 1913 932 1973 sumatn,
958 1893 1095 1960 alterum
1120 1914 1158 1960 es
1173 1892 1315 1960 historia.
1332 1894 1413 1961 Gra·

220 2000 350 2065 uiseret
372 1999 457 2064 serio
477 2006 588 2064 narrat
609 1997 825 2065 Philostratus
847 1999 878 2064 in
902 1998 1035 2066 Herodis
1049 2000 1112 2065 vita
1127 2021 1157 2087 p.
1173 2005 1237 2066 aaa
1255 2000 1412 2066 Herodem

220 2124 323 2191 quum
348 2103 387 2170 de
413 2124 500 2170 more
522 2105 607 2170 eirea
634 2103 852 2171 Marathonem
886 2108 1102 2172 rusticaretur
1129 2106 1275 2172 notitiam
1298 2126 1413 2193 quenn-

218 2210 294 2277 dam
317 2211 517 2277 contraxisse
529 2230 602 2276 oum
619 2212 783 2277 rusticano
798 2213 911 2278 iuvene
926 2221 1075 2278 venatore
1088 2212 1240 2278 immanis
1252 2221 1414 2291 staturae,

219 2335 362 2403 natosque
386 2318 400 2382 l
421 2318 542 2391 νεοοοίοος
563 2313 647 2390 οὗτος
672 2313 705 2393 ἦν
729 2318 760 2382 ἐν
786 2317 883 2400 inlus
905 2320 1007 2403 πρώορ
1034 2318 1083 2407 (ui
1107 2317 1193 2404 apati
1215 2318 1389 2384 Homerum

427 2429 542 2504 πρῶτον
566 2423 718 2500 unnulfus
732 2427 876 2505 ‚seinos
898 2422 1074 2504 χοιροεςοὶτορ
1098 2423 1185 2513 ἥβη.)

218 2530 329 2612 Kelenoi
361 2529 497 2612 μεγάλῳ
526 2530 589 2602 isos
622 2529 675 2594 uui
719 2529 749 2603 ἐς
778 2529 855 2596 ὀκτὼ
890 2528 988 2602 πόδας
1019 2529 1054 2594 τὸ
1089 2528 1231 2609 μέγεθος.
1280 2528 1413 2595 Veteres

219 2635 435 2704 Athenienses
454 2634 659 2702 mirabantur
678 2634 704 2700 si
726 2635 780 2720 qui
802 2644 910 2701 essent
929 2633 1034 2716 ἄνδρες
1046 2635 1184 2715 μεγάλοι
1197 2635 1250 2701 uui
1269 2658 1412 2717 τεοροο·

218 2744 393 2825 πήχεος,
417 2740 450 2807 id
474 2749 523 2807 est
546 2742 576 2815 ἐς
600 2737 636 2821 ἓξ
659 2740 756 2813 πόδας
779 2740 814 2806 τὸ
838 2739 985 2820 μέγεθος,
1012 2740 1121 2826 itaque
1149 2738 1229 2805 nihil
1247 2738 1286 2805 atl
1309 2740 1412 2806 illum.

220 2849 357 2936 Reliqua
394 2849 427 2913 io
456 2846 566 2914 eodem
600 2845 734 2935 perinde
757 2847 855 2913 mira:
879 2846 1022 2925 γενέσθαι
1045 2846 1077 2912 δὲ
1100 2848 1194 2913 αὐτὸν
1213 2848 1240 2913 si
1262 2847 1320 2927 μὲν
1344 2871 1413 2927 ρο-

219 2964 320 3037 yson
351 2960 469 3037 Φοοιο,
502 2954 611 3039 itaque
639 2951 718 3019 nihil
743 2961 792 3018 est
818 2951 900 3040 quod
926 2951 966 3019 de
989 2952 1175 3039 gigantibus
1200 2954 1358 3020 miremur
1381 2961 1412 3020 ei

219 3064 249 3129 si
272 3083 352 3149 qeins
375 3060 455 3127 alios
478 3061 546 3146 ipsa
571 3057 667 3125 tellus
690 3058 765 3125 olim
790 3058 930 3126 etiidisse
954 3068 1123 3136 enarratur,
1152 3059 1412 3148 quandoquidem

220 3168 296 3233 nivo
326 3164 453 3232 Herode
483 3165 588 3232 hitioo
619 3162 702 3231 idem
737 3164 807 3231 lieri
838 3164 1051 3232 Philostratus
1080 3174 1285 3246 auctorest,
1316 3175 1348 3232 et
1373 3186 1413 3233 ne

222 3273 372 3340 dubitare
405 3272 508 3358 possis
534 3271 586 3337 sio
614 3269 709 3367 δῆμον
732 3273 837 3358 ipsum
864 3271 917 3338 uhi
942 3280 1070 3339 eterra
1096 3271 1251 3359 prodierit
1274 3293 1413 3341 eommo-

222 3388 330 3448 morat
353 3388 475 3459 ροροοῆ
499 3383 598 3460 Φοοοο
621 3380 652 3444 ἐν
675 3379 717 3460 τῷ
738 3381 866 3461 Bononio
886 3379 990 3462 ilua,
1015 3399 1109 3466 quem
1135 3378 1315 3446 hiaratlioni
1338 3380 1414 3446 viei-

223 3506 302 3553 num
328 3485 428 3551 inisse
455 3504 493 3551 en
519 3482 711 3549 Philostrato
737 3483 817 3572 (solo
840 3487 934 3570 teste)
962 3486 1119 3552 novimus.
1168 3485 1229 3553 Set
1254 3485 1415 3565 feriaret

223 3593 285 3659 alia
310 3592 394 3658 laona
417 3610 477 3655 non
501 3591 610 3656 asinus
632 3589 768 3656 mirifica
789 3599 821 3656 et
841 3589 1058 3658 admirabilis:
1082 3591 1213 3672 Ἡρώδης
1232 3593 1264 3658 δὲ
1282 3593 1414 3659 lusione

223 3698 368 3780 λέγοντός
393 3705 489 3773 &notu
511 3699 550 3770 ὥς
571 3698 655 3778 αὐτῷ
675 3697 848 3776 γένοιτο-
863 3699 965 3779 neruo
983 3697 1156 3779 Monotes,
1182 3694 1217 3764 οὗ
1237 3699 1272 3764 τὸ
1291 3699 1323 3762 ἐν
1342 3707 1414 3765 Mu·

223 3809 329 3888 ροιθῶοο
352 3802 511 3883 ἄγαλμα,
535 3802 580 3872 ist
604 3803 635 3868 δὲ
659 3801 732 3885 ἥρως
751 3803 901 3884 γεωργός.
926 3802 962 3869 Si
983 3804 1056 3890 quis
1079 3823 1232 3890 tamquam
1252 3814 1416 3889 postumus

223 3909 377 3998 appellari
409 3908 536 3985 debuit,
561 3907 704 3995 proieeto
728 3908 780 3975 ilie
801 3908 864 3975 luit
885 3908 1035 3995 plurimis
1058 3909 1193 3974 saeculis
1216 3918 1288 3996 post
1313 3911 1415 3995 patris

225 4024 360 4084 mortem
395 4024 503 4082 natus.
552 4014 689 4092 Herodi,
720 4016 909 4081 astitissimo
933 4014 1130 4093 Atticorum,
1156 4033 1193 4080 ea
1215 4034 1268 4081 nes
1291 4015 1416 4102 simpli·

224 4124 355 4189 sissima
387 4141 456 4188 esse
487 4120 631 4199 videtur,
666 4123 775 4208 itaque
804 4119 940 4187 candide
971 4140 1009 4187 ex
1036 4120 1306 4207 illaquearit-
1331 4122 1416 4188 malo

225 4228 412 4295 Philostrati
445 4226 551 4293 verhis
580 4228 749 4314 utiquam
779 4227 858 4293 meis
882 4266 924 4277 —
946 4227 1031 4308 ἤρετο
1055 4228 1106 4293 olo
1129 4226 1288 4308 Ἠροοκοέοο
1310 4234 1416 4296 τοῦτον
1464 4243 1468 4252 ’

227 4335 271 4426 (id
304 4335 425 4402 honsini
459 4354 573 4400 nonoen
604 4334 666 4423 est)
696 4335 864 4416 οἩρώδος
887 4336 913 4401 si
937 4334 990 4401 uui
1009 4337 1261 4402 ’neANs'roc
1284 4334 1342 4411 sin.
1391 4335 1417 4404 0

226 4441 346 4509 iactum
371 4439 454 4508 male
474 4438 559 4527 qttod
579 4441 724 4527 negavit:
751 4460 824 4508 nam
846 4440 872 4506 si
894 4439 1086 4509 immortalis
1105 4439 1416 4510 inissetetiamnuno
