3340 5014
624 403 815 451 rannonooaca
841 404 878 450 er
900 403 1029 452 carruca.
1361 390 1423 454 tus

227 573 299 640 sani
331 570 528 659 respondero
562 572 732 660 potuisset.
785 571 998 640 Bellissimum
1029 579 1079 640 est
1106 572 1204 640 etiam
1236 574 1347 641 beiaco
1378 574 1422 651 είι

226 679 342 760 >rixose
363 704 401 745 τε
423 680 477 746 καί
502 678 703 761 pererraret
741 676 845 745 Verba
878 679 1023 745 tinniunt
1060 699 1156 746 sensu
1188 680 1329 758 incerto,
1360 680 1423 762 xpi

226 783 258 850 δὲ
281 785 324 850 rai
348 783 533 863 πλάσματα
552 785 666 851 rotave
697 781 791 863 εἶναι,
817 792 852 850 ut
880 793 967 853 recte
990 794 1115 853 ueteres
1139 785 1297 854 iudicant.
1346 786 1421 853 Cae·

227 899 334 957 terum
359 911 464 978 neque
486 897 624 975 φρᾶτραι
650 911 785 978 usquam
815 891 958 958 locorum
984 894 1192 979 reperiuntur
1214 902 1248 961 et
1270 891 1422 959 subrideo

227 993 283 1060 ubi
308 995 400 1062 video
425 997 613 1062 benicorum
637 996 822 1064 conditores
844 996 921 1085 quid
946 998 986 1064 sit
1011 1001 1129 1083 φρήτρη
1153 1019 1192 1066 cx
1217 997 1299 1065 bono
1318 997 1421 1065 orobi-

225 1102 378 1189 episoopo
398 1101 570 1170 Eustatbio
593 1102 809 1170 sciscitantes,
858 1102 938 1185 Quis
962 1103 1010 1171 vei
1031 1104 1221 1194 Thucydide
1241 1106 1313 1172 rivo
1336 1105 1420 1172 scire

227 1214 353 1294 poterat
376 1228 458 1294 quae
481 1219 588 1277 esseut
612 1215 745 1294 φριῑτραι
766 1208 953 1277 Homericae
975 1210 1110 1277 aetatis?
1147 1213 1259 1279 critici
1283 1219 1316 1279 et
1335 1211 1418 1278 anti·

226 1315 333 1400 quarii
357 1314 389 1379 in
417 1313 533 1381 talibus
561 1316 856 1382 comminiscuntur
885 1315 1006 1404 aliquid
1028 1315 1112 1403 quod
1138 1316 1254 1385 babeat
1277 1317 1417 1404 aliquant

226 1418 463 1507 probabiiitatis
481 1422 621 1509 speciem
642 1420 697 1488 scd
719 1419 798 1486 nihii
818 1421 902 1508 quod
923 1430 980 1488 aut
999 1430 1124 1489 eertum
1146 1425 1189 1491 sit
1206 1422 1418 1491 auteuidcns.

226 1525 406 1592 Aristarchi
430 1528 590 1594 sententia
614 1526 654 1595 de
673 1546 709 1594 ea
731 1546 767 1594 re
786 1526 863 1593 iatet
881 1529 913 1594 in
935 1525 1092 1615 Apollonii
1113 1527 1228 1596 benico
1238 1550 1269 1595 ν.
1286 1530 1420 1613 Φριίτριρ,

225 1629 283 1699 sed
314 1641 489 1718 oomuptns
520 1632 609 1699 iocus
640 1643 709 1711 est,
742 1634 795 1699 cui
825 1631 926 1699 ieram
956 1653 1059 1720 opem.
1108 1633 1242 1701 Editur:
1267 1636 1419 1717 Φρίτρη

225 1736 334 1819 κυρίας
356 1738 414 1817 μὲν
437 1742 455 1815 τί
477 1738 597 1821 πατρία
615 1739 669 1806 καί
690 1739 879 1818 συγγένεια,
900 1738 1037 1821 Ὅμηρος
1052 1739 1084 1807 δὲ
1103 1746 1340 1821 seruaturum
1356 1748 1421 1814 ταῖς

226 1844 313 1911 κατὰ
335 1844 426 1911 πίλιν
446 1845 655 1927 μαχομέναις.
679 1844 822 1924 σημαίνει
844 1846 876 1912 δὲ
899 1846 965 1912 διὰ
984 1852 1058 1912 τῶν
1082 1847 1219 1930 φίλων
1245 1846 1316 1921 τοὺς
1332 1845 1419 1913 κατὰ

190 1974 198 1984 ·
226 1949 305 2025 idun.
352 1950 500 2036 Corrige:
522 1954 661 2034 'Opnpor
685 1952 717 2017 dd
742 1957 981 2032 ιιαταχρνςικιῖιρ
1004 1955 1075 2029 τοὺς
1098 1953 1186 2019 κατὰ
1209 1952 1299 2020 πόλιν
1316 1975 1419 2034 μαχο-

226 2056 336 2134 placor
366 2058 527 2136 σημαίνει,
558 2059 703 2137 σημαίνει
735 2056 767 2122 δὲ
795 2057 847 2122 διὰ
876 2064 934 2123 τῶν
957 2057 1065 2141 φίλων
1088 2059 1158 2134 τοὺς
1181 2064 1253 2125 κατ’
1277 2058 1361 2136 idun,
1387 2056 1418 2124 id

226 2171 277 2228 est
301 2161 457 2228 σιίνταττε
487 2166 558 2237 τοὺς
590 2164 648 2243 μὲν
678 2163 811 2236 πολίτας
842 2172 906 2237 ταῖς
931 2166 1096 2245 πολίταις,
1120 2165 1189 2240 τοὺς
1212 2166 1245 2232 δὲ
1269 2166 1418 2245 ίμιείνεῑα

227 2277 290 2343 τοῖς
323 2267 512 2349 duumviro,
545 2270 636 2356 quasi
668 2289 743 2336 uero
774 2288 835 2334 non
860 2288 988 2356 semper
1011 2290 1048 2337 ex
1078 2272 1146 2358 ipsa
1170 2273 1216 2338 rei
1242 2281 1360 2339 natura
1386 2269 1419 2337 id

226 2384 314 2440 esset
337 2376 383 2440 ita
409 2374 476 2441 beri
501 2376 632 2441 solitum
659 2376 690 2442 in
718 2375 913 2444 Graecorum
940 2375 1044 2453 bottis,
1070 2387 1106 2442 ut
1130 2378 1217 2445 ciues
1241 2398 1316 2445 oum
1341 2378 1420 2443 civi·

227 2478 288 2545 bus
311 2481 345 2546 io
369 2484 438 2548 acie
465 2482 630 2548 coniuncti
662 2489 798 2548 starent.
846 2480 929 2562 Quid
961 2483 1004 2548 sit
1029 2483 1130 2567 igitur
1156 2485 1274 2567 φριὶτριι
1299 2478 1421 2568 liquido

227 2587 305 2653 seiri
330 2607 393 2653 noo
419 2597 542 2675 potest,
568 2587 623 2654 sed
647 2606 717 2654 esse
739 2588 857 2671 φρίτριι
887 2586 1076 2654 vocabulum
1101 2586 1259 2656 Graecum
1286 2585 1420 2675 probum

225 2699 259 2759 ct
282 2695 455 2780 antiquum
481 2693 512 2759 id
544 2704 633 2760 certe
656 2693 796 2769 scimus,
820 2692 875 2760 sed
899 2700 1017 2776 φῆτριιι
1041 2703 1072 2761 ct
1096 2699 1218 2778 φατραι
1249 2693 1328 2761 nihii
1352 2701 1419 2771 est,

229 2809 265 2865 ut
286 2818 391 2886 neque
410 2798 522 2866 Latine
539 2796 712 2887 bancapro
734 2796 866 2866 burron.
903 2799 984 2866 Nata
1004 2809 1080 2867 sunt
1099 2800 1161 2867 ista
1182 2799 1296 2867 stolido
1308 2818 1419 2868 errore

226 2924 340 2971 eornm
365 2905 421 2991 qui
444 2904 543 2972 libros
566 2914 691 2972 veteres
715 2903 916 2992 negligenter
939 2914 972 2972 et
994 2905 1074 2972 atias
1098 2925 1150 2975 ros
1170 2915 1303 2994 agentes
1323 2906 1420 2994 inspi-

226 3009 367 3078 ciebant.
416 3009 577 3077 Scribitur
610 3018 655 3093 φρ
689 3012 737 3077 sio
773 3019 809 3077 ut
841 3011 873 3076 in
907 3030 1034 3078 summa
1066 3020 1257 3101 pponatur
1282 3013 1421 3080 uncinus

227 3116 396 3204 pertenuis
415 3126 449 3184 et
465 3115 557 3183 facile
577 3118 679 3184 aciem
696 3115 833 3203 fugiens.
871 3116 951 3184 Vide
965 3118 1052 3185 best.
1071 3118 1239 3186 Commorat.
1253 3117 1418 3207 Poioeopr.

227 3243 259 3310 p.
285 3226 349 3289 tut
374 3233 406 3290 et
430 3223 462 3289 in
495 3222 614 3290 Tabula
647 3223 708 3291 ΙΙΙ.
742 3226 783 3288 10
814 3242 878 3309 quo
909 3232 1002 3311 pacto
1031 3223 1165 3309 φρένας,
1186 3223 1263 3311 φρίξ
1286 3234 1318 3293 ct
1340 3224 1416 3293 sim.

227 3328 425 3396 scribantur.
462 3328 545 3395 iiioo
564 3337 597 3396 et
615 3330 672 3396 aiii
694 3328 788 3395 multi
808 3347 935 3396 errores
954 3339 1031 3396 suot
1051 3332 1210 3420 suseepti;
1236 3350 1317 3418 quae
1332 3334 1420 3418 sorra

227 3434 305 3501 oiim
330 3434 435 3501 inerat
461 3435 605 3525 (τέφρας)
630 3444 761 3523 repente
781 3436 812 3501 in
834 3436 1034 3523 reputaturum
1058 3435 1185 3527 (τιίφας)
1205 3438 1423 3524 conuertitur,

228 3549 261 3608 ei
284 3539 454 3623 φράτερες,
487 3547 641 3627 φρᾶτραι,
673 3539 873 3627 φρατριιίζειν
903 3563 941 3610 en
965 3562 1002 3609 ea
1036 3543 1181 3610 socordia
1211 3551 1335 3631 partem
1368 3544 1419 3610 sui

227 3647 420 3714 amiserunt.
469 3647 549 3715 beve
573 3648 750 3727 damnum,
778 3644 838 3715 nisi
863 3647 948 3716 docti
974 3648 1121 3717 homines
1143 3658 1176 3716 et
1194 3647 1269 3715 olim
1287 3656 1419 3716 etnunc

228 3751 399 3820 mendosas
430 3755 509 3821 istas
540 3755 722 3842 scripturas
754 3761 787 3821 et
819 3755 897 3821 titio
928 3763 1021 3821 natas
1052 3775 1111 3843 pro
1142 3754 1227 3821 veris
1254 3763 1287 3822 et
1311 3752 1419 3841 probis

226 3859 436 3945 recepissent.
487 3860 527 3927 tet
558 3858 729 3927 Eustatbio
759 3859 889 3946 quidem
922 3860 1013 3927 venia
1044 3859 1115 3927 dari
1139 3867 1245 3948 potest
1268 3861 1418 3947 imperito

227 3963 373 4044 bomini,
402 3967 455 4033 oni
485 3965 669 4049 φατριιίζειν
698 3965 828 4032 videtur
859 3966 1061 4050 εὐφωνίτεραν
1091 3986 1189 4054 quam
1218 3965 1419 4052 φρατριιίζιιν

227 4091 258 4158 ρ.
285 4074 370 4148 735,
402 4077 466 4151 ot,
498 4071 554 4139 scd
586 4070 786 4139 bindorfium
818 4072 937 4149 miror,
966 4075 1021 4161 qui
1046 4072 1226 4140 scribarum
1252 4081 1417 4160 stuporem

226 4177 348 4263 optime
372 4179 481 4258 novit,
507 4180 539 4244 iu
564 4177 701 4245 cundem
720 4196 862 4245 errorem
878 4198 949 4246 esse
973 4178 1167 4265 implicitum
1186 4189 1218 4247 et
1236 4178 1421 4264 φατριιίζειν

227 4281 329 4348 inuito
350 4282 555 4351 Denrostbeoi
575 4284 753 4351 obtrusisse
772 4283 882 4352 xbtlt.
906 4291 958 4352 13.
977 4286 1045 4364 μεθ’
1064 4281 1102 4351 ὧν
1117 4287 1169 4353 καί
1187 4289 1419 4366 osdroenor—

226 4387 411 4471 ίφατρίαζτ.
460 4390 596 4457 Videtur
621 4390 735 4456 vitium
762 4390 793 4455 in
820 4388 871 4455 bis
901 4387 1014 4457 tarmis
1038 4392 1117 4459 satis
1141 4395 1311 4480 antiquum
1336 4414 1418 4462 esse.

229 4493 419 4563 Eustathius
437 4495 571 4564 habebnt
594 4497 638 4563 τίι
662 4496 796 4563 ’Λττιιιίι
816 4495 957 4576 ίνίριατα
976 4496 1056 4566 Aelii
1070 4499 1231 4587 Dionysii,
1256 4498 1418 4571 Hadriano
