3276 5006
465 357 624 407 assumus
646 357 705 406 rso
727 356 756 405 e.
781 356 909 407 nermo
931 356 1086 407 mutuo.
1328 335 1372 403 83

176 524 325 592 eediaum
352 545 467 612 pravae
488 529 675 613 scripturas,
699 527 727 591 si
751 527 829 612 quid
851 527 932 594 forte
953 527 1027 593 inde
1049 527 1256 613 explseemur.
1290 522 1369 595 Ood.

176 628 288 697 Fraus.
318 632 421 696 mum
449 638 597 708 rendam,
621 628 661 698 G.
686 633 874 697 amimae
895 635 1008 698 daim
1032 630 1119 697 Hine
1141 652 1216 697 eum
1238 629 1368 699 Murato

176 736 405 800 ammam
426 739 588 822 suspieene
609 735 701 824 lego:

225 841 345 916 „euius
366 841 508 907 reditum
529 840 645 906 caasa
666 845 894 907 commendam
915 863 936 907 a
957 847 1069 908 senatu
1091 841 1247 908 ridebat.”

222 943 358 1010 Reditus
386 948 473 1032 regis
504 948 551 1012 ita
579 945 715 1012 Lentulo
738 947 978 1013 eemmendetus
998 951 1086 1024 eret,
1108 950 1147 1012 nt
1167 947 1236 1011 siue
1257 945 1368 1011 multi·

176 1047 288 1115 tudine
309 1051 344 1113 in
366 1071 503 1138 regnum
523 1050 579 1116 ille
602 1052 833 1118 restitueretur.

221 1254 298 1343 Gap.
330 1257 391 1336 lv,
420 1257 453 1324 8.
479 1258 590 1337 „Sunt
610 1260 685 1327 lites
708 1263 894 1327 aestimatae
916 1263 955 1328 A.
983 1257 1135 1329 Gabinio:
1157 1281 1216 1327 nee
1237 1259 1368 1347 praedes

271 1362 339 1427 deti
361 1384 419 1428 nes
441 1384 480 1429 ex
502 1364 593 1430 bonis
614 1365 733 1451 populo
754 1366 895 1431 mainerus
910 1367 1041 1450 pecunia
1064 1370 1175 1432 exacte.
1197 1365 1272 1431 est.'’

227 1463 371 1532 Universa
392 1469 542 1552 amia,
574 1470 833 1556 supplementum
862 1469 1087 1549 Mommseuii,
1110 1469 1262 1535 Halmius
1283 1490 1366 1536 oeee-
1505 1486 1524 1511 ·

175 1573 235 1657 pit.
281 1570 487 1659 Madvigius,
523 1577 709 1652 „ineertum
734 1575 932 1660 relinquens,
956 1575 1041 1660 qued
1063 1576 1300 1640 substantivum
1322 1574 1366 1639 fe

174 1678 293 1741 miniui
325 1679 452 1764 generis
485 1678 706 1745 oblitteratum
741 1679 819 1758 sit,’'
845 1683 927 1744 item
957 1679 1056 1767 legit:
1089 1699 1174 1756 „nen
1204 1700 1245 1744 ex
1274 1679 1365 1745 benis

174 1781 293 1867 popule
315 1782 399 1821 Μ
421 1787 532 1849 exarte
561 1783 637 1848 eet.”
682 1780 781 1849 codd.
805 1774 870 1850 fere
892 1804 1002 1850 omnes
1022 1784 1157 1849 habent:
1184 1805 1251 1861 „ex
1273 1784 1365 1849 bonis

174 1885 285 1971 populi
315 1888 432 1951 amari
462 1888 511 1952 lea
536 1908 636 1973 aequa
658 1887 734 1953 est.”
778 1887 816 1953 Iu
838 1887 988 1954 Herculis
1011 1886 1142 1954 Giesani
1163 1889 1285 1965 codiee,
1309 1888 1366 1973 qui

172 1990 309 2067 dieitur,
345 1991 457 2057 doetus
492 1993 623 2077 quidem
658 1993 755 2059 home
789 1992 889 2058 Italus
917 1992 995 2058 haee
1024 1995 1165 2078 scripsit:
1200 2013 1267 2070 „ex
1296 1993 1366 2059 eius

174 2095 266 2160 benis
289 2102 409 2181 quauta
431 2118 559 2162 summe
581 2097 693 2162 litium
711 2097 774 2162 fuit
792 2097 908 2183 populo
924 2099 1043 2162 servari
1062 2096 1194 2183 potest''
1226 2097 1272 2162 At
1287 2097 1366 2163 haee

172 2199 320 2286 suppleta
349 2205 424 2265 sunt
454 2221 495 2266 ex
521 2201 580 2266 hae
602 2203 673 2286 ipsa
695 2204 836 2267 eratione
859 2222 926 2287 cap.
949 2199 1043 2278 xm,
1067 2197 1129 2278 37,
1152 2202 1210 2267 ubi
1232 2200 1291 2267 illa
1312 2198 1365 2266 Gi·

172 2324 244 2369 eero
267 2303 415 2389 pluribus
436 2305 542 2371 verbis
561 2306 723 2394 designat:
749 2309 806 2384 „si
829 2313 886 2373 aut
904 2306 1034 2392 praedes
1052 2305 1189 2372 dedisset
1208 2304 1366 2373 Gabinius

171 2413 230 2473 aut
257 2414 385 2473 tentum
407 2430 447 2475 ex
468 2412 539 2475 eius
562 2411 667 2488 bonu,
691 2416 810 2497 quante
832 2431 960 2476 summe
980 2411 1092 2476 litium
1115 2411 1243 2488 fuisset,
1266 2431 1365 2496 popu·

171 2512 225 2579 lus
253 2514 449 2599 recepisset?
495 2514 611 2581 Dicam
640 2517 724 2601 qued
752 2521 875 2582 statuo:
897 2535 996 2601 praua
1018 2516 1107 2580 cedd
1130 2515 1226 2581 lentio
1248 2516 1364 2580 servari

171 2619 222 2682 iae
249 2617 303 2684 rel
329 2620 442 2683 sanati
470 2620 520 2683 iae
550 2624 621 2685 orta
640 2627 691 2687 est
709 2641 748 2685 ex
771 2619 857 2685 mele
878 2618 1040 2684 intellecta
1060 2619 1177 2684 codicis
1199 2620 1364 2705 archetypi

121 2754 124 2759 ·
172 2728 249 2788 nota
278 2722 311 2788 S.
343 2722 392 2801 la,
424 2725 492 2789 sire
519 2745 544 2789 s.
568 2725 602 2801 l.,
626 2745 707 2810 quae
730 2722 889 2811 significet
909 2724 1149 2787 mantilium.
1195 2723 1265 2788 Iam
1287 2743 1363 2790 vere

172 2848 320 2914 reponere
341 2829 426 2894 mihi
448 2827 542 2894 lieet:
1138 2912 1143 2917 Ι

220 2980 238 3010 „
248 2931 331 2999 Sunt
361 2932 437 2998 lites
468 2935 654 2999 aestimatae
681 2935 720 3000 A.
744 2931 900 3001 Gabinio:
923 2953 981 2998 nee
1003 2932 1133 3018 praedes
1155 2932 1223 2998 dati
1244 2952 1302 2999 nee
1324 2953 1363 2999 ex

262 3039 354 3103 benis
375 3036 492 3124 populo
513 3060 625 3102 ramata
648 3039 749 3102 liliam
772 3042 882 3103 exacta
904 3037 979 3103 est.”

217 3142 246 3208 ll
266 3143 373 3209 verbis
397 3164 449 3221 „s
470 3143 493 3208 1.
515 3149 626 3210 exacta
642 3144 708 3210 est''
730 3142 842 3210 lictum
861 3149 926 3209 est:
948 3144 1092 3220 „serrari
1111 3143 1163 3209 lex
1175 3162 1275 3229 aequa
1283 3143 1361 3209 est!
1428 3152 1438 3165 ‘

216 3351 294 3440 Gap.
317 3353 355 3419 V.
381 3354 434 3419 11.
458 3354 653 3443 Pantagathi
675 3354 945 3431 emendationem,
969 3373 1027 3439 pro
1045 3352 1244 3436 appellatione
1261 3353 1362 3418 tisim

169 3460 337 3526 scribentis
359 3460 562 3525 aestimatione
580 3461 696 3538 litium,
720 3479 804 3525 nune
822 3459 930 3544 probo.
966 3454 1014 3524 Of.
1035 3457 1153 3523 Philol.
1174 3457 1231 3522 XJ.
1251 3479 1283 3542 p.
1305 3456 1359 3523 94.

169 3599 174 3607 ·
217 3561 294 3649 Cep.
318 3565 386 3630 eod.
410 3567 432 3629 i.
457 3565 480 3630 f.
502 3564 655 3630 Halmius
675 3564 795 3629 edidit:

264 3669 370 3748 „1110‚
394 3672 515 3754 inquit,
540 3672 643 3756 eapite
664 3675 688 3745 †
707 3670 868 3754 quoderat
890 3670 924 3732 ia
944 3668 1130 3744 Poetamma,
1151 3686 1226 3731 cum
1244 3668 1280 3731 in
1299 3662 1362 3733 Ga·

258 3774 385 3839 binium
409 3776 507 3840 iudex
529 3795 628 3852 eeees,
652 3773 735 3838 nihil
757 3771 895 3839 Gabinio
917 3771 1095 3838 damnet0.”
1118 3775 1192 3837 eett

216 3876 254 3941 ln
283 3879 373 3943 esdd.
404 3881 647 3965 scriptumest:
672 3879 751 3963 qued
771 3884 837 3942 erat
858 3878 892 3940 ia
913 3878 1098 3954 Postumum,
1122 3875 1175 3941 vel
1196 3875 1276 3961 quod
1296 3882 1361 3938 erat

171 3983 353 4066 impositam,
385 3986 465 4069 quod
492 3985 526 4048 in
550 3990 710 4066 posterum.
758 3982 945 4048 Fermulam
966 3981 1037 4062 Qun
1058 3982 1106 4047 lla
1127 3981 1267 4047 Pecunia
1288 3979 1364 4045 Per-

170 4091 295 4153 venerit
323 4089 377 4153 hie
408 4088 579 4153 desiderari
606 4090 673 4153 iam
704 4088 828 4152 dudum
851 4087 1048 4172 exploratum
1072 4092 1129 4153 est.
1175 4085 1213 4151 Iu
1235 4090 1362 4152 vetusto

170 4192 279 4258 eodiee
309 4196 466 4279 seriptum
497 4193 594 4258 fuerit
623 4195 687 4257 ite:
718 4194 849 4270 „imme
871 4191 927 4256 illo
950 4194 1052 4276 eapite
1072 4192 1109 4272 Q.
1133 4192 1170 4256 E.
1194 4190 1232 4256 Ρ.
1255 4190 1293 4256 Ρ.
1318 4228 1360 4242 -

171 4299 206 4361 in
236 4297 293 4361 P.”
324 4284 398 4364 aeti.
431 4293 516 4364 'Hoe
548 4301 690 4375 eertum,
721 4298 819 4364 verbe
847 4298 926 4383 qued
947 4304 1012 4361 erat
1035 4303 1104 4364 orta
1127 4317 1193 4363 esse
1216 4318 1255 4363 ex
1277 4297 1362 4363 mule

170 4402 345 4470 intelleetis
371 4407 455 4472 notis
486 4403 523 4484 Q.
555 4402 592 4469 ll.
624 4401 798 4487 Sequentes
829 4402 930 4490 siglae
960 4401 997 4467 P.
1029 4402 1066 4467 Ρ.
1090 4402 1254 4491 neglectae
1276 4409 1359 4469 sunt
