3254 5034
556 370 751 421 imbuebatur
773 370 811 418 ΙΤ
834 370 967 422 cnttlut.

476 590 480 597 -
510 541 559 609 σοέ
578 565 621 608 νιν
644 540 762 623 ἐκγονοι
785 541 916 611 κτόσαν.

158 640 231 709 olim
255 645 445 735 suspicatus
467 657 518 714 est
540 646 659 736 aliquis
681 648 876 715 criticorum

507 755 550 837 σῷ
574 778 618 821 νιν
640 753 755 837 ἐκγόνῳ
777 755 888 823 κτίσαν
1331 800 1334 803 ι

157 874 173 921 a
197 862 291 942 poeta
314 876 389 925 esse
412 857 603 947 proiectum.
651 859 763 947 ltaque
787 861 835 927 sic
858 857 973 927 scribit
998 859 1030 926 iu
1055 857 1183 927 Scholio
1205 858 1247 928 ab
1271 857 1303 927 h.
1328 859 1339 927 Ι

155 960 319 1046 Γμέφεται
346 962 422 1051 (leg.
448 963 618 1055 Γραττέον)

529 1073 580 1154 Σῷ
603 1095 648 1137 νιν
669 1069 784 1155 ἐκγόνῳ
806 1070 940 1151 κτίσαν,

152 1171 188 1239 ἵν’
217 1173 236 1258 ᾖ
267 1178 312 1257 τῷ
345 1174 460 1259 ἐκγόνῳ
483 1198 537 1247 σον
560 1177 604 1259 τῷ
627 1176 744 1259 Κάδμῳ
768 1177 802 1243 et
823 1176 888 1243 όεα)
914 1175 1103 1244 κατέκτισαν
1126 1177 1188 1253 τοὶς
1212 1177 1346 1257 Θήβας.

151 1278 260 1360 γέγονε
294 1282 329 1348 δέ
366 1281 434 1363 περὶ
467 1283 522 1358 την
553 1283 693 1365 ἐρχαόαν
724 1286 851 1367 γραφὴν
882 1282 1081 1365 οἱμόρτημα.
1114 1283 1171 1365 τρὸ
1198 1281 1347 1367 ἄρχοντος

148 1386 210 1467 γὰρ
232 1388 396 1464 Ἀθήνησιν
415 1387 582 1455 asnebec
603 1389 697 1468 μότω
717 1395 776 1455 τῶν
794 1395 918 1470 μακρῶν
939 1387 1106 1470 εὑρημένων
1124 1397 1189 1463 τοῖς
1206 1390 1346 1473 βραχόσι

149 1492 216 1558 ἀντὶ
244 1499 376 1575 μακρῶν
399 1493 546 1576 ἐχρῶντο,
577 1495 620 1576 τῷ
643 1503 669 1561 Ε
695 1494 764 1561 ἐντὶ
788 1498 842 1561 τοῦ
866 1502 894 1559 Η
917 1495 970 1560 καὶ
995 1497 1038 1577 τῷ
1063 1503 1090 1560 0
1115 1495 1186 1561 όντέ
1211 1499 1265 1562 τοῦ
1289 1505 1346 1564 Ω.

149 1595 289 1681 ἔγραφον
322 1592 372 1665 οὖν
402 1603 437 1665 τό
469 1608 620 1667 ΔΗΜΩΙ
643 1600 731 1680 μετὰ
753 1606 806 1667 τοῦ
831 1609 846 1666 1
869 1607 1031 1666 ΔΕΜΟΙ.
1060 1601 1106 1678 μη
1129 1601 1291 1677 νοήσαντες
1314 1602 1346 1668 δέ

148 1698 192 1769 ότι
223 1705 314 1772 κατὰ
346 1707 402 1781 την
432 1705 572 1788 όρχαέαν
600 1708 727 1791 γραφὴν
759 1706 807 1773 δεῖ
833 1706 1043 1785 μετατεθῆναι
1069 1706 1105 1771 τό
1130 1716 1157 1772 Ο
1182 1707 1226 1779 eie
1248 1707 1284 1773 τό
1308 1716 1345 1776 Ω

148 1807 306 1890 ἐτάραξαν
329 1810 364 1875 rb
389 1809 501 1890 νόημα.
538 1809 656 1878 Eadem
680 1810 851 1898 utrobique
870 1810 954 1877 ratio
973 1819 1039 1878 est:
1064 1820 1214 1892 ΔΘΤΘΙ,
1240 1813 1345 1898 inquit

149 1913 220 1995 ille,
245 1926 298 1984 eat
324 1916 457 2002 antiqua
482 1918 645 2005 scriptura
665 1937 723 2005 pro
741 1916 830 2002 beda,
856 1915 909 1983 bic
929 1925 1037 1984 autem
1059 1925 1344 1986 201EKr0N01

147 2022 192 2086 ait
226 2031 359 2090 uetusto
389 2041 477 2090 more
511 2022 670 2111 scriptum
703 2030 752 2090 est
783 2043 841 2110 pro
871 2024 914 2106 σῷ
945 2023 1067 2106 ἐκγόνῳ.

192 2126 404 2196 Memorabile
427 2135 477 2194 est
501 2128 664 2217 imprimis
687 2127 836 2195 Scholion
862 2127 903 2196 ad
929 2127 1019 2195 iliad.
1043 2140 1087 2199 A.
1116 2132 1178 2198 104

331 2228 377 2300 νόο
399 2233 451 2300 tto
474 2235 623 2315 lipidiaco
647 2272 683 2283 -
714 2232 736 2301 d
759 2240 830 2301 τοτ’
853 2233 1028 2316 Ἀχιλλεύς

325 2340 411 2416 Ἴδης
435 2340 466 2406 ἐν
485 2348 626 2420 κνημοῖσι
651 2340 714 2417 tun
739 2340 870 2422 μόσχοιο
892 2340 1051 2421 λόγοισιν,

147 2440 200 2509 ubi
232 2444 446 2512 Aristarchus
476 2445 673 2512 Zenodotum
703 2447 836 2533 arguit,
867 2446 920 2512 cui
944 2453 1037 2512 vetus
1060 2444 1289 2533 orthographia
1314 2456 1341 2513 0

148 2567 203 2634 pro
234 2560 276 2618 Ω.
300 2551 503 2637 imposuerit.
536 2551 674 2629 sterne
699 2551 944 2642 (τομετιγμένη)
968 2547 1015 2618 ότι
1039 2550 1198 2628 Ζηνόδοτος
1221 2551 1342 2636 rodan

148 2662 218 2722 ΟΝ.
248 2656 376 2737 μητοτε
409 2656 441 2723 δέ
472 2656 673 2734 residuum
703 2659 927 2741 γεγραμμένον
957 2660 1012 2724 τοῦ
1042 2664 1069 2721 0
1102 2656 1155 2724 ὑπ’
1184 2659 1340 2739 ἀρχαϊκῆς

148 2763 363 2841 σημασίας
386 2762 455 2828 derb
476 2767 530 2829 τοῦ
551 2773 589 2830 Ω
607 2765 744 2847 τροσόεὶε
764 2767 800 2833 τό
819 2773 862 2832 N.
897 2761 966 2830 Non
989 2771 1097 2828 velere
1115 2760 1342 2850 sipoificnb'ooc

149 2867 202 2934 sed
226 2877 338 2935 vetere
360 2866 521 2935 scribendi
547 2870 766 2936 mansetudine
789 2880 817 2937 ο
842 2879 914 2937 erat
939 2868 1078 2956 positum
1104 2876 1231 2954 pron.
1279 2867 1341 2935 lta·

149 2991 209 3059 que
231 2972 473 3042 emendandum
498 2974 550 3040 ὑπ’
573 2975 731 3058 ἀρχαϊκῆς
753 2975 988 3053 curatrice.
1025 2972 1087 3040 Sed
1109 2991 1204 3040 nemo
1223 2974 1340 3040 ineam

150 3096 236 3159 rem,
269 3097 333 3167 qua
358 3077 398 3145 de
418 3079 565 3165 agimus,
596 3078 752 3148 disertius
775 3081 997 3149 testimonium
1022 3077 1105 3145 dixit
1127 3098 1226 3165 quam
1250 3080 1341 3148 'Atl-

149 3178 272 3268 ξκνδροε
295 3187 312 3250 d
335 3185 489 3259 Korueebe
516 3184 683 3274 (Aristidis
708 3186 879 3276 Smyrnaei
903 3184 1053 3253 lllretoris
1075 3184 1202 3252 amicus
1221 3194 1254 3252 et
1274 3205 1339 3252 ma·

150 3289 265 3376 εἰσίοι)
289 3290 320 3356 ἐν
342 3292 386 3373 τῷ
408 3289 528 3372 ἐεκότῳ
551 3293 611 3358 τῶν
634 3291 843 3359 necatores
866 3290 907 3359 ad
931 3290 1023 3359 iliad.
1051 3298 1083 3360 Ξ.
1109 3292 1186 3357 241.

284 3397 327 3478 τῷ
349 3420 402 3464 κεν
424 3397 584 3479 ἐτιοχοέης
606 3398 754 3479 λιπαροὺς
777 3399 874 3473 addae
898 3397 1122 3482 εἰλαπινάζων.

151 3497 203 3566 ubi
231 3520 273 3568 ex
305 3502 437 3590 antiqua
467 3504 630 3587 scriplum
664 3512 889 3571 enlcxolec
919 3505 1156 3571 inveteraverat
1184 3497 1339 3566 mendum

150 3604 309 3688 ότισχοῖες
338 3628 397 3694 pro
425 3608 599 3690 ἐπισχοίης.
647 3607 827 3676 Alexander
849 3611 950 3696 perite
974 3607 1115 3676 correxit
1140 3624 1283 3672 errorem
1306 3612 1340 3670 et

151 3709 289 3779 addidit:
322 3714 505 3798 ταρσφόόρη
533 3714 565 3778 δέ
599 3713 657 3779 berb
688 3720 747 3780 τῶν
781 3714 1180 3799 μεταχαῳακτηρισοόντων,
1223 3709 1255 3776 id
1290 3720 1340 3777 esi

151 3813 188 3881 ab
219 3818 277 3896 iis,
308 3818 362 3904 qui
393 3818 464 3893 τοὺς
494 3825 553 3885 τῶν
582 3819 731 3886 Ἀττικῶν
751 3820 951 3903 γραμμάτων
972 3826 1176 3904 palaestrae
1200 3818 1243 3891 εἷς
1267 3819 1338 3890 τοὺς

150 3927 206 3988 τῶν
229 3925 365 3991 Ἰωνικῶν
392 3922 583 4005 μετέβαλον.
630 3925 736 3992 Etiam
759 3925 832 3992 aliis
856 3926 934 3993 locis
957 3946 996 3992 cx
1019 3945 1057 3991 eo
1079 3922 1167 3989 fonte
1190 3940 1338 3989 manasse

150 4044 276 4096 errores
298 4037 331 4096 et
355 4029 460 4118 ipsum
486 4029 711 4098 Aristarchum
736 4030 768 4097 in
795 4030 849 4099 tali
875 4049 1054 4099 reerrasse
1075 4027 1337 4114 insequentibus

150 4133 327 4202 ostendam.

192 4237 349 4327 Superest
379 4241 412 4306 in
445 4249 536 4309 textu
569 4240 760 4323 Homerico,
792 4260 855 4328 quo
886 4259 973 4307 nuuc
1004 4240 1146 4315 utimur.
1180 4239 1332 4307 mendum

151 4360 187 4410 ea
224 4344 276 4412 illa
307 4356 416 4414 vetere
445 4345 608 4415 scribendi
640 4345 874 4415 consuetudine
905 4346 1076 4428 relictum,
1110 4346 1196 4433 quod
1227 4342 1333 4413 obiter

150 4451 298 4521 eximam.
343 4451 462 4523 Editur
484 4455 518 4523 in
541 4451 632 4522 iliad.
658 4451 696 4522 N.
720 4456 797 4521 288.
