3276 5006
575 347 618 394 so
642 343 797 394 merome
820 342 971 394 oeneus.
1300 326 1365 396 153

177 551 224 574 .-
246 519 300 587 κς)
329 514 503 598 Σάραμβος
526 514 541 579 θ
561 511 701 609 κάπηλος
725 514 740 581 ὁ
761 514 819 593 μὲν
851 509 961 595 άρτονς
984 512 1163 593 θαυματούς
1184 536 1364 595 παρασκευ·

179 624 261 709 άζων
283 624 351 692 uri.

224 834 313 901 Male
343 831 473 898 babitus
505 836 552 897 est
581 829 670 896 loeus
698 850 772 916 pag.
797 826 873 895 518.
900 848 933 895 ιι.
964 833 1021 915 qui
1049 851 1102 897 me
1133 831 1190 896 diu
1214 834 1380 896 exercuit·

180 938 324 1005 {landem
353 936 437 1001 mihi
459 935 569 1001 videor
591 937 742 1019 reperisse
760 955 823 1021 quo
844 941 937 1020 poeto
960 957 999 1000 ex
1021 936 1107 1002 hisee
1130 935 1287 1001 molestiis
1309 956 1367 1001 nos

180 1042 328 1128 expedire
355 1042 523 1126 possimus.
568 1039 754 1105 Describam
781 1039 889 1106 loeum
916 1044 955 1104 ut
984 1042 1067 1106 mihi
1098 1040 1300 1107 scribendum
1334 1046 1368 1106 et

181 1146 439 1215 constituendum
462 1165 528 1210 esse
551 1145 701 1230 persuasi.
726 1145 751 1208 οἰ
775 1144 801 1209 δ’
826 1140 867 1210 αὐ
890 1146 927 1211 δι’
951 1145 1093 1226 άπειρίαν
1115 1146 1147 1211 ού
1170 1144 1240 1218 τούς
1265 1145 1367 1213 istuis·

181 1275 240 1326 τας
275 1249 470 1317 αἰτιάσονται
500 1255 559 1314 τῶν
588 1248 680 1315 νάσων
709 1250 825 1322 αἰτίους
856 1246 1000 1315 εἰναι-
1024 1251 1100 1316 άλλ’
1132 1241 1158 1315 οἰ
1189 1249 1228 1314 άν
1260 1250 1367 1322 αὐτοῖς

181 1357 302 1437 τύχωσι
336 1354 408 1421 τίτε
443 1353 591 1435 ταράντες
616 1390 658 1402 -
682 1354 808 1427 τούτους
843 1355 1039 1421 αἰτιάσονται
1070 1354 1123 1419 καί
1155 1355 1281 1435 ψέξουσι
1313 1353 1366 1419 καί

182 1461 277 1530 κακθν
306 1484 337 1525 τι
367 1460 551 1534 ποιήσουσιν,
581 1457 620 1523 άν
651 1453 704 1524 olo!
733 1461 763 1523 τ’
785 1455 868 1537 ὐσιν,
900 1461 970 1533 τοὺς
997 1459 1029 1526 δὲ
1057 1458 1214 1541 προτθρους
1239 1459 1367 1532 ἐκείνους

182 1567 236 1634 καί
260 1565 376 1637 αἰτίους
398 1566 458 1630 τῶν
481 1569 582 1630 κακῶν
605 1562 839 1641 ἐγκωμιάΖουσι
860 1566 915 1631 καί
936 1569 1018 1646 Φασι
1037 1563 1184 1643 μεγάλην
1203 1567 1258 1639 τίην
1277 1562 1368 1630 πάλιν

183 1667 382 1746 πεποιηκέναι
404 1669 534 1745 αὐτούς,
558 1664 605 1733 ύτι
628 1669 654 1734 δ’
677 1669 752 1734 οἰίεῖ
771 1670 823 1735 καί
849 1666 979 1743 ὐπιυλύς
1003 1671 1048 1739 ἐτι
1072 1671 1110 1737 δι’
1132 1671 1259 1743 ἐκείνους
1284 1666 1368 1757 [τοῦς

183 1776 352 1860 παλαιούς]
377 1775 430 1840 οὐκ
450 1771 657 1839 αἰσθάνονται.
682 1775 733 1839 καί
758 1774 796 1839 σύ
820 1778 880 1850 νῦν,
904 1770 925 1839 οὐ
949 1775 1159 1854 Καλλίκλεις,
1191 1773 1369 1854 ύμοιθτατου

183 1880 330 1948 τούτΟΙΟ
364 1875 511 1960 ἐργάζει·
547 1877 751 1958 ἐγκωμιάζεις
785 1878 954 1959 άνθροίπους
985 1872 1012 1947 οἰ
1041 1880 1166 1953 τούτους
1196 1879 1370 1949 είτιάκασιν

184 1986 371 2064 εὐωχοῦντες
402 1979 440 2047 ῶν
470 1983 661 2062 ἐπεθύμουν
693 1981 765 2050 άνευ
797 1984 861 2065 γάρ
884 1985 1078 2068 σωφροσύνης
1100 1985 1153 2051 καί
1178 1984 1368 2061 δικαιοσύνης

183 2088 313 2168 λιμένων
340 2088 393 2153 καί
417 2088 540 2169 νεωρίων
562 2089 614 2154 καί
638 2094 751 2169 τειχῶν
774 2089 826 2155 καί
849 2087 949 2170 Φάρων
972 2091 1025 2155 καί
1049 2089 1188 2156 τοιούτων
1211 2095 1369 2173 Φλναριῶν
1437 2106 1441 2111 “

184 2194 407 2273 ἐμπεπλήκασι
429 2196 485 2269 τίςν
503 2194 603 2261 πάλιν.
633 2194 774 2281 Repoeui
791 2193 1027 2273 ἐγκωμιάΖσυσι
1044 2216 1101 2281 pro
1120 2194 1369 2275 ἐγκωμιάῦουσι,

184 2306 257 2366 tum
279 2298 392 2364 verbs:
421 2298 474 2364 καί
497 2300 535 2364 σύ
557 2304 620 2378 νῦν,
644 2295 666 2364 ὐ
690 2300 896 2377 Καλλίκλεις,
921 2336 966 2349 -
988 2301 1177 2382 εὐωχοῦντες
1200 2297 1369 2377 cinemer-

184 2429 277 2482 μουν,
314 2403 383 2468 Ιοοο
424 2423 481 2469 suo
522 2410 610 2470 motu
650 2408 685 2469 in
725 2410 868 2471 veterem
909 2410 942 2469 et
980 2425 1091 2470 rerem
1131 2405 1240 2470 sedem
1277 2426 1370 2471 susm

182 2508 306 2575 reduxi.
353 2503 516 2573 Oolloeets
544 2514 618 2574 sunt
649 2512 684 2573 in
704 2508 796 2574 libris
818 2514 891 2594 post
911 2509 982 2580 τούς
1005 2510 1037 2575 δὲ
1060 2508 1219 2589 προτέρους
1241 2510 1370 2582 ἐκείνους

184 2612 238 2679 καί
260 2612 377 2684 αἰτίους
399 2619 458 2679 τῶν
477 2618 579 2678 κακῶν
601 2612 863 2692 ἐγκωμιάοουσιν,
888 2635 989 2699 quum
1012 2620 1084 2699 post
1102 2616 1154 2679 οὐκ
1172 2612 1369 2680 αἰσθάνονται

183 2717 332 2784 oolloeuri
362 2717 553 2783 debuissent.
600 2717 726 2784 Omissa
748 2718 825 2784 hese
848 2718 969 2784 seribee
991 2721 1115 2784 ineurie
1136 2726 1291 2786 corrector
1313 2718 1371 2785 eli·

185 2826 258 2911 quis
288 2821 469 2907 (isopleuris)
492 2825 527 2888 in
551 2826 698 2910 margine
727 2826 891 2908 opposuit,
921 2823 1005 2888 unde
1028 2844 1129 2908 quum
1150 2827 1270 2890 iterum
1290 2824 1373 2891 liber

184 2927 415 2993 describeretur
435 2932 561 3013 recepte
583 2934 658 2992 sunt
679 2927 737 2993 ille
756 2928 886 3012 quidem
902 2930 936 2992 in
952 2934 1079 2995 textum
1096 2929 1152 2994 sed
1168 2928 1238 2996 loeo
1257 2928 1369 2995 elieno.

184 3031 367 3098 Smoenties
389 3034 424 3097 in
445 3031 537 3098 libris
557 3035 693 3098 uetustis
711 3035 756 3098 sio
775 3038 915 3098 erratum
935 3055 1002 3099 esse
1020 3034 1098 3100 vidi
1134 3031 1372 3120 supplementis

184 3138 220 3209 in
248 3140 394 3225 margine
423 3136 541 3203 edditis
570 3135 705 3202 edsoribi
735 3136 815 3202 solet
842 3140 877 3202 in
904 3143 998 3224 poete
1019 3139 1110 3221 τίχος
1132 3139 1186 3206 vel
1208 3139 1312 3220 τίχιι,
1336 3142 1371 3205 in

184 3244 316 3307 eeeteris
346 3242 484 3319 κείμενον
513 3240 547 3306 id
576 3246 640 3307 est.
654 3247 760 3306 άοαίνι.
808 3240 912 3322 Quem
941 3243 1033 3309 iseile
1056 3247 1119 3310 ists
1140 3244 1309 3312 deflectent
1331 3245 1371 3311 de

182 3349 238 3414 vin
259 3346 342 3412 nihil
369 3348 485 3412 attinet
507 3346 610 3412 dicere
634 3350 666 3411 et
688 3345 907 3432 exemplorum
928 3348 1022 3434 plens
1043 3355 1119 3414 sunt
1141 3352 1258 3415 omnin
1304 3346 1372 3415 Gur

183 3455 310 3516 tneeunt
331 3449 538 3536 interpretes,
563 3456 596 3515 et
618 3470 680 3535 quo
702 3456 795 3537 puoto
813 3451 937 3518 liditori
955 3453 1038 3518 nihil
1055 3454 1232 3520 suboluerit
1249 3473 1371 3538 nequeo

184 3558 263 3621 sutis
283 3556 404 3622 mirari.
450 3555 572 3621 Audies
592 3555 705 3621 modo:
729 3556 781 3621 καί
805 3556 843 3622 σύ
870 3562 934 3635 νῦν,
958 3554 979 3621 ὦ
1000 3558 1207 3636 Καλλίκλεις,
1230 3556 1370 3636 ὐμοιίτα·

181 3683 235 3726 τον
255 3659 353 3740 τούτιρ
378 3659 448 3747 (ulii
469 3658 599 3747 τούτοις)
619 3656 762 3739 ἐργάζει·
788 3659 993 3742 ἐγκωμιάζεις
1013 3660 1180 3741 άνθρύπους
1200 3654 1227 3727 οἰ
1245 3661 1369 3737 τούτους

182 3765 356 3849 εἰςίιικασιν
379 3765 568 3844 εὐωχοῦντες
587 3761 626 3831 ῶν
644 3763 812 3842 ἐπεθύμουν
833 3774 905 3830 ΚΑΙ
925 3774 1021 3831 em
1040 3765 1187 3844 μεγάλην
1204 3767 1260 3843 τίςν
1279 3767 1370 3834 πθλιν

182 3869 379 3944 πεποιηκίνοιι
410 3867 542 3939 αὐτούς·
577 3863 622 3932 ὅτι
653 3868 680 3932 δ’
711 3869 785 3935 οἰδεῖ
814 3871 934 3935 -οὐκ
968 3869 1172 3938 αἰσθάνονται.
1217 3873 1271 3938 An
1300 3872 1369 3940 ullo

180 3979 275 4060 poeto
304 3973 373 4040 fieri
402 3993 492 4058 posse
520 3979 614 4059 putes
642 3979 680 4038 ut
707 3969 734 4039 οἰ
757 3973 912 4042 εἰτιάιιασι
936 3977 991 4040 καί
1012 3981 1093 4058 φασι
1116 3988 1181 4042 non
1201 3978 1242 4043 de
1263 3977 1369 4043 ίιέάσιιν

182 4082 226 4146 sit
254 4075 495 4165 seeipieuduml
528 4078 621 4144 Nihil
643 4083 692 4144 est
714 4099 751 4144 eu
772 4083 928 4145 sententis
949 4081 1133 4159 absurdius,
1164 4081 1281 4159 istem,
1312 4083 1368 4148 sed

181 4184 280 4250 verbs
308 4187 354 4249 sie
384 4188 533 4268 concepte
566 4183 664 4250 elium
696 4187 989 4270 interpretationem
1022 4187 1146 4254 nullum
1179 4189 1366 4255 udmittunt.

182 4289 246 4356 Sed
277 4290 496 4374 transpositio,
528 4293 565 4353 ut
592 4288 700 4366 vides,
732 4311 860 4357 omnem
883 4290 1105 4358 difficultatem
1127 4314 1163 4359 uo
1185 4294 1367 4363 molentium

182 4396 328 4461 removit.
