3254 5034
709 1525 907 1577 —4—

254 1810 464 1878 catutttts
488 1814 632 1879 carmine
660 1814 703 1880 xt
728 1815 850 1881 amicos
875 1821 945 1900 post
968 1811 1029 1878 alia
1052 1831 1129 1877 nen
1154 1809 1401 1877 benedicta

209 1915 290 1984 haec
314 1917 438 2005 puellae
462 1917 587 1984 deferre
612 1920 715 1988 inbet:

349 2043 423 2090 nec
448 2044 578 2091 mcum
603 2035 831 2112 respectet
856 2034 899 2092 nt
922 2034 1019 2092 ante
1043 2043 1246 2101 amorem,

349 2131 421 2216 qui
443 2129 570 2196 illius
594 2130 718 2218 culpa
740 2132 903 2199 cecidit
928 2130 1045 2197 velut
1070 2131 1216 2217 prati

349 2234 495 2302 ultimi
519 2234 621 2314 llos,
646 2245 959 2325 praetereunte
982 2247 1209 2325 postquam

485 2350 628 2409 tactus
653 2353 799 2411 aratro
822 2352 897 2411 est.

258 2446 411 2533 Displicet
435 2445 524 2513 iteris
548 2451 665 2515 succisi
691 2458 723 2516 et
748 2452 979 2517 marcescentis
1004 2451 1110 2534 imago
1132 2446 1171 2513 ad
1193 2447 1400 2532 languentem

213 2562 269 2618 aut
298 2555 477 2619 extinctum
504 2575 646 2621 amorem
671 2555 784 2623 relata.
835 2555 936 2622 Habet
959 2576 994 2622 ea
1020 2576 1114 2620 suum
1137 2553 1242 2619 locum
1264 2573 1301 2618 ac
1322 2550 1402 2617 solet

214 2657 360 2724 adbiberi
394 2661 425 2724 in
456 2660 630 2726 miserabili
657 2663 782 2729 iuvenis
807 2664 980 2727 immature
1004 2671 1102 2746 atque
1126 2661 1157 2724 in
1183 2661 1298 2724 aetatis
1323 2655 1402 2722 llere

213 2765 337 2852 abrepti
372 2767 686 2834 commemoratione.
737 2768 778 2834 Et
812 2788 886 2833 vern
918 2766 957 2834 ad
983 2786 1053 2833 eam
1077 2785 1145 2831 rem
1177 2762 1401 2830 illustrandam

215 2869 293 2937 nibil
335 2871 530 2938 luculentius
563 2872 670 2939 ailerri
702 2883 806 2961 potest
835 2884 890 2939 ant
914 2872 998 2960 qnod
1022 2872 1124 2957 magis
1145 2873 1187 2936 sit
1208 2871 1401 2958 appositum.

213 2976 364 3044 Sedenim
405 2976 567 3045 lieris·et
600 2979 727 3046 invenis
756 2978 954 3058 similitudo,
1000 2997 1082 3065 quae
1121 2978 1153 3042 in
1190 2997 1226 3042 ea
1263 2977 1404 3061 imagine

214 3084 359 3148 animum
386 3084 532 3170 percellit
556 3095 588 3151 et
614 3093 737 3165 movet,
762 3106 823 3150 non
847 3087 879 3150 in
900 3105 938 3150 ec
959 3085 1060 3171 posita
1078 3091 1145 3162 est,
1163 3083 1248 3169 qnod
1268 3091 1404 3169 uterque

214 3190 355 3255 moritur
389 3201 421 3257 et
455 3191 587 3257 interit:
625 3211 698 3257 nam
736 3190 813 3277 quid
851 3212 913 3257 non
947 3191 1086 3256 moritur
1116 3198 1148 3255 et
1180 3210 1240 3255 non
1263 3188 1402 3254 interitl

214 3314 327 3361 nerum
362 3295 395 3360 in
425 3315 461 3362 en
491 3297 575 3383 qtrnd
602 3308 738 3383 uterque
765 3298 797 3362 in
823 3300 948 3384 primae
972 3298 1088 3363 aetatis
1112 3298 1218 3382 specie
1243 3306 1276 3361 et
1301 3295 1405 3360 suavi·

213 3409 280 3468 tate
312 3402 488 3468 immatura
520 3413 624 3470 morte
649 3404 743 3491 perit.
793 3402 882 3486 Quod
910 3403 1003 3488 lenge
1028 3423 1120 3469 secus
1149 3412 1217 3481 est,
1243 3403 1269 3467 si
1294 3399 1406 3467 eadem

214 3508 323 3594 imago
341 3507 382 3574 ad
402 3510 580 3575 extinctum
603 3530 744 3576 amorem
769 3509 997 3576 illustrandum
1021 3508 1225 3584 contemtum
1249 3508 1305 3594 qni
1327 3504 1406 3571 nibil

214 3633 289 3679 cnm
324 3613 401 3680 llere
430 3634 449 3680 a
480 3616 582 3703 stirpe
606 3616 722 3683 deiecti
747 3636 922 3683 commune
948 3615 1062 3692 babet,
1087 3626 1144 3681 ant
1168 3614 1253 3701 quod
1279 3633 1338 3701 par
1363 3612 1407 3678 sit

216 3727 248 3786 et
279 3719 402 3799 simile,
434 3721 497 3787 nisi
524 3722 607 3808 qued
641 3723 753 3789 interit
787 3732 943 3810 uterque,
977 3725 1063 3787 sicut
1098 3723 1263 3787 intereunt
1299 3728 1406 3785 cetera

215 3826 335 3891 omnia.

262 3932 401 4018 Scripsit
432 3932 511 3999 baec
545 3934 710 4014 Catullus,
747 3934 774 4000 si
807 3933 960 4002 audimus
994 3934 1049 4021 qui
1082 3931 1337 4019 prudentissime
1369 3928 1408 3996 tle

217 4039 287 4105 eins
319 4048 423 4105 aetate
455 4046 621 4119 statuunt,
660 4061 721 4105 non
756 4041 857 4107 multo
889 4049 963 4106 ante
989 4041 1072 4105 vitae
1099 4040 1215 4116 finem,
1244 4057 1319 4104 cnm
1344 4037 1409 4103 iam

217 4144 328 4209 morbo
358 4144 523 4211 laborabat
553 4154 585 4212 et
610 4156 746 4214 mortem
772 4146 998 4233 prospiciebat.
1048 4146 1125 4211 Eam
1152 4146 1296 4233 corperis
1323 4164 1410 4211 men-

218 4252 324 4336 tisque
356 4250 572 4318 conditionem
604 4273 735 4319 carmen
761 4255 936 4339 exprimet,
968 4252 995 4316 si
1021 4253 1116 4318 verbe
1140 4273 1238 4319 unam
1264 4252 1410 4320 litteram

218 4355 388 4425 demseris:
414 4359 485 4444 qni
511 4358 639 4426 illins
663 4358 791 4447 culpa
811 4369 930 4426 cecicit
956 4358 1222 4427 velut—ilos.
