3276 5006
288 322 331 386 74
793 342 981 390 1011111111.

287 508 353 575 lare
376 508 512 587 solebat,
538 508 688 576 Chalcide
711 509 862 577 Corintho
886 518 918 577 et
940 511 1157 589 Demetriade,
1188 515 1244 577 aut
1267 512 1390 577 bellum
1412 532 1482 578 con-

287 617 459 680 tinuarent.
484 613 624 679 Veniunt
642 618 677 680 in
695 614 849 682 Senatum
867 638 931 683 una
946 639 1021 683 cum
1032 619 1149 705 legatis
1160 620 1247 705 regIs
1257 617 1479 683 Macedonum.

288 720 358 786 Iam
388 722 406 805 ᾖ
440 719 481 786 12
512 720 551 786 de
588 723 732 807 uirisque
761 722 838 788 haec
876 722 1044 811 leguntur:
1080 724 1105 789 οῖ
1138 723 1195 800 μέν
1226 719 1275 789 οὖν
1305 725 1393 804 παρά
1423 727 1482 790 τῶν

288 825 441 899 Ἐλλήνων
465 825 610 906 πρέσβεις
630 832 734 893 ταῦτα
758 828 811 892 καί
835 828 952 900 τούτοις
975 830 1184 909 παραπλήσια
1208 829 1430 909 διελέχθησαν,
1455 832 1481 896 ol

289 932 321 997 δέ
345 931 432 1012 παρά
455 937 509 997 τοῦ
534 932 689 998 Φιλίππω
711 933 982 1013 παρεσκευάσαντο
1006 936 1062 1013 μέν
1080 937 1124 1007 oc
1150 934 1208 999 έπδ
1233 944 1362 1003 πλεῖον
1386 959 1480 1012 ποιη·

288 1037 449 1116 σθριενοι
474 1038 566 1111 τοὺς
590 1037 737 1117 λόγους
763 1040 800 1103 έν
822 1040 974 1119 άρχαῖς
998 1038 1026 1105 δ’
1051 1040 1191 1114 εὐθέως
1216 1042 1480 1120 ἐκωλύθησαν·

287 1144 482 1227 ἐρωτηθέντες
505 1146 569 1227 γάρ
590 1146 615 1209 εί
639 1150 857 1226 παραχωροῖσι
882 1146 1034 1217 Χαλκίδος
1058 1147 1111 1211 καί
1135 1149 1271 1227 Κορίνθου
1295 1148 1347 1214 καί
1374 1160 1481 1228 Δημη-

212 1280 215 1285 <
286 1251 424 1333 τριάδος,
448 1251 588 1316 άπεῖπαν
614 1251 770 1330 μηδεμίαν
794 1248 878 1332 ἔχειν
901 1252 1102 1332 περὶτούτων
1125 1254 1259 1329 έντολιίν.
1307 1250 1402 1321 Οὗτοι
1424 1257 1482 1333 μέν

285 1354 335 1423 οὖν
370 1355 692 1434 έπιτιμηθέντες
728 1355 804 1424 οὕτω
837 1358 1042 1423 κατέπαυσαν
1072 1358 1123 1422 τὸν
1159 1356 1263 1437 λάχον.
1318 1362 1363 1426 At
1391 1360 1482 1428 11111111

287 1469 355 1530 crat
385 1483 480 1529 causa
502 1484 559 1528 cur
581 1462 718 1529 Romani
740 1463 954 1530 Macedonum
974 1464 1098 1552 legatos
1120 1466 1381 1549 reprehenderent:
1412 1474 1481 1533 tan-

285 1569 454 1636 tummodo
485 1570 723 1656 impediverunt
745 1590 798 1635 eos
820 1573 991 1656 quominus
1012 1570 1190 1658 longiorem
1213 1571 1365 1637 haberent
1386 1575 1481 1639 orati·

285 1696 388 1741 onem.
424 1673 495 1740 Hoc
513 1696 589 1741 vero
613 1673 727 1743 Graeci
749 1675 860 1741 dicunt
882 1676 1072 1754 έπιτέμιειν,
1096 1682 1134 1741 ut
1153 1675 1356 1765 Francogalli
1375 1702 1481 1764 οοιιροε

285 1789 378 1847 corat.
436 1778 533 1846 Vides
566 1781 736 1846 librarium
768 1802 825 1866 pro
865 1790 1209 1847 ΕΠΙΤΜΗΘΕΝΤΕΟ
1245 1804 1343 1870 prono
1377 1805 1481 1852 errore

285 1890 447 1975 scripsisse
484 1895 853 1952 eanlMHOGNTec.
900 1886 971 1953 Lib.
1005 1887 1134 1968 XVIII,
1173 1886 1215 1952 13
1249 1890 1268 1977 §
1300 1888 1320 1953 5
1351 1911 1397 1977 sq.
1433 1896 1481 1957 est

287 1995 449 2080 quantivis
479 1994 576 2078 pretii
606 1992 694 2061 locus
725 1992 763 2058 de
790 1992 1008 2059 Romanorum
1031 1998 1210 2060 armatura:
1242 1995 1387 2070 τοιαύτης
1412 1998 1479 2078 περὶ

286 2100 342 2174 την
364 2097 532 2179 Φάλαχμα
555 2097 713 2170 διαθέσεως
739 2099 791 2163 καί
816 2099 945 2166 καθθλσυ
966 2099 1018 2164 καὶ
1039 2100 1124 2165 κατά
1144 2099 1232 2182 μέρος
1252 2100 1357 2178 σθσης,
1377 2102 1480 2183 ῥητέον

287 2205 326 2272 διν
348 2203 394 2279 είη
419 2204 471 2268 καὶ
494 2207 548 2268 τοῦ
569 2205 727 2282 Ῥωμαίων
745 2206 957 2283 καθοπλισμοῦ
981 2205 1033 2271 καί
1057 2214 1113 2280 της
1135 2201 1207 2282 θλης
1227 2207 1399 2285 συντάξεως
1418 2210 1478 2285 τάς

285 2311 441 2386 ίδιθτητας
473 2310 525 2374 καί
554 2309 704 2392 διαφοράς
736 2311 770 2377 ἐκ
801 2311 1015 2392 παραθέσεως·
1046 2308 1169 2380 ίσανται
1192 2314 1250 2390 μέν
1272 2309 1321 2380 οὖν
1345 2316 1376 2380 ἐν
1399 2316 1478 2397 τρισὶ

288 2417 358 2483 ποσί
394 2416 480 2495 μετά
514 2422 572 2480 τῶν
602 2412 704 2482 θ’πλαν
735 2417 788 2482 καί
820 2417 873 2498 (of.
904 2416 948 2483 29
979 2418 1054 2503 §2)
1088 2421 1252 2497 Ῥωμαῖοι·
1283 2429 1338 2496 τῆς
1365 2422 1479 2503 μάχης

285 2524 311 2589 δ’
332 2524 436 2596 αὐτοῖς
455 2524 528 2588 κατ’
547 2521 643 2604 ἄνδρα
665 2525 718 2599 την
741 2524 855 2600 κίνησιν
877 2522 1102 2602 λαμβανούσης
1123 2524 1174 2589 διά
1197 2524 1232 2590 τὸ
1252 2528 1294 2607 τῷ
1313 2528 1371 2605 μέν
1387 2530 1479 2613 θυρεῷ

286 2630 410 2696 σκέπειν
444 2630 478 2694 τὸ
512 2636 604 2708 σῶμα
639 2628 962 2709 συμμετατιθεμένους
995 2632 1043 2695 olel
1077 2631 1147 2711 πρὸς
1180 2634 1231 2698 τδν
1263 2641 1319 2708 τῆς
1352 2641 1479 2713 πληγῆς

231 2804 236 2811 ,
284 2734 407 2818 καιρθν,
440 2746 479 2818 τῇ
502 2735 653 2819 μαχαίρης
676 2734 702 2799 δ’
727 2736 761 2800 έκ
784 2739 1028 2817 καταφοραῖς
1051 2735 1103 2800 καὶ
1127 2728 1361 2819 διαιρέσεως
1386 2750 1479 2807 ποιεῖ·

283 2844 352 2909 σθαι
383 2844 439 2917 την
469 2840 599 2922 μάχην,
632 2843 786 2922 προφανές
817 2836 862 2906 θτι
886 2842 1051 2924 χάλασμα
1082 2844 1133 2909 καὶ
1158 2842 1300 2911 διάτασιν
1331 2848 1479 2924 άλλιίλωι

283 2947 367 3029 έχειν
399 2949 498 3023 δειίσει
522 2949 591 3021 τοὺς
617 2946 726 3028 άνδρας
751 2946 900 3027 έλάχιςον
923 2956 1002 3028 τρεῖς
1026 2949 1124 3022 πθδας
1152 2951 1226 3016 κατ’
1249 2951 1401 3028 έπιςάτην
1424 2957 1478 3022 καί

282 3053 486 3136 παρασάτην,
499 3057 525 3119 εί
543 3053 708 3131 μέλλουσιν
726 3055 897 3134 εὐχρηςεῖν.
923 3053 1008 3134 Quid
1018 3057 1062 3119 sit
1073 3053 1234 3135 μάχεσθαι
1253 3064 1288 3124 έκ
1308 3058 1477 3141 διαιρέσεως

282 3161 369 3227 haud
398 3159 491 3225 facIIe
518 3159 635 3226 dixeris
642 3179 651 3238 ;
684 3162 853 3246 quominus
876 3162 963 3224 enim
985 3159 1023 3225 de
1038 3164 1176 3245 punctim
1198 3167 1369 3252 pugnando
1392 3171 1479 3256 cogi-

273 3272 405 3343 .temus,
436 3267 512 3350 quia
540 3273 654 3331 notum
688 3271 736 3331 est
766 3265 926 3331 Romanos
955 3266 1073 3353 gladiis
1102 3273 1171 3334 iam
1197 3274 1344 3355 punctim
1377 3294 1476 3358 quam

280 3375 399 3440 caesim
428 3392 501 3437 usos
532 3392 614 3450 esse,
648 3371 797 3457 prohibet
828 3377 859 3437 et
889 3371 1021 3461 linguae
1052 3371 1190 3441 Graecae
1220 3382 1252 3442 et
1281 3380 1383 3463 ipsius
1411 3378 1476 3445 loci

279 3482 378 3558 ratio,
412 3479 561 3564 quoniam
589 3477 721 3564 planum
744 3483 792 3542 esi
814 3498 933 3565 magna
954 3477 1013 3544 Illa
1034 3480 1236 3569 singorlorum
1258 3482 1405 3549 militum
1427 3485 1475 3550 di·

279 3587 397 3652 stantia
426 3605 489 3650 non
518 3602 597 3669 opus
619 3583 717 3648 fiaisse
740 3585 772 3647 in
795 3584 965 3674 pungendo
988 3585 1044 3651 scd
1066 3588 1100 3649 in
1122 3588 1288 3654 caedendo.
1335 3588 1371 3653 In
1393 3612 1475 3678 pug-

279 3691 383 3757 nando
406 3696 515 3758 eutem
538 3694 654 3757 caesim
677 3692 873 3776 respicienda
896 3697 944 3757 cst
963 3691 1080 3777 duplex
1099 3695 1201 3759 actio:
1225 3695 1328 3784 gladii
1345 3698 1475 3764 ιιιθίσθῖο

278 3803 311 3865 ei
333 3798 469 3862 θεαθινῖο
492 3800 526 3862 in
549 3818 661 3883 corpus
684 3797 865 3863 adversarii.
912 3796 983 3863 Hoc
1007 3795 1136 3864 Graecis
1160 3804 1210 3883 esi
1229 3803 1418 3885 καταφέρειν
1441 3809 1475 3869 et

278 3902 466 3984 καταφορά,
497 3902 580 3969 illud
610 3902 775 3985 διαίρεσθαι
799 3908 832 3968 et
855 3901 986 3985 δίαρσις,
1018 3905 1102 3970 undo
1124 3903 1162 3973 fit
1183 3912 1222 3972 ut
1244 3909 1327 3995 quod
1349 3909 1474 3977 Latinis

278 4016 326 4075 esi
352 4010 459 4074 οοσιῖιιι
479 4009 564 4095 apud
581 4008 758 4097 Polybium
779 4009 875 4075 modo
898 4010 932 4073 έκ
954 4016 1140 4091 καταφοράς
1162 4012 1304 4091 dicatur,
1327 4014 1421 4083 modo
1438 4014 1474 4079 έκ

279 4114 435 4197 διάρσεως.
483 4114 555 4181 Hoc
578 4121 686 4181 tamen
707 4114 791 4193 Ioco,
816 4115 873 4179 ubi
896 4117 1092 4203 respicienda
1115 4123 1183 4183 erat
1205 4118 1323 4203 duplex
1344 4118 1403 4186 illa
1424 4140 1475 4185 aa·

277 4223 342 4299 tio,
378 4241 472 4287 nemo
502 4222 675 4288 mirabitur
703 4242 757 4287 me
786 4220 936 4289 historico
965 4222 1113 4291 reddere:
1147 4233 1186 4305 τη
1216 4224 1366 4309 μαχαίρρ
1389 4224 1415 4290 δ’
1437 4224 1473 4290 έιι

277 4330 460 4408 καταφοράς
488 4327 539 4391 καί
565 4328 759 4408 διάρσεσις
784 4329 934 4391 ποιεῖσθαι
958 4329 1013 4402 την
1035 4329 1156 4410 μάχην.

323 4432 460 4496 librarii
482 4430 658 4518 Polybium
675 4432 776 4499 fecere
795 4430 951 4497 dicentem
973 4438 1166 4501 contrarium
1184 4436 1253 4501 eius
1269 4435 1353 4521 quod
1369 4434 1474 4503 voluit
