3340 5014
259 332 321 395 168
654 343 891 394 oasrnviruouns
911 344 1047 392 carrucis
1111 304 1115 311 ’

255 628 302 687 est
338 620 448 703 ἐτήρει.
497 620 666 688 Praeterea
710 620 795 689 haud
831 625 897 690 scio
933 642 973 687 an
1010 624 1119 689 minus
1153 631 1240 688 recte
1282 622 1445 689 scribatur

255 725 373 801 κοίλλος
398 726 471 808 ὑπὲρ
490 725 651 811 οίνὺρωπον.
688 727 891 796 sitentium
914 728 1139 811 ὑπεροίνίρωποι
1159 725 1245 813 apud
1267 727 1445 796 httoianum

257 833 289 901 ui
324 831 417 898 iatius
451 832 621 920 aliquoties
654 833 720 901 uidi
752 847 785 904 et
821 835 873 901 hic
902 855 1030 923 quoque
1062 833 1172 900 malim
1204 832 1321 909 κοίλλοο
1353 833 1446 909 οὑτως

256 937 574 1022 ὑπεράνθρωπον.
623 938 704 1007 Nlud
727 950 815 1009 certe
839 948 965 1008 constat
990 941 1187 1007 recentiores
1210 938 1268 1007 hoc
1289 940 1448 1028 adiectiro

257 1063 333 1110 usos
358 1044 477 1123 tuisse,
511 1046 619 1133 itaque
650 1045 777 1133 longius
801 1046 937 1114 fortasse
961 1045 1232 1136 progrediendum
1256 1049 1374 1115 enitet
1399 1050 1448 1116 vi·

258 1148 400 1217 dandum
436 1171 514 1218 num
548 1152 714 1238 scripserit
746 1152 920 1241 Xenophon
950 1152 1111 1241 Ephesius
1140 1154 1448 1239 μανικωτέραν
1562 1188 1571 1205 ·

257 1257 452 1339 σωφροσύνης
483 1258 576 1340 ὑπὲρ
606 1267 804 1337 γυναῖκας
835 1259 971 1342 εὑρίσκω.
1019 1260 1135 1326 ddirtun
1166 1259 1226 1326 hoc
1258 1259 1386 1326 ridetur
1416 1269 1449 1327 et

258 1361 325 1429 iere
350 1362 459 1430 malim
492 1364 831 1447 ὑπερρνναίκοως.
879 1363 1045 1453 Nusquam
1079 1364 1221 1432 iocorum
1251 1364 1446 1453 adjectivum

259 1469 480 1551 ὑπερριίναικοι
505 1472 688 1549 invenitur,
711 1469 767 1538 sed
792 1492 853 1537 non
880 1469 970 1537 rideo
994 1491 1053 1537 cur
1077 1470 1240 1539 abstinere
1264 1471 1448 1551 debuerint,

258 1575 312 1662 qui
334 1575 559 1660 ὑπεροίνὺρωπος
578 1584 784 1666 usurparent.
820 1577 1012 1645 Rectissime
1027 1576 1149 1644 dicitur
1169 1579 1448 1659 ὑπερίεμιςοκλῆς,

260 1683 513 1765 ὑπερσωκροίτης,
540 1683 803 1767 ὑπερευρὺβατος·
828 1684 901 1770 quis
925 1683 1116 1751 credidisset
1141 1684 1204 1750 uisi
1237 1704 1321 1751 unus
1343 1694 1377 1752 et
1401 1705 1449 1752 so·

259 1787 311 1856 ius
333 1789 535 1880 Phrynichus
558 1811 612 1858 eas
632 1811 725 1858 voces
744 1799 904 1857 servasset
923 1788 1007 1876 apud
1026 1790 1205 1857 Bekirerum
1227 1790 1258 1857 in
1277 1788 1450 1858 Aneodotis

261 1916 292 1983 p.
315 1898 370 1964 67.
403 1899 454 1965 20.
503 1897 540 1965 In
582 1898 727 1964 oratione
751 1894 906 1963 aduersus
930 1896 1083 1964 Neaeram
1111 1899 1196 1981 §89
1219 1894 1339 1981 legitur
1363 1897 1450 1979 ὑπερ·

260 1998 486 2086 εξακισχίλοοι·
538 2003 593 2069 ἐὰν
642 2005 686 2083 pais
722 2002 1004 2084 ὑπερεξακισχίλιοι
1037 2003 1202 2078 Ἀθηναίων
1238 2003 1449 2084 ψηφίσωνται.

260 2104 444 2193 Numquam
471 2108 604 2195 probare
630 2109 718 2194 potui
743 2107 826 2195 apud
853 2108 979 2177 Isaeum
1003 2109 1034 2173 in
1060 2109 1203 2175 oratione
1227 2106 1266 2173 de
1291 2106 1450 2175 Philocte·

261 2213 366 2280 monis
390 2212 568 2282 hereditate
592 2217 610 2302 §
636 2219 693 2281 lt:
725 2223 764 2299 τῇ
787 2215 845 2294 μὲν
875 2215 939 2296 γὰρ
963 2219 1093 2298 sperui,
1123 2214 1185 2296 ὑφ’
1208 2208 1241 2279 οὑ
1266 2210 1452 2290 ἐξέπλευσεν

259 2320 303 2393 είς
328 2320 493 2402 Σικελίαν,
519 2321 574 2400 ἤδη
599 2322 644 2393 ἐς)
675 2320 725 2389 tto
751 2322 803 2388 καί
828 2322 1004 2398 πεντήκοντ’
1028 2320 1103 2399 ἔτη,
1127 2320 1170 2402 τῷ
1194 2318 1226 2385 ὑὶ
1254 2320 1451 2403 πρεσβυτέρῳ

261 2422 375 2492 τούτων
404 2424 486 2493 οὑτω
520 2429 616 2510 ὑπὲρ
655 2428 805 2496 είκοσιν
837 2425 903 2506 ἔτη.
958 2426 1022 2493 Gur
1051 2424 1163 2491 malim
1202 2444 1265 2491 uno
1297 2425 1451 2492 vocabulo

261 2532 518 2614 ὑπερείκοοιν
549 2533 712 2614 scribere,
746 2534 872 2600 seritius
904 2552 921 2599 a
954 2532 1056 2619 perito
1089 2528 1207 2621 lectore
1241 2532 1354 2599 sentiri
1398 2550 1451 2618 po·

263 2646 342 2716 test,
366 2658 463 2724 quam
492 2641 717 2728 imperitorum
746 2642 776 2706 in
799 2640 937 2726 gratiam
960 2637 1066 2703 rerhis
1089 2635 1258 2703 declarari.
1307 2635 1451 2724 Denique

262 2743 377 2812 addam
414 2743 520 2812 locum
556 2766 594 2815 ex
636 2745 860 2814 henrosthenis
898 2744 1041 2811 oratioue
1073 2741 1229 2809 adversus
1258 2740 1451 2810 Eubulidern

262 2853 364 2938 §102
402 2851 537 2931 συνέβη,
569 2852 659 2927 ἡνίκα
689 2853 802 2931 τοὺμὺν
830 2850 925 2929 ὄνομα
958 2852 1121 2929 ἐκαλεῖτο,
1146 2849 1254 2926 σκίτορ
1277 2845 1355 2918 εἶναι
1379 2849 1452 2929 ἤδη·

261 2954 315 3021 καί
346 2954 410 3037 γὰρ
440 2950 475 3031 ἦν
511 2957 601 3040 περί
637 2955 856 3037 ίξηκοςίν,
899 2955 951 3022 καὶ
988 2956 1116 3032 ἕκλιίὺην
1145 2953 1258 3032 ὕπατος
1294 2954 1452 3024 οίπιίντων.

264 3059 399 3128 Edoceri
423 3064 519 3150 cupio
542 3083 583 3131 an
604 3072 712 3132 orator
732 3062 908 3152 quidquam
927 3060 1004 3128 dare
1023 3063 1164 3149 potuerit
1189 3072 1317 3151 praeter
1340 3064 1453 3144 ὑπερ-

264 3164 469 3246 εξηκυσίσ.

308 3273 413 3341 Nimis
437 3274 573 3343 tortasse
597 3273 820 3364 imprudenter
840 3272 1002 3341 nonnuliis
1022 3272 1189 3358 scripsisse
1209 3272 1340 3340 videbor
1363 3271 1453 3353 ὑπερ·

264 3378 415 3464 σίυίρωπος
447 3389 479 3449 et
514 3381 735 3464 ὑπεργὺναικσς
759 3389 792 3448 ei
816 3380 1016 3462 ὑπερείκοσιν·
1042 3378 1150 3464 itaque
1174 3379 1285 3464 siqua
1306 3378 1337 3443 iu
1357 3396 1395 3444 ee
1420 3395 1455 3445 re

266 3486 359 3575 culpa
396 3495 464 3567 est,
499 3486 656 3556 redimam
689 3486 751 3554 alia
783 3487 1001 3566 correctione,
1031 3503 1114 3571 quae
1147 3482 1291 3550 ciusdem
1323 3481 1454 3570 quidem

266 3597 399 3681 generis
431 3602 480 3663 est
508 3594 565 3662 sed
595 3602 702 3662 tamen
734 3592 820 3660 haud
857 3611 970 3681 parurn
1007 3589 1197 3658 evidentior.
1245 3589 1348 3657 Verba
1379 3594 1480 3656 sunt·

267 3700 428 3768 Heliodori
455 3721 484 3788 p.
509 3704 586 3769 598.
618 3705 682 3767 26:
715 3699 921 3781 sciopodum
950 3698 1002 3765 ὑπ’
1025 3695 1209 3781 ἀμφοτέρων
1231 3694 1457 3779 ςασιαζομίνηη

267 3805 321 3874 καί
345 3807 417 3890 πρὸς
441 3805 584 3890 ἑκατέρου
608 3804 748 3889 καίοίπερ
772 3805 838 3873 ὑπὺ
863 3803 990 3872 σοίλου
1020 3802 1279 3883 μετασπωροίνης.
1328 3801 1456 3871 nertio

271 3931 347 4000 pum
372 3932 429 3979 res
461 3913 492 3978 in
523 3932 560 3979 eo
583 3921 633 3979 est
658 3920 694 3978 ut
717 3909 814 3977 filiam
840 3917 1014 3996 agnoscat:
1042 3930 1133 3977 mens
1156 3911 1228 3977 eius
1252 3909 1397 3994 agitatur
1424 3913 1458 3974 et

269 4020 477 4098 ριετοοοπίίται
507 4017 580 4100 πρὺς
610 4016 771 4099 ἐκατέρου,
805 4017 825 4083 i.
846 4038 885 4094 e.‚
911 4025 944 4081 ut
968 4024 1122 4104 apparet,
1151 4015 1224 4099 πρὸς
1247 4018 1396 4097 πατρικοῦ
1419 4037 1456 4081 τε

269 4122 384 4197 ποίὺονρ
419 4123 472 4190 καί
509 4123 643 4208 ὑνὺρείον
677 4125 829 4204 λήματος.
876 4122 1035 4189 Neutrum
1068 4130 1118 4189 sat
1150 4130 1236 4189 recte
1263 4120 1360 4193 σιίλοο
1391 4116 1455 4184 diui

270 4235 377 4316 potest
410 4236 469 4296 out
501 4251 576 4298 oum
611 4251 649 4299 eo
684 4229 865 4317 comparari
895 4236 993 4316 atque
1024 4236 1207 4317 praeterea,
1242 4225 1326 4313 quod
1358 4241 1456 4309 supra

272 4333 417 4410 ostendi.
451 4334 515 4403 aiio
547 4336 642 4405 modo
672 4335 862 4404 Heliodorus
886 4337 991 4405 utitur
1012 4328 1295 4421 coniunctionibus
1317 4327 1457 4412 καὺιίτορ

272 4446 304 4505 et
327 4436 437 4523 ὥσπερ.
486 4442 627 4531 diequinti
651 4440 864 4511 ὑποσοίλου.
