3296 5022
555 356 599 403 au
622 322 798 403 rnmounm
821 354 943 401 umauu
966 356 998 401 x.
1248 368 1254 381 ·
1331 334 1373 401 33

178 527 230 592 καὶ
261 524 436 606 ἐγχάσκειν
458 520 513 589 εἶθ’
545 525 736 590 ύποκιναδεῖν
767 524 818 590 καί
843 527 987 591 διανεύειν
1012 525 1119 596 ἀλλοις
1152 527 1205 591 καί
1230 528 1372 605 ἀνακαγ·

177 632 305 713 χάζειν.
341 637 374 698 et
395 631 488 717 plura
511 631 562 696 his
592 630 730 709 similia,
763 652 843 717 quae
870 632 910 696 ad
936 632 1074 698 formam
1096 638 1155 697 τῶν
1188 633 1372 714 Θεοφράςου

178 738 382 820 χαρακτήρων
416 759 513 824 quam
547 740 691 824 proxime
726 739 880 804 accedunt
910 740 973 803 nisi
1007 738 1092 824 quod
1126 737 1231 804 multo
1265 742 1374 804 minus

97 906 101 915 ,
177 845 285 930 lepida
318 849 351 911 ot
383 833 518 912 venusta
552 848 626 910 sunt
660 865 760 930 noque
783 850 852 909 tam
882 846 963 911 scita
996 851 1029 910 et
1059 846 1198 933 eleganti
1232 864 1374 912 sermone

179 954 305 1038 scripta.

224 1059 473 1144 Nonnumquam
503 1064 611 1123 tamen
646 1059 690 1134 is,
727 1061 782 1142 qui
809 1079 848 1123 ex
878 1056 1095 1143 Theophrasto
1128 1060 1213 1144 ipsas
1247 1078 1376 1124 morum

179 1169 355 1234 notationes
379 1166 535 1251 excerpsit
557 1166 741 1249 caeteraque
762 1166 916 1241 resecuit,
940 1186 1038 1231 unam
1065 1170 1097 1231 et
1120 1164 1254 1231 alteram
1273 1165 1373 1231 'l'heo

179 1275 303 1362 phrasti
332 1273 585 1339 observationem
614 1271 649 1335 in
682 1290 740 1335 sua
773 1270 931 1356 llxcerpta
960 1271 1134 1336 transtulit.
1179 1270 1268 1338 Haec
1289 1293 1376 1338 nunc

180 1380 245 1446 fere
273 1380 367 1444 rideo
390 1399 409 1444 a
431 1378 563 1443 caeteris
589 1379 680 1462 quasi
702 1379 842 1464 genuina
871 1397 934 1442 non
964 1379 1028 1442 sint
1050 1378 1195 1466 seiungi,
1228 1376 1283 1442 sed
1305 1379 1375 1462 ipsa

181 1483 343 1574 cogitandi
375 1487 407 1548 et
436 1483 562 1549 dicendi
591 1482 695 1549 forma
731 1481 911 1548 incredibili
940 1480 1046 1567 lepore
1076 1482 1203 1548 condita
1234 1483 1287 1547 καὶ
1319 1482 1375 1557 τήν

180 1591 327 1667 Ἀττικήν
349 1588 442 1670 χοίριν
463 1587 659 1654 ἀποπνέουσαν
682 1587 937 1673 Theophrastum
959 1593 1121 1654 auctorem
1139 1588 1233 1653 facile
1251 1589 1374 1677 arguit,

182 1703 219 1764 ut
240 1699 275 1762 in
297 1717 364 1783 cap.
385 1694 410 1760 I.
434 1693 582 1767 τίιαύτας
606 1693 713 1772 φυνάς
737 1694 790 1758 καί
814 1693 935 1764 πλοκάς
959 1694 1012 1759 καὶ
1044 1692 1258 1772 παλιλλογίας
1282 1695 1375 1773 εὑρεῖν

182 1800 227 1872 ἔτι
250 1807 307 1868 τοῦ
329 1800 461 1882 είρυνος·
485 1800 528 1866 τά
552 1799 587 1875 δή
611 1805 669 1864 τῶν
689 1801 764 1876 ήύῶν
784 1802 829 1878 μή
852 1801 944 1865 ἀπλά
968 1801 1045 1865 ἀλλ’
1069 1800 1225 1878 ἐπίβουλα
1248 1798 1375 1881 φυλάτ-

181 1910 289 1976 τεσίαι
313 1912 436 1986 μᾶλλον
460 1908 509 1974 δεῖ
529 1907 546 1983 ἢ
568 1906 639 1980 τοὺς
664 1903 768 1987 ἔχεις.
796 1911 828 1972 et
850 1910 885 1972 in
905 1927 972 1992 cap.
996 1906 1053 1972 ΠΙ.
1079 1906 1317 1987 παρασείσαντα
1341 1907 1376 1982 δή

183 2016 231 2082 δεῖ
259 2015 329 2087 τοὺς
360 2014 512 2087 τοιούτους
539 2020 598 2080 τῶν
625 2013 786 2094 ἀνθρώπων
817 2015 869 2079 καί
902 2013 1083 2094 διαράμενον
1113 2012 1377 2079 ἀπαλλάττεσύαι

181 2119 244 2195 ίςις
270 2119 420 2201 ἀπύρετος
450 2119 600 2198 βούλεται
639 2115 732 2186 εἶναι.
757 2125 790 2186 et
812 2121 847 2186 in
869 2141 936 2207 cap.
960 2118 1013 2185 VL
1037 2120 1176 2201 ἐργώδεις
1204 2121 1230 2186 δ’
1252 2120 1328 2186 είσίυ
1352 2123 1377 2186 οί

182 2227 217 2294 τὸ
249 2225 333 2306 τίμα
364 2225 490 2292 εύλυτον
520 2226 647 2309 ἔχοντες
679 2228 722 2300 είς
755 2226 903 2308 λοιδορίαν
933 2227 986 2292 καὶ
1010 2225 1222 2309 φθεγγόμενοι
1247 2225 1378 2310 μεγάλή

182 2343 221 2409 τή
244 2340 331 2417 φωνή
361 2331 587 2414 ύςεσυνιρχεῖν
618 2334 724 2405 αὐτοῖς
747 2334 802 2409 τήν
831 2334 949 2413 ἀγοράν
977 2333 1028 2398 καί
1060 2334 1103 2399 τά
1126 2334 1313 2414 ἐργαςήρια.
1346 2340 1379 2401 et

182 2443 216 2506 in
233 2462 300 2526 cap.
318 2438 405 2505 VIII.
427 2446 486 2505 τῶν
509 2439 829 2520 scenofactoriam
851 2438 1038 2519 τεθαύμακα
1058 2442 1089 2505 τί
1110 2463 1186 2505 ποτε
1209 2438 1376 2518 βούλονται

131 2598 138 2608 ,
183 2548 430 2624 λογοποιοῦντες·
475 2546 508 2612 ού
543 2546 607 2626 γάρ
642 2545 730 2624 μίνον
770 2545 936 2625 ψεύδονται
970 2548 1059 2612 ἀλλά
1097 2546 1150 2611 καί
1187 2547 1376 2616 ἀλυσιτελῶς

182 2651 461 2717 ἀπαλλάττουσιν·
493 2650 647 2724 πολλάκις
678 2651 740 2730 γάρ
771 2652 871 2715 αὐτῶν
906 2653 932 2716 οί
959 2653 1016 2731 μὲν
1047 2653 1078 2717 ἐν
1107 2659 1170 2723 τοῖς
1195 2650 1374 2728 βαλανείοις

183 2756 357 2838 περιςάσεις
389 2758 558 2835 ποιούμενοι
582 2755 736 2835 ίαιμάτια
769 2756 1049 2835 ἀποβεβλήκασιν,
1077 2759 1102 2822 οί
1131 2758 1158 2822 δ’
1189 2758 1219 2821 ἐν
1250 2767 1289 2841 σή
1316 2765 1373 2841 sori

183 2863 367 2948 πεζομαχία
390 2863 443 2929 καί
468 2866 636 2948 ναυμαχία
659 2871 798 2940 νικῶντες
822 2867 947 2947 ἐρήμους
972 2863 1058 2935 δίκας
1083 2863 1283 2946 ύφλήκασιν·
1316 2865 1374 2930 etet

182 2972 208 3037 δ’
232 2963 259 3037 oi
282 2971 334 3036 καί
358 2970 464 3043 πόλεις
487 2971 530 3051 τῷ
554 2971 640 3052 atyn
663 2974 750 3039 κατά
769 2972 878 3054 κράτος
904 2974 1056 3053 αἱροῦντες
1077 2970 1374 3053 παρεδειπνήύήσαν.

182 3098 262 3163 quac
285 3079 393 3143 omnia
414 3079 462 3142 ita
491 3076 633 3144 redolent
663 3085 696 3145 et
723 3082 880 3166 recipiunt
902 3081 1045 3146 Atticam
1066 3080 1191 3168 ingenii
1220 3079 1375 3144 festivita·

157 3191 248 3251 'tem
272 3190 305 3251 et
327 3184 476 3249 dictionis
498 3186 624 3251 Atticae
642 3185 765 3272 lepores
787 3207 978 3273 veneresque
1000 3187 1046 3252 sic
1065 3185 1204 3251 referunt
1222 3186 1375 3273 gratiam·

153 3312 242 3376 ·que
276 3292 397 3376 spirant
426 3297 464 3355 ut
497 3290 672 3357 absurdum
704 3297 747 3359 sit
781 3295 963 3361 existimare
997 3291 1075 3357 haec
1110 3291 1148 3357 ab
1183 3290 1246 3356 alio
1278 3311 1375 3377 quam

181 3420 201 3463 a
223 3397 440 3482 Theophrasto
461 3399 509 3462 ita
530 3397 626 3464 scribi
648 3401 798 3484 potuisse.
1008 3469 1016 3488 ,

227 3503 306 3585 Quis
339 3508 463 3588 praeter
495 3504 722 3583 Athenienses,
757 3509 795 3570 ut
824 3506 884 3571 hoc
919 3504 986 3571 solo
1016 3509 1104 3581 utar,
1139 3507 1271 3569 noverat
1300 3502 1378 3587 quid

181 3614 263 3677 esset
286 3610 564 3690 ταραδειπνκίήναι
587 3615 620 3675 et
641 3632 710 3676 rem
740 3611 898 3677 ludicram
920 3615 990 3675 tam
1020 3611 1124 3675 iocoso
1151 3608 1247 3674 verbo
1271 3607 1376 3694 appel·

180 3712 316 3782 litabat?
350 3714 481 3782 Praeter
502 3715 758 3801 Theophrastum
782 3738 884 3782 unum
915 3720 1030 3782 testem
1060 3714 1157 3779 habet
1179 3713 1376 3800 Amphidem

181 3819 351 3888 (lominum
373 3823 529 3888 Athenaei
551 3843 625 3910 pag.
651 3820 717 3888 423
740 3825 778 3888 Α.

453 3926 784 4008 παραδεδειπνημένοι,
809 3928 936 4004 παῖδες,
966 3926 1086 3993 πάλαι.

180 4039 219 4098 ut
240 4035 275 4097 in
297 4033 408 4099 Plauti
431 4018 831 4100 Mmctmo‘penicfflus
852 4032 909 4099 HJ.
935 4034 972 4111 1,
999 4031 1060 4097 13:

292 4140 321 4203 si
343 4140 379 4203 ίά
400 4140 446 4203 ito
468 4146 623 4204 essetnec
647 4162 697 4221 epo
718 4140 805 4205 hodic
819 4140 1019 4224 ροοάίάιῗοιεοα
1035 4140 1208 4224 praedicor.

181 4241 301 4313 Graece
323 4245 459 4312 dixeris:

386 4353 420 4431 ού
444 4350 507 4433 γάρ
531 4353 597 4419 ποῖ’
621 4349 714 4427 οὕτως
736 4352 775 4420 ἀν
798 4353 1037 4434 παρεδειτνήίκν
1061 4353 1134 4431 ἕγοί.

181 4457 275 4524 Nune
298 4459 338 4525 ad
361 4460 446 4545 ipsos
469 4467 672 4539 Χαρακτῆρες
697 4459 892 4526 accedamus.

1149 4571 1165 4615 3
