3296 5022
278 329 320 397 38
713 348 756 395 sn
779 345 1044 396 annornnssrma

277 518 340 585 κιςί
370 519 520 584 dicuntur
549 530 603 594 τῆς
635 522 733 596 αὐτῆς
766 520 842 586 ὀδοῦ.
894 515 1006 602 ltaque
1038 517 1145 598 inepte
1175 511 1337 579 abundans
1360 508 1474 586 παριών

279 623 484 706 expellemus.
531 624 621 691 Idem
643 626 722 692 olim
750 622 955 691 Oasaubonus
976 623 1112 685 iusserat
1119 665 1128 696 ,
1161 619 1215 684 sed
1237 638 1331 683 nemo
1354 617 1476 701 optime

277 732 420 793 monenti
443 731 683 815 obtemperavit.
732 730 818 795 Audi
841 731 967 814 ipsum:
1003 749 1065 804 „ea
1094 723 1286 809 Theophrasti
1308 722 1405 787 vadia
1420 743 1475 804 po

278 842 334 898 teet
357 834 424 900 sine
447 835 562 901 damno
595 840 769 902 sententiae
798 830 896 899 αίὲιισ
918 857 975 899 νυνι
995 833 1118 912 παριών.
1144 854 1179 894 cc
1195 851 1294 914 ραιινσ
1314 827 1407 892 illam
1429 829 1475 890 in·

280 940 456 1005 ducendam
488 942 659 1006 σινκιισνίικ.
706 942 786 1008 Nara
809 941 854 1005 ita
877 940 960 1025 toqui
981 940 1076 1003 solent
1097 937 1254 1019 scriptores
1276 933 1389 998 Attici:
1419 940 1474 1005 πιῑι

283 1048 379 1119 αὐτῆς
400 1048 484 1113 ὁδοῦ,
505 1048 643 1133 iuquam,
666 1070 743 1126 ιισπ,
769 1048 880 1126 παριὼν
896 1055 952 1120 τῆς
975 1047 1072 1117 αὐτῆς
1089 1042 1183 1108 teos?
1200 1040 1313 1107 deindo
1332 1038 1478 1125 exempla

281 1154 421 1235 apponit.
469 1150 643 1234 Verissima
671 1151 749 1217 haec
778 1153 886 1216 omnia
908 1154 983 1215 sunt
1004 1154 1037 1214 et
1059 1150 1236 1213 rectissime
1258 1148 1402 1212 monenti
1423 1166 1476 1230 pa·

285 1257 430 1320 rendum.

327 1365 509 1428 Atticorum
532 1365 710 1429 imitatores
735 1382 976 1447 nonnumquam
999 1365 1032 1426 et
1055 1363 1118 1446 ipsi
1140 1366 1195 1433 τῆς
1219 1362 1317 1433 αὐτῆς
1343 1357 1408 1422 ὁδοῦ
1432 1358 1477 1422 di·

284 1468 413 1543 cebant,
450 1472 488 1531 nt
518 1469 673 1534 Aristides
704 1467 795 1534 Tom.
827 1467 868 1532 Π.
904 1489 978 1555 pag.
1013 1466 1089 1532 502.
1121 1473 1192 1541 τῆς
1226 1466 1354 1539 αὐτῆς
1389 1463 1477 1529 tlon

285 1573 382 1647 δηλῶν
404 1571 450 1637 ίσι
475 1575 526 1637 καί
553 1574 668 1655 ἑτέρσνς
692 1577 867 1647 ἀπεκτονὼς
890 1574 957 1651 εἴη,
983 1575 1061 1638 satis
1083 1574 1207 1656 inepte,
1231 1570 1396 1648 uirides,
1421 1590 1479 1655 pro

284 1679 387 1755 ινικιιί,
413 1676 495 1756 νίκα.
543 1680 651 1747 Multo
673 1682 790 1747 melius
813 1680 1005 1753 scholiastes
1028 1679 1069 1745 ad
1090 1676 1204 1765 Odyss.
1228 1676 1272 1741 Η.
1296 1676 1350 1742 29.

290 1775 301 1845 ſs
398 1787 508 1867 παίγαρ
533 1788 594 1866 ἐγώ
619 1811 682 1863 παι,
706 1786 785 1865 ξεῖνε
810 1788 928 1867 πιίσιρ,
952 1787 1042 1863 δίκαν
1065 1781 1097 1849 dr
1121 1809 1162 1862 ραι
1187 1784 1322 1868 κελεύεις

401 1890 486 1967 δείξω
511 1893 581 1958 ἐπεί
602 1917 653 1969 μοι
678 1893 794 1973 πατρὸς
818 1893 975 1970 ιὶμιίαινις
1000 1891 1111 1970 ἐγγύθι
1135 1892 1222 1956 ναίιι.

287 2000 468 2062 annotavit:
490 1998 693 2077 προσαγωγὸν
714 1998 804 2063 πιίνν.
826 2002 859 2064 οὐ
880 2001 943 2079 γὰρ
963 2000 1017 2073 τὴν
1036 1998 1115 2065 ίδίαν
1134 2000 1244 2077 χρείαν
1257 1999 1478 2061 καταλιποῦσα

288 2101 488 2179 ὑπουργήσειν
518 2105 633 2184 Φησίν,
666 2103 755 2168 ιίλλίι
785 2109 855 2177 πῆς
890 2105 1016 2176 αὐτῆς
1051 2103 1144 2185 iteri
1176 2099 1283 2177 δείξειν
1314 2103 1349 2167 πὸ
1372 2099 1478 2181 ζητού-

286 2229 386 2282 μενον.

333 2416 409 2504 Cap.
434 2418 471 2484 V.
497 2422 684 2500 Ἀρισιιιίας.

333 2526 541 2603 necestuosis
561 2528 592 2591 δὲ
616 2528 689 2607 πρὸς
713 2527 835 2593 δίαιταν
859 2531 903 2605 μὴ
927 2527 1016 2605 μόνον
1033 2523 1177 2609 ᾦπιίρεςι
1200 2527 1369 2607 βούλεσθαι
1390 2529 1478 2607 ιὶρέσ-

287 2655 349 2695 κειν
378 2636 466 2698 ἀλλὰ
498 2634 550 2700 καί
582 2637 624 2716 τῷ
655 2634 795 2717 ἀντιδίκῳ
828 2632 877 2701 ίνα
912 2635 1004 2707 καινὸς
1037 2631 1114 2699 εἶναι
1139 2633 1238 2721 δοκῇ.
1287 2634 1324 2698 ln
1346 2640 1480 2718 utroquo

286 2735 432 2804 Parisino
466 2746 514 2805 est
544 2740 592 2806 ίνα
626 2743 718 2814 κοινὸς
749 2737 792 2815 είς
823 2737 900 2807 εἶναι
926 2740 1015 2822 δοκῇ,
1047 2743 1081 2806 in
1104 2761 1166 2827 qno
1188 2739 1268 2806 latet
1290 2740 1385 2813 καινός
1408 2749 1480 2805 Tlc

285 2839 362 2908 εἶναι
392 2847 480 2929 δοκῇ,
513 2853 551 2911 ut
580 2849 614 2911 in
645 2848 704 2913 tali
733 2869 768 2913 re
797 2848 860 2913 dici
889 2846 1013 2913 assolet.
1059 2845 1216 2931 Exempla
1244 2848 1364 2932 passim
1387 2847 1481 2913 obvia

286 2956 474 3035 praesertim
493 2954 576 3038 apud
592 2952 840 3020 Demosthenem
856 2958 888 3019 et
905 2952 1097 3019 Aeschinem
1116 2958 1316 3037 caeterosque
1332 2958 1479 3018 oratores.

333 3160 414 3224 Ibid.
450 3169 595 3229 κελεῦσαι
630 3165 764 3229 καλέσαι
793 3166 837 3229 σίν
872 3164 982 3230 παιδία
1015 3165 1067 3230 τὸν
1098 3166 1227 3233 ἕςιῶνπα
1258 3147 1311 3230 καί
1348 3164 1482 3231 είσιιίνσα

290 3270 391 3346 φῆσαι
415 3269 505 3332 σύκου
530 3269 689 3350 δικαιότερα
719 3265 795 3335 εἶναι
823 3271 866 3349 τῷ
890 3269 985 3349 πατρὶ
1009 3272 1061 3334 καί
1086 3271 1324 3351 πρασΛΓίμενισ
1345 3278 1479 3351 Φιλῆσαι

290 3372 343 3448 καί
369 3375 441 3452 παρ’
466 3374 558 3438 αὑτὸν
581 3375 831 3462 satiemini}
878 3375 1028 3441 Primum
1058 3370 1168 3442 acrisio
1194 3398 1274 3463 opus
1297 3382 1345 3443 est
1367 3402 1481 3459 προσα-

290 3482 486 3557 γΑΓόμενσς.
521 3481 757 3547 Permiscentur
779 3482 856 3547 haec
878 3483 962 3548 inter
983 3502 1015 3548 se
1038 3483 1156 3568 ubique
1174 3483 1317 3550 locorum
1337 3484 1423 3562 ιὶγιίν
1437 3521 1478 3533 -

290 3587 440 3664 ιὶγαγιίν,
466 3587 618 3667 νίγίρκενις
643 3626 686 3636 -
710 3587 930 3667 ιίγαγίμενις,
955 3589 1087 3667 βάλλων
1104 3590 1283 3669 -βαλών,
1309 3592 1480 3656 λείπων-

291 3693 403 3772 λιπών,
436 3694 609 3772 πειθόμενος
634 3731 677 3741 -
702 3694 876 3771 πιθόμενος,
907 3695 1035 3776 Φείγαν
1059 3733 1102 3744 -
1126 3698 1235 3775 Φνγιίν
1263 3703 1295 3762 et
1317 3698 1481 3784 complura

290 3799 370 3875 alia,
398 3801 452 3864 sed
475 3800 601 3876 nullus,
633 3804 761 3885 opinor,
792 3801 880 3867 locus
904 3806 951 3867 est
973 3802 1031 3866 ubi
1053 3805 1096 3867 sit
1119 3802 1216 3868 dubia
1237 3808 1270 3869 et
1292 3824 1405 3891 anceps
1428 3824 1481 3890 ορ

291 3906 346 3969 tio.
395 3906 479 3971 Luce
509 3906 626 3970 clarius
656 3912 703 3971 est
733 3911 814 3973 sitne
837 3908 1006 3992 praesentis
1028 3908 1130 3973 forma
1153 3912 1326 3975 sententiae
1349 3915 1423 3996 apta
1445 3931 1481 3976 ac

292 4015 466 4077 necessaria
488 4034 528 4077 an
550 4012 666 4077 acrait'.
712 4013 833 4079 Deinde
857 4035 895 4079 ex
917 4014 1138 4079 καίίΟΤιισίαι
1163 4018 1267 4080 exime
1290 4036 1388 4082 unam
1410 4015 1480 4081 lite

292 4118 397 4182 rulam
420 4122 500 4183 vitio
522 4124 645 4197 natam,
670 4124 707 4184 ut
730 4118 785 4184 fiat
808 4121 1008 4185 καίίΰασίαι.
1043 4119 1151 4187 Homo
1173 4120 1309 4187 blandus
1327 4125 1378 4187 sui
1396 4125 1481 4210 regis
1524 4118 1527 4123 ’

291 4227 397 4310 pullos
416 4225 527 4305 qremio
550 4227 714 4309 complectar
738 4226 1041 4313 (προσαγαγόμενος)
1064 4226 1225 4293 osculatur
1247 4233 1280 4292 et
1302 4230 1394 4292 iuxta
1415 4247 1481 4291 sese

293 4334 424 4399 maldera
454 4332 534 4396 iuter
564 4338 670 4413 (ornet
690 4332 741 4397 καί
767 4335 840 4410 παρ’
864 4333 956 4398 αὑτὸν
979 4332 1163 4418 καίίζεσαι).
1210 4333 1314 4399 Notus
1336 4338 1385 4399 est
1405 4354 1482 4398 usus

292 4442 382 4508 ventri
412 4442 673 4521 παρακαθίζεσθαι
705 4458 761 4522 pro
791 4438 877 4504 iacta
906 4461 967 4502 rere
994 4439 1095 4503 aedae
1116 4440 1233 4516 iubere,
1264 4443 1358 4505 utin
1381 4439 1481 4514 nobili
