3276 5006
612 357 655 403 cu
679 355 943 405 rusoruunsrcu.
1336 335 1376 400 71

229 522 308 590 Ibid.
331 525 499 592 Palatinus
521 525 634 592 habet:
660 528 866 607 ῦποπρέασόαι
885 529 980 609 Φόλον
999 529 1151 598 δοκοῦντος
1173 527 1245 607 πρός
1265 525 1376 605 τρόπον

183 632 361 698 πωλεῖσθαι.
386 625 545 699 Parisiniz'
561 633 765 714 ῦποπρέαοέαι
785 636 879 716 Φόλου
904 633 1064 711 ἐπιλαβὼν
1084 631 1263 698 άποδόσόαι.
1290 631 1375 712 Quid

182 739 225 801 sit
248 737 450 819 ῦποπρέασόαι
485 744 517 803 et
548 738 716 819 ὑποφωνεῖν
740 740 937 807 ostendimus
967 742 1001 804 in
1031 739 1101 803 Vcr.
1125 738 1217 803 Lectt.
1239 759 1274 823 Ρ.
1298 734 1374 801 138.

182 847 215 908 et
239 840 314 907 364.
338 865 377 909 cx
398 842 583 931 Phrynicho
609 846 792 911 emendato:
818 851 1085 927 ’ττοψωνεῖνι
1111 844 1145 908 τὸ
1169 840 1373 923 ἀγοράζοντος

182 972 259 1021 τινος
292 947 364 1028 όψον
388 946 486 1029 ἕτερον
517 959 556 1031 τῇ
586 959 661 1032 τιμῇ
694 950 936 1032 ὑπερβάλλοντα
965 952 1113 1017 ὦνεῖσόαι.
1150 948 1260 1034 Itaque
1292 949 1375 1014 ῦπω-

182 1054 296 1119 νεῖσθαι
328 1059 416 1121 etin
438 1058 554 1122 aoristo
578 1056 781 1136 ὑποπρίαοόαι
816 1063 863 1122 cst
885 1057 972 1122 idam
997 1057 1176 1141 diciturque
1199 1054 1238 1119 de
1261 1072 1298 1118 ec
1323 1052 1376 1137 qut

182 1161 261 1247 qaod
280 1159 348 1245 qno
376 1162 518 1227 commode
546 1168 575 1226 et
597 1184 633 1226 σω
654 1163 749 1226 animi
770 1163 917 1228 contactio
946 1185 1039 1227 σωονο
1053 1168 1145 1246 paret
1173 1162 1242 1224 dato
1264 1157 1376 1222 maiore

173 1267 275 1352 pretio
290 1266 452 1350 ρνοονῦοῖι.
487 1266 581 1333 Nunc
603 1266 721 1353 duplex
742 1271 899 1354 scriptura
923 1272 955 1333 et
977 1268 1139 1334 emendari
1162 1270 1266 1351 potest
1288 1268 1322 1328 ct
1340 1264 1374 1326 in

181 1393 283 1437 unum
305 1374 452 1457 componi
475 1375 538 1437 sio:
571 1374 773 1451 ῦποπρέασόοιι
798 1374 892 1455 φάλον
917 1375 1070 1446 δοκοῦντος
1101 1372 1172 1451 πρὸς
1195 1369 1304 1451 τρόπον
1328 1378 1373 1433 TI

181 1480 332 1545 όΝεῖσόαι
367 1485 470 1543 EITA
502 1479 608 1556 λαβὼν
636 1477 823 1545 άποδόσόαι.
856 1500 918 1545 non
950 1484 1046 1568 egent
1076 1479 1154 1544 haec
1183 1479 1371 1560 interprete3

182 1587 253 1667 πρὸς
277 1583 387 1664 τρόπον
411 1589 460 1649 est
482 1583 588 1665 όρόῦς,
623 1592 747 1662 καλῶς,
776 1585 1003 1664 προσηκόντως,
1035 1588 1073 1649 ut
1101 1584 1163 1649 άπὸ
1193 1581 1303 1663 τρόπον
1334 1583 1375 1644 si·

180 1689 313 1781 gnificat
336 1696 455 1765 κακῶς,
485 1689 620 1762 άτόπως.
666 1690 720 1756 Sic
741 1696 773 1757 et
796 1691 882 1756 κοντοὶ
905 1691 1013 1770 τρόπον
1040 1690 1224 1775 saepissime
1247 1688 1373 1752 dicitur.

180 1796 303 1883 Ecquid
331 1801 442 1861 autem
473 1798 598 1880 turpius
634 1802 682 1861 est
713 1803 744 1862 et
776 1796 933 1879 sordidius
968 1816 1065 1881 quam
1096 1797 1189 1876 Φόλου
1219 1792 1373 1863 δοκοῦντος

181 1903 318 1971 ωἰνεῖσέαέ
340 1926 370 1969 τι
394 1902 466 1983 πρὸς
490 1899 602 1982 τρόπον
626 1903 832 1983 ῦποπρέασόαι
855 1897 925 1967 εἶτα
948 1902 1094 1981 λαβόντα
1118 1895 1306 1967 άποδόσόαιῖ

225 2114 307 2182 Ibid.
332 2113 384 2178 καὶ
409 2112 496 2194 παρά
520 2112 628 2188 παιδός
662 2112 858 2195 κομιζόμενος
889 2113 1049 2197 άποφοράν
1084 2118 1138 2179 τοῦ
1169 2115 1294 2193 χαλκοῦ
1319 2110 1373 2185 τὴν

182 2221 479 2298 ἘΠΙκαταλλαγῖρν
505 2221 757 2304 προσαπαιτεῖν]
797 2219 908 2306 Neque
931 2219 1221 2286 έπικαταλλάττειν
1245 2215 1375 2285 Graecis

180 2329 218 2393 όο
234 2326 361 2391 μακραῖς
376 2325 585 2409 permutandis
608 2328 642 2390 in
660 2348 722 2391 usu
744 2332 792 2391 est
814 2346 915 2410 neque
935 2326 1012 2392 adeo
1035 2324 1299 2402 έπικαταλλαγά,
1321 2320 1375 2387 sed

181 2433 417 2498 καταλλάττειν
437 2431 583 2496 dicebant
606 2438 784 2497 constanter
803 2453 912 2521 onmes
932 2438 965 2498 et
977 2433 1208 2516 ροοτιααέαέῖοιιῖο
1223 2430 1373 2514 pretium,

179 2537 355 2605 numularii
373 2535 546 2614 lucellum,
570 2537 689 2622 ubique
708 2540 902 2616 καταλλαγά
924 2537 1111 2629 appellatur.
1144 2535 1373 2603 Demosthenes

178 2669 253 2735 pag.
276 2643 382 2722 1216,
409 2640 461 2706 18.
485 2639 560 2707 οὕτω
591 2640 653 2721 γάρ
682 2666 733 2721 μοι
764 2644 898 2723 άκριβῦς
928 2645 1107 2725 ἐγέγραπτο
1138 2641 1190 2710 ὥτ’
1217 2642 1250 2705 οῦ
1283 2637 1372 2717 μόνον

180 2751 265 2820 αὐτά
292 2773 344 2828 μοι
372 2746 591 2822 τάναλόματα
615 2746 794 2827 ἐγέγραπτο
825 2748 913 2813 άλλά
944 2749 996 2812 καὶ
1021 2747 1086 2813 όποι
1117 2747 1254 2822 tucceta
1279 2744 1330 2810 καὶ
1356 2741 1374 2809 ό

180 2884 210 2926 τι
235 2855 397 2923 ποιούντων
419 2852 472 2918 καὶ
498 2855 515 2929 ἡ
538 2855 613 2930 τιμόρ
644 2853 691 2925 τίς
716 2847 749 2926 ἦν
774 2853 826 2918 καὶ
851 2852 988 2932 νόμισμα
1022 2852 1159 2918 ποδαπόν
1183 2852 1236 2918 καὶ
1260 2849 1372 2916 όπόοου

181 2968 198 3042 ἡ
223 2961 418 3038 καταλλαγὴ
443 2956 477 3034 ἦν
506 2959 548 3039 τῷ
572 2959 725 3039 άργνρέῳ,
756 2960 813 3024 nbi
837 2963 951 3048 corrig.
980 2962 1056 3037 τιμὴ
1079 2960 1169 3033 Ἠτις
1195 2956 1229 3035 ἦν
1252 2958 1302 3022 καὶ
1329 2955 1372 3021 νό·

180 3094 286 3150 μισμα
321 3065 442 3132 Ὀτοδα
469 3063 511 3129 όν.
559 3063 632 3129 Non
666 3070 715 3128 est
748 3063 835 3129 aliud
869 3068 1092 3131 testimonium
1126 3069 1159 3130 in
1189 3065 1271 3130 hanc
1304 3084 1371 3128 rem

180 3174 376 3241 luculentius
398 3191 495 3256 quam
517 3168 642 3255 Diphili
665 3170 749 3255 apud
771 3170 887 3235 Athen.
912 3194 942 3258 p.
965 3171 1031 3238 225
1055 3192 1084 3237 s.

316 3274 402 3351 οὗτος
426 3274 599 3356 ἀποκρίνετ’
626 3274 664 3340 άν
688 3276 836 3358 ἕρωτάσγς
860 3326 877 3356 „
888 3276 986 3344 Πόσον

318 3386 331 3449 ό
356 3380 523 3463 λάβραξ”;
546 3379 608 3447 δέκ’
631 3381 763 3459 όβολῦν.
792 3383 862 3462 οὐχὶ
887 3383 1023 3463 προσθεὶς
1049 3386 1224 3451 ὁποδαπῶν.

317 3489 414 3557 ἔπειτ’
439 3489 493 3553 ἐάν
515 3488 676 3567 τάργόριον
701 3489 785 3569 αὐτῷ
810 3489 1003 3572 καταβάλῃς

318 3594 470 3676 ἐπράξατ’
493 3595 669 3672 Αῖγιναῖον·
696 3592 734 3658 οἰν
760 3593 786 3657 δ’
811 3594 905 3659 αὐτόν
929 3594 978 3676 δέρ

318 3702 448 3784 κέρματ’
471 3700 635 3765 άποδοῦναι
659 3698 895 3778 προσαπέδωκεν
917 3701 1069 3767 Ἀττικά.

319 3810 392 3875 κατ’
416 3805 591 3888 άμφότερα.
608 3804 639 3868 δέ
661 3804 723 3878 σὺν
741 3807 952 3884 καταλλαγὴν
975 3804 1054 3887 ἔχει.

227 3915 327 3982 Nulla
348 3917 451 4002 igitur
470 3910 628 3976 dubitatio
650 3912 698 3972 est
720 3910 797 3991 quin
817 3908 1052 3995 Theophrastus
1070 3930 1193 3995 quoque
1216 3913 1376 3996 scripserit

183 4025 237 4098 riv
260 4019 499 4097 ΚΑΤαλλαγίιν
530 4021 754 4094 προσαπαιτεῖν
778 4020 810 4078 et
840 4015 890 4078 έπι
923 4015 1034 4080 eodem
1066 4037 1168 4081 errore
1198 4017 1375 4083 adhaeserit

183 4151 246 4216 quo
268 4150 336 4214 cap.
357 4126 389 4193 2.
420 4127 454 4189 in
484 4119 581 4189 Oodd.
605 4119 644 4184 A.
669 4117 706 4182 B.
740 4125 788 4184 est
818 4122 1035 4200 συνωνούμενος
1060 4122 1294 4202 ἘΠΙκρνπῖδας
1318 4143 1374 4209 pro

182 4235 346 4319 κρηπῖδας.

229 4447 310 4516 Ibid.
336 4449 388 4513 καὶ
413 4445 502 4527 χρέος
527 4436 641 4528 (ΡθῙὸῦι
662 4436 751 4528 χρέα)
774 4440 932 4518 όποδιδοῦς
956 4442 1119 4523 τριάκοντα
1143 4448 1222 4518 μνῦν
1245 4444 1375 4507 ἔλαττον

352 4746 361 4779 Ι
