3388 5010
265 334 331 401 ato
662 354 817 404 coarctans
842 352 879 403 cr
902 354 1056 404 auorarmt.

266 522 414 609 maturis
433 523 535 604 latro,
560 523 665 592 »lanai
686 526 790 612 opus’'
804 525 913 614 (ww)
936 544 974 592 ax
998 526 1082 591 tono.
1119 523 1374 610 lloliqueautom
1387 520 1465 586 oitci

267 630 367 708 mcci,
399 630 515 697 xxia.
550 637 614 710 15,
638 633 776 697 summai
794 630 838 698 ib.
863 637 927 712 80,
949 631 1069 698 ootncai
1091 630 1224 696 xxvtt.
1248 634 1311 706 28,
1333 627 1465 694 omnicoi

269 735 386 803 xxix.
418 742 462 804 84
487 737 570 804 alias'
589 737 629 803 nb
653 758 768 804 causas
792 737 891 805 dubia
916 746 1005 804 sunt.
1056 734 1138 802 Gum
1164 734 1310 802 Lucilius
1334 742 1464 812 autem,

269 850 307 908 ul
330 862 369 908 cx
394 844 681 930 grammaticorum
708 844 906 910 testimoniis
929 851 1057 910 constat
1080 846 1124 929 (p.
1147 847 1232 919 230,
1255 848 1339 928 sm),
1359 840 1467 905 dativo

272 949 450 1014 asseruerit
473 949 505 1015 ai
530 947 804 1037 monosyllabum,
830 969 892 1015 non
919 949 1031 1015 dubito
1050 950 1129 1035 quin
1150 958 1238 1015 recto
1257 945 1464 1014 emendatum

272 1055 315 1119 sil
346 1054 433 1121 xttt.
463 1060 521 1122 10:
551 1053 654 1120 notem
680 1053 775 1141 epulo
798 1053 890 1122 cibus
913 1065 1010 1142 atquc
1033 1054 1138 1141 cpulm
1161 1052 1246 1120 louis
1266 1053 1466 1137 omnipoten-

269 1157 347 1224 tis”.
386 1158 490 1225 Libri:
512 1160 648 1247 epulatio
671 1159 748 1225 iouia
774 1159 794 1224 i.
818 1178 848 1226 e.
874 1160 980 1246 epolot
1004 1161 1082 1225 iouis
1108 1159 1186 1225 vilio
1209 1158 1258 1224 bis
1277 1158 1392 1245 positis
1415 1155 1466 1222 tit·

268 1265 347 1331 teris
370 1266 410 1332 io.
459 1264 508 1332 ot.
537 1264 629 1331 coni.
655 1264 683 1330 ll
706 1284 740 1351 p.
767 1268 830 1343 96,
858 1266 910 1332 irbi
936 1264 1126 1355 typographi
1149 1263 1229 1331 uitio
1249 1262 1467 1351 opolilegitur

273 1386 331 1457 pro
355 1369 456 1457 epnlo.

316 1475 529 1554 llit'scbelius,
564 1481 596 1546 in
625 1480 901 1570 disputationibus
924 1476 1142 1565 epigrapbicis
1166 1474 1334 1542 historiam
1358 1472 1466 1540 ortbo·

270 1581 425 1669 graphiae
458 1603 514 1670 per
544 1587 709 1655 soeculum
745 1588 839 1657 Urbis
875 1588 1048 1674 septimum
1082 1585 1277 1651 concinnare
1308 1591 1464 1660 conatus,

268 1689 384 1755 statuit
416 1687 543 1757 litterae
578 1714 598 1780 y
628 1696 737 1780 (curius
771 1696 877 1762 locum
912 1693 988 1758 olim
1013 1690 1142 1759 tonabat
1167 1688 1201 1779 u)
1225 1697 1257 1755 et
1281 1687 1465 1775 adspiceres

272 1813 428 1861 consonas
460 1814 523 1861 non
558 1806 633 1864 ante
663 1800 758 1866 linem
786 1801 871 1867 illins
895 1798 1015 1866 saeculi
1040 1798 1072 1863 in
1095 1816 1158 1863 usu
1183 1796 1299 1871 luisse,
1323 1794 1465 1881 gemina·

274 1909 380 1967 tarum
412 1911 521 1968 autem
555 1904 712 1973 vocalium
746 1926 868 1975 morem
901 1905 942 1972 ab
974 1905 1061 1971 attio
1093 1903 1281 1969 institutum
1304 1919 1464 1967 annorum

275 2008 341 2072 620
372 2015 405 2074 et
435 2011 501 2074 680
533 2011 680 2077 terminis
715 2014 894 2093 contineri,
928 2012 1173 2077 consonantium
1197 2007 1465 2096 duplicationem,

274 2130 348 2178 cum
381 2113 507 2181 Ennius
540 2117 604 2182 iam
630 2126 663 2184 et
688 2121 795 2186 Attius
820 2126 1050 2206 usurpassent,
1075 2114 1190 2182 Lucilii
1214 2113 1345 2181 demum
1369 2132 1465 2201 opera

275 2217 321 2284 ita
355 2218 545 2299 invaluisse,
580 2230 616 2288 ut
646 2224 777 2292 tandem
810 2225 1007 2313 simplicium
1040 2242 1098 2309 pro
1127 2221 1301 2307 geminatis
1329 2217 1464 2306 ponemi

273 2341 343 2389 mos
376 2323 468 2410 plano
502 2327 695 2396 aboleretur.
743 2330 832 2413 Quae
861 2333 888 2396 si
921 2331 965 2396 ita
990 2336 1085 2403 suut,
1111 2325 1256 2393 Lucilios
1280 2346 1338 2392 nec
1361 2347 1383 2414 y
1407 2343 1465 2391 ncc

273 2427 329 2514 pt,
353 2432 401 2504 tn.
432 2431 471 2497 cll
494 2435 673 2520 usurpavit.
719 2436 754 2501 ln
775 2436 994 2521 geminatione
1013 2432 1171 2501 vocalium
1194 2431 1301 2498 sciens
1319 2429 1359 2499 ab
1378 2430 1466 2497 attio

276 2536 427 2612 accessit,
449 2538 594 2605 scribens
610 2560 739 2627 pacem,
761 2546 874 2630 [onum
894 2560 955 2606 non
973 2561 1124 2628 porcam,
1145 2544 1275 2627 [nonum
1292 2535 1338 2623 (cl
1348 2536 1403 2603 tx.
1418 2537 1463 2624 l).

276 2637 320 2706 lle
344 2648 596 2712 consonantibus
620 2645 793 2733 duplicatis
817 2647 895 2734 quid
916 2646 1067 2713 statuerit
1089 2664 1150 2710 non
1171 2644 1291 2710 diserto
1313 2640 1465 2708 traditur.

274 2744 322 2810 ab
359 2748 534 2816 llltscbelio
570 2752 739 2820 discedens
769 2755 809 2821 ll.
845 2761 937 2840 pntai
968 2750 1132 2839 simplices
1154 2750 1185 2818 ci
1210 2769 1269 2838 pro
1292 2750 1466 2836 geminatis

274 2849 451 2935 placuisse:
479 2859 573 2923 cuius
598 2860 644 2924 roi
670 2858 772 2926 multa
796 2859 988 2926 documenta
1014 2860 1045 2924 in
1069 2857 1160 2923 libris
1184 2857 1317 2943 scriptis
1338 2864 1466 2922 exstem

274 2954 365 3024 dicit.
414 2959 501 3041 Quos
525 2962 601 3029 dum
628 2967 793 3051 sequitur,
819 2966 872 3032 bic
896 2965 962 3032 illic
986 2963 1164 3051 simplicem
1190 2981 1362 3029 consonam
1387 2961 1465 3027 scri·

274 3061 340 3142 bit,
362 3064 438 3131 alibi
459 3068 623 3155 vulgarem
647 3071 910 3159 orthographiam
931 3071 1095 3139 adsciscit.
1123 3070 1157 3135 ln
1181 3089 1215 3136 re
1230 3066 1466 3135 dubiacodicas

273 3166 392 3255 ubique
417 3178 508 3260 sequi
531 3195 611 3242 sane
634 3177 834 3243 tutissimum
860 3186 919 3244 est.

319 3272 417 3343 locos
448 3279 610 3366 colligam.
661 3283 790 3350 Decorus
813 3284 869 3351 lb.
892 3290 932 3351 ot
961 3284 992 3348 in
1017 3282 1124 3351 verbis
1150 3282 1304 3349 Varronis
1327 3281 1462 3347 reatitu-

274 3388 364 3462 tum,
387 3385 473 3471 quod
499 3387 586 3455 Flor.
613 3388 709 3456 babet
733 3391 904 3457 decolorius
929 3409 988 3477 pro
1012 3389 1246 3455 decembrica.
1285 3387 1333 3455 lb.
1355 3387 1461 3455 notu
1536 3420 1540 3429 ¹

270 3488 399 3556 crirobit
428 3491 477 3559 vcl
511 3495 663 3573 crassabit,
696 3494 788 3562 codd.
823 3497 975 3569 conruit:
1011 3495 1067 3562 scd
1091 3496 1207 3562 crirorc
1231 3513 1288 3581 por
1312 3492 1419 3581 simpl.
1446 3512 1463 3557 a

271 3614 334 3661 aon
368 3596 489 3665 Lucilio
518 3608 569 3666 est
601 3601 761 3686 peculiare
790 3601 848 3668 scd
881 3602 1023 3669 iuvenali
1049 3621 1177 3689 quoque
1200 3611 1394 3688 usurpatum
1422 3599 1462 3667 lll

272 3704 350 3769 ιιι.
399 3703 434 3769 ln
469 3705 622 3772 vocabulo
654 3716 719 3774 tam
753 3717 827 3775 noto
850 3716 947 3796 atquc
967 3720 1096 3796 porcam
1119 3728 1182 3773 non
1206 3706 1370 3794 probabile
1394 3715 1460 3786 cst,

272 3807 441 3891 librarios,
466 3831 540 3878 cum
569 3813 599 3878 in
625 3812 730 3881 locum
758 3815 890 3881 minime
914 3815 1087 3881 obscurum
1113 3814 1303 3881 incidissent
1327 3814 1398 3881 Xll.
1419 3817 1460 3893 2,

271 3914 371 3981 semel
396 3918 573 3984 secundum
600 3919 638 3985 ll.
666 3919 814 4007 religiose
832 3932 945 4008 ponant
965 3940 1095 3989 serrare
1116 3919 1274 3999 voluisse,
1296 3940 1370 3988 curn
1385 3920 1461 3987 alibi

271 4030 458 4089 constanter
487 4045 667 4111 possumus,
694 4028 828 4113 porrina,
852 4030 960 4096 simui.
985 4028 1176 4096 scriberent.
1225 4026 1321 4093 bibro
1348 4026 1414 4094 xv.
1442 4031 1461 4092 2

268 4148 342 4192 nam
372 4129 484 4195 arooait
517 4131 558 4196 n.
584 4131 716 4199 retinxit
740 4154 758 4200 e
781 4136 975 4215 carceridoc',
1002 4143 1055 4214 at,
1080 4134 1231 4221 quamuis
1250 4142 1346 4200 acute
1371 4153 1462 4200 anco·

269 4234 424 4319 gitatam,
456 4246 578 4303 certam
611 4246 718 4306 tamon
750 4240 1007 4309 calendationcm
1041 4241 1150 4307 dicam
1182 4260 1243 4306 non
1270 4256 1460 4327 possumus,

269 4338 424 4426 quamdiu
457 4340 535 4408 illud
569 4343 620 4409 boi
649 4365 711 4411 non
743 4346 940 4433 explicatum
972 4359 1032 4415 est.
1086 4346 1135 4414 lb.
1173 4353 1213 4414 ιιι
1244 4367 1393 4413 oatoeuror
1422 4364 1461 4412 aa

268 4445 460 4516 lectionibus
491 4450 674 4528 nudamur,
707 4454 896 4532 aromotior,
929 4474 1108 4531 mmmm
1139 4476 1174 4519 rs
1196 4463 1228 4521 ct
1253 4476 1284 4520 aa
1305 4450 1463 4520 lacillirne
