3276 5006
275 268 319 337 88
363 288 454 337 uuor.
479 286 594 345 eume.
617 290 650 335 ιιι
672 288 772 336 mous.
798 290 888 335 (ianr.
914 289 973 336 rso
998 289 1024 334 o.
1050 288 1178 335 sramro
1203 286 1358 337 uosrnuo¹

265 457 457 543 disponenda
476 478 584 523 rursus
604 462 670 523 est:
690 466 724 522 ot
743 461 798 541 [s]
814 481 902 522 seruc.
931 464 1030 544 ..[s.]
1044 461 1089 522 tre
1110 458 1149 541 (l)
1170 460 1375 525 condemnetur
1387 483 1415 523 o.
1428 481 1458 522 o,

266 560 382 645 Optare
411 564 539 629 videtur
564 561 729 635 Rabirius,
753 568 790 626 ut
812 564 954 649 quiequid
976 568 1120 629 statuant
1142 563 1281 639 iudices,
1306 565 1458 629 itabens

264 667 374 731 venire
395 672 529 751 queant,
552 672 590 731 ut
612 665 751 730 solidum
777 686 871 730 suum
896 671 1011 753 auique
1033 667 1186 734 solvatur.
1227 666 1264 731 In
1287 668 1368 733 hane
1390 690 1458 733 sen-

267 773 404 836 tentiam
426 772 618 859 legendum:

315 878 387 951 „nt
415 875 475 941 hoo
507 879 606 940 stiam
636 881 725 959 optat
746 879 846 940 miser
872 884 909 939 ut
931 879 994 941 eioe
1015 884 1147 941 vovetur
1169 879 1232 940 etue
1253 878 1458 942 condemnetur

355 1003 375 1043 s
402 982 499 1057 uotis,
531 982 579 1045 ita
607 979 689 1044 bona
717 987 870 1056 veneant,
903 989 940 1044 ut
972 981 1111 1046 solidum
1134 1001 1229 1045 suum
1261 983 1376 1066 cuique
1396 980 1456 1047 sol·

359 1085 483 1150 vatur.'’

314 1187 479 1273 Sequitur:
506 1188 612 1266 „nihil
633 1190 699 1254 iam
722 1188 809 1254 aliud
833 1192 896 1254 nisi
919 1189 1015 1256 fidem
1039 1191 1157 1255 ourat.'’
1183 1189 1219 1255 Si
1239 1191 1457 1256 condemnare

268 1298 323 1358 tur
352 1313 427 1358 sum
456 1294 517 1359 boe
539 1294 678 1369 adiecto:
705 1293 874 1369 „detracto
896 1314 966 1360 aere
990 1294 1128 1371 alien0,''
1151 1300 1274 1379 poterat
1295 1297 1383 1380 prius
1405 1295 1456 1359 de·

268 1398 426 1462 bitoribus
452 1396 598 1464 satisfieri
623 1401 656 1462 et
684 1396 761 1462 fides
784 1400 920 1475 servari,
945 1402 974 1463 si
996 1400 1227 1477 absolveretur,
1252 1406 1375 1484 poterat
1396 1399 1457 1464 sor·

268 1508 352 1567 tasse
385 1503 476 1567 bonis
509 1502 648 1568 venditis
679 1503 814 1587 privatis
844 1502 1051 1567 oreditoribus
1081 1503 1173 1588 plene
1206 1503 1360 1569 satisfieri.
1407 1503 1457 1568 Ita

269 1605 419 1671 Rabirius
434 1607 474 1672 ad
493 1607 730 1672 acerbissimam
748 1612 887 1683 sortem,
907 1607 1061 1672 bonorum
1077 1608 1309 1684 venditionem,
1323 1609 1456 1673 subeun-

270 1710 344 1777 dam
366 1717 514 1797 paratum
537 1733 569 1775 se
592 1731 659 1776 esse
681 1710 776 1786 dicit,
800 1709 839 1775 da
861 1709 922 1775 fide
945 1718 1074 1775 tantum
1098 1732 1155 1777 sua
1178 1712 1343 1778 sollicitus.

315 1816 436 1882 Eodem
463 1836 529 1901 sap.
561 1814 670 1892 XVII,
702 1812 763 1879 tv:
798 1813 888 1891 „Sed
918 1819 1002 1892 iam,
1035 1819 1185 1900 quoniam
1209 1838 1298 1902 spero
1315 1817 1456 1891 fidem†

365 1942 462 2006 quam
496 1921 659 2005 praestiti,
690 1917 860 1994 Postume,
892 1920 1022 1984 reddam
1054 1923 1152 1985 etiam
1182 1920 1347 1999 lacrimas,
1379 1942 1457 2008 qum

360 2026 474 2090 debeo:
504 2044 582 2107 quas
604 2022 733 2107 quidem
756 2042 817 2110 ego
838 2029 911 2088 tuas
932 2027 967 2088 in
990 2044 1062 2089 meo
1085 2044 1159 2089 casu
1182 2025 1339 2110 plurimas
1360 2026 1456 2093 vidi.”

314 2130 353 2196 ln
375 2128 464 2195 codd.
488 2135 552 2193 est:
578 2130 749 2212 „quoniam
768 2148 858 2213 spere
880 2127 976 2193 fidem
999 2148 1096 2212 quam
1111 2130 1257 2212 praestiti
1278 2128 1457 2194 Postume.'’

270 2234 447 2302 Verborum
478 2232 629 2298 territum
654 2230 802 2297 laeuuam
825 2232 962 2297 effecisse
983 2233 1127 2309 videtur,
1152 2253 1249 2317 quam
1271 2233 1460 2320 Madvigius

270 2341 318 2406 ita
346 2338 469 2425 explet:
504 2339 698 2422 ,quoniam,
730 2340 768 2399 ut
791 2356 896 2419 spero,
919 2334 1033 2413 fidem,
1057 2356 1154 2421 quam
1176 2338 1237 2402 tibi
1261 2339 1348 2415 dedi,
1371 2356 1458 2422 prae·

270 2447 357 2523 stiti,
380 2443 562 2510 Postume.''
584 2442 691 2529 Vulgo
714 2441 881 2505 edebatur:
907 2438 1023 2516 „fidem
1046 2461 1142 2525 quam
1162 2444 1270 2526 potui,
1291 2442 1354 2506 tibi
1371 2460 1459 2527 prae

271 2550 371 2617 stitit
400 2548 558 2634 Equidem
582 2545 782 2632 epanalepsin
803 2545 894 2610 verbi
917 2544 1067 2610 reddendi
1085 2548 1215 2631 periisse
1233 2552 1366 2630 putans,
1385 2547 1461 2611 sori-

270 2656 345 2722 bere
366 2655 501 2720 malim:
582 2682 587 2691 ·

306 2759 409 2839 ,Sed
440 2762 524 2837 iam,
549 2759 714 2843 quoniam,
734 2760 773 2819 ut
795 2774 901 2839 spero,
925 2753 1037 2832 fidem,
1060 2773 1158 2839 quam
1178 2756 1379 2841 praestitisti,
1403 2756 1461 2819 titi

359 2865 498 2941 reddidi,
540 2863 711 2937 Postume,
754 2861 875 2923 reddum
900 2861 1015 2924 'etiam
1053 2858 1201 2925 laerimas
1235 2879 1313 2943 quas
1346 2859 1459 2926 debeo:

360 2988 439 3055 quas
462 2968 591 3052 quidem
614 2986 674 3052 ego
695 2970 768 3030 tuas
787 2966 823 3028 iu
846 2983 918 3030 meo
940 2984 1014 3028 easu
1035 2962 1191 3049 plurimas
1212 2963 1309 3028 vidi.''
1548 3040 1551 3045 ¹

316 3074 355 3139 ln
383 3072 515 3157 reliquis
544 3071 647 3136 latent
677 3070 779 3135 adhue
812 3068 939 3146 „ulcera
967 3066 1133 3133 oecmta'’:
1164 3090 1195 3133 v.
1227 3090 1259 3155 g.
1283 3089 1345 3133 non
1367 3067 1461 3134 sutile

272 3179 508 3247 admittendum
542 3192 702 3240 censeam:
741 3178 801 3251 „et
834 3195 878 3235 me
913 3171 1002 3237 dolor
1034 3172 1182 3237 debilitat
1213 3172 1462 3257 intercluditque

271 3283 411 3352 voeam.”
456 3281 615 3347 Patricius
645 3281 780 3345 sonarit
811 3284 839 3340 et
868 3277 929 3353 rni,·
961 3296 1041 3361 quae
1071 3278 1249 3342 emendatio
1270 3280 1362 3342 unios
1384 3298 1463 3343 vera

273 3396 337 3469 est,
363 3392 391 3455 si
413 3388 512 3477 legis:
539 3392 600 3464 „et
621 3384 695 3449 miti
717 3381 807 3448 dolor
829 3380 976 3447 debilitat
998 3382 1243 3468 intercluditque
1264 3381 1403 3450 vocem.’'

258 3620 262 3629 v
319 3586 449 3651 Traiecti
472 3586 513 3647 ud
535 3584 688 3656 umnam,
712 3599 820 3644 mansa
846 3576 1014 3642 Decembri
1040 3575 1136 3642 1872.

497 3868 633 3918 sououu
656 3867 811 3917 russeus
833 3870 856 3915 s
879 3864 1068 3915 ousmrmuo
1093 3864 1234 3912 seruum.
1360 3832 1370 3847 ⁶

263 4012 312 4080 ad
335 4008 499 4094 Euthppler.
524 4027 554 4090 p.
583 4003 625 4066 14
647 4002 686 4067 D.
711 4002 852 4067 scholion
875 4008 939 4066 est:
961 3998 1086 4079 συνῳδὸν
1109 4000 1169 4079 τῷ·

571 4111 662 4172 πᾶσαι
696 4107 776 4177 δόσις
799 4108 904 4186 alyatte
928 4105 980 4170 uoti
1005 4103 1085 4180 ἑξῆς.

272 4232 366 4290 notus
406 4220 494 4284 loeus
536 4220 600 4279 est:
636 4216 724 4277 πᾶσα
762 4212 840 4284 δόσις
872 4211 977 4288 ἀγαθὴ
1009 4210 1061 4274 sul
1094 4214 1157 4273 rto
1190 4210 1313 4288 tolenno
1343 4208 1461 4273 τέλειον

273 4326 381 4396 ἄνωθέν
403 4325 464 4392 ε’ςιν
487 4325 521 4385 iu
544 4318 686 4402 lipistela
710 4317 827 4381 Jaeobi.
854 4316 878 4380 Ι.
906 4314 956 4379 17.
1231 4311 1265 4379 Ο.
1290 4312 1330 4379 G.
1354 4309 1392 4377 O.
