3276 5006
577 360 620 406 ιιι
644 358 798 408 inureres
821 357 971 405 sosenu.
1303 337 1366 403 125

188 526 296 605 λέγειν
327 526 384 604 μὲν
414 524 578 600 δυ’ναοθαι,
611 532 730 607 φρονεῖν
761 525 787 590 δ’
810 525 854 591 οὔ.
900 524 1066 590 Praeterea
1098 527 1271 613 inoongrua
1297 529 1373 590 sunt

187 628 325 713 θτρθνεοοθ
348 653 383 694 σε
406 628 451 695 θτι
476 653 527 707 μοι
552 628 648 702 δοκεῖς
670 628 704 696 εὖ
727 630 948 696 πεπαιδεῦσθαι
971 648 1028 713 pro
1051 628 1185 710 ἕτρθιεοοθ
1209 652 1243 693 σε
1267 625 1313 694 θτι
1337 624 1370 695 εὗ

186 735 409 800 πεπαίδευσαι.
458 732 550 799 Nihil
574 734 723 819 expedio,
753 755 855 819 neque
876 733 995 798 urendo
1017 738 1049 798 et
1070 733 1202 799 secondo
1224 733 1308 816 quod
1329 735 1373 797 sit

188 837 351 924 probabile
372 840 518 923 reperias.

231 941 334 1008 Multi
353 947 428 1007 sunt
445 944 480 1006 in
500 941 612 1022 θοτρίο
622 939 685 1007 loei
696 941 885 1008 conclamati
901 947 933 1007 et
949 941 1084 1027 depositi
1095 946 1127 1006 et
1141 939 1272 1014 οἱνιοίτοις
1286 938 1371 1021 ἔχον·

186 1069 256 1121 τες,
287 1065 365 1130 quos
394 1064 487 1110 nemo
517 1064 673 1130 umquam
701 1066 803 1129 neque
834 1045 980 1131 expedire
1007 1049 1124 1131 poterit
1145 1067 1247 1131 neque
1268 1066 1373 1111 emen·

187 1150 271 1217 dare.
795 1174 799 1179 ·

232 1357 413 1446 Pag.‚472.
437 1377 468 1423 Δ.
493 1357 711 1439 Ἀριςοκροίτιρς
734 1360 748 1422 θ
773 1359 942 1434 Σκελλίου,
972 1354 1007 1424 οὗ
1029 1358 1091 1428 ίςιν
1115 1358 1146 1422 ἓν
1168 1359 1263 1423 Πυθοῖ
1281 1362 1371 1423 τοῦτο

186 1463 224 1528 τί
247 1463 342 1527 καλθν
360 1462 544 1547 ·ο1νοίθιρμα.]
592 1460 765 1550 Corrigunt
793 1463 888 1528 Hodoi
914 1464 1014 1539 eioota
1041 1462 1288 1547 praepositione:
1318 1461 1373 1527 sed

189 1570 284 1633 Πυθοῖ
309 1585 366 1651 pro
395 1566 425 1630 ἒν
458 1575 596 1639 Δελφοῖς
632 1567 750 1632 dieitur
781 1566 839 1630 ubi
869 1567 906 1630 de
935 1567 1017 1630 lodie
1042 1567 1163 1651 Ρρθλίίο
1188 1586 1292 1632 sermo
1314 1575 1371 1631 est.

189 1670 299 1756 Iteque
320 1673 461 1755 suspicor
488 1690 603 1736 verum
625 1691 691 1735 esse
714 1671 744 1734 ἐν
766 1671 883 1750 Πυθίῳ,
915 1670 949 1735 id
972 1674 1019 1735 est
1040 1670 1174 1735 Athenis
1195 1673 1229 1735 in
1252 1667 1373 1755 templo

190 1774 348 1859 Apollinis
369 1776 553 1851 notissimo,
579 1774 663 1859 quod
686 1772 864 1839 aedifioevit
885 1772 1081 1839 Pisistratus.
1104 1775 1144 1838 of.
1166 1772 1310 1860 'Phuoyd
1330 1771 1371 1837 11.

193 1876 245 1942 15.
279 1876 410 1943 Strsttis
434 1879 519 1963 epud
542 1877 646 1943 Sohol.
670 1879 768 1943 Arist.
792 1879 876 1942 Pbot.
903 1875 991 1942 1194

371 1983 459 2058 ὑμεῖς
483 2005 518 2046 τε
541 1981 657 2053 τοίντες
681 1980 756 2057 ἔξιτ’
781 1982 830 2047 {erl
854 1981 889 2045 τὸ
913 1980 1034 2047 Πύθιον.

190 2092 223 2150 et
252 2084 319 2150 alii·
338 2088 467 2171 pessim.
523 2086 686 2173 Imprimis
714 2088 778 2151 hue
806 2086 884 2151 faeit
912 2085 1048 2151 Photius
1077 2104 1108 2152 r.
1139 2083 1263 2150 Πθθιονι
1299 2082 1374 2161 ἱερὸν

191 2190 387 2263 ’λτθλλιινος
419 2193 575 2265 Ἀθιίνιροιν
600 2192 656 2256 iord
681 2190 880 2271 Πειοιςροθτου
903 2192 1047 2269 γεγονὸς,
1072 2190 1114 2260 είς
1137 2184 1152 2253 θ
1176 2190 1246 2259 τοὺς
1269 2187 1373 2267 τρίτο·

192 2294 247 2368 θοις
272 2295 410 2361 ἐτίθεσαν
432 2296 458 2360 οί
482 2298 523 2375 τῷ
546 2296 658 2376 κυκλίῳ
688 2298 768 2378 χορῷ
799 2297 976 2370 νικήσαντες
1004 2292 1181 2373 Θαρριίλια.
1228 2289 1374 2358 Comme·

190 2406 296 2465 morst
316 2403 418 2487 igitur
441 2399 583 2466 Socrates
614 2402 656 2465 τα
679 2402 870 2476 ἀναθήματα
892 2400 955 2464 sibi
977 2405 1009 2464 et
1032 2397 1179 2463 omnibus
1202 2397 1374 2461 Athenien·

192 2504 280 2569 sibus
302 2507 485 2582 notissima,
509 2506 579 2577 τοὺς
602 2505 746 2585 τρίτοθας
765 2505 835 2577 τοὺς
854 2502 968 2586 ἐφεξῆς
986 2504 1104 2575 ἓςῶτας
1123 2502 1153 2566 ἐν
1170 2503 1212 2580 τῷ
1230 2501 1374 2582 Διονυσίῳ

192 2614 226 2672 et
247 2609 278 2671 ίν
300 2608 399 2687 Πυθίῳ
421 2613 510 2674 τοῦτο
533 2608 568 2673 τθ
592 2609 689 2673 καλὸν
710 2607 868 2684 οίνοθθιρμα.

238 2711 321 2776 Sunt
341 2715 375 2775 in
397 2711 507 2778 Photii
529 2713 646 2779 Lexioo
667 2713 826 2798 plurimae
847 2709 946 2787 λέξεις
968 2709 1169 2775 Πλατωνικοί
1179 2757 1187 2785 ,
1219 2729 1296 2793 quas
1319 2711 1374 2794 qui

191 2815 365 2901 diligenter
387 2819 578 2901 conquisitas
602 2816 710 2882 ordine
732 2816 921 2900 disposuerit
943 2833 1053 2898 operae
1074 2808 1214 2898 pretium
1233 2813 1375 2878 facturus

192 2924 242 2985 est
264 2924 296 2983 et
317 2918 444 2985 Platoni
466 2921 659 3005 prolaturus.

239 3126 319 3214 Pag.
344 3125 420 3193 472.
443 3144 472 3193 o.
504 3126 549 3196 ἔτι
579 3128 636 3205 μὲν
662 3125 711 3194 οὖν
738 3124 824 3198 οὖτθς
847 3135 919 3192 Tre
942 3125 1050 3206 τρίτος
1080 3124 1237 3208 ἐλέγχου,
1263 3162 1304 3174 -
1331 3121 1375 3192 isa

194 3231 228 3297 di
251 3233 303 3295 asi
327 3230 449 3320 danea]
471 3234 678 3299 manifestum
701 3232 756 3298 est'
770 3228 856 3305 οὗτος
877 3241 942 3297 eie
960 3232 1069 3313 τρίτος
1086 3252 1144 3317 pro
1162 3239 1234 3296 Tic
1251 3231 1379 3296 restitui

196 3341 348 3420 oportere.
396 3335 606 3402 Pralstieium
628 3338 688 3403 hoo
710 3343 743 3401 et
765 3337 910 3421 frequens
930 3339 1049 3402 vitium
1069 3340 1125 3401 est.
1161 3335 1326 3420 Exemplis
1343 3336 1378 3398 in

194 3444 269 3505 noto
292 3460 353 3504 usu
375 3442 433 3505 vix
455 3460 543 3525 opus.
589 3442 675 3507 Audi
698 3442 942 3525 Aristophanem
964 3443 1094 3504 Actora.
1120 3438 1218 3504 1162.

263 3546 351 3607 τοῦτο
375 3544 432 3621 μὲν
455 3546 540 3624 αὐτῷ
564 3544 658 3609 κακὸν
676 3546 751 3609 ‘'C-N
774 3542 842 3627 κᾷθ’
866 3543 964 3626 ἕτερον
987 3541 1149 3622 νυκτερινὸν
1173 3542 1298 3618 γένοιτο.

195 3651 227 3712 et
250 3649 370 3731 passim
392 3652 425 3712 et
447 3646 540 3713 Plato
564 3655 597 3714 et
619 3649 734 3735 reliqui
757 3666 866 3714 omnes
887 3650 932 3713 sio
954 3648 1136 3732 loquuntur.

239 3857 319 3943 Peg.
345 3854 421 3921 473.
448 3874 476 3921 c.
501 3857 556 3921 ίθιν
579 3893 623 3907 ·-
648 3858 758 3939 διαβιῷ
782 3863 871 3922 ποιῶν
893 3853 925 3933 θ,
954 3880 984 3922 τι
1008 3856 1047 3921 θον
1068 3836 1222 3933 βούληται
1246 3854 1379 3935 ζιρλιοτθς

195 3961 233 4026 ὢν
261 3960 327 4047 [καὶ
352 3960 648 4046 εὐδαιμονιζόμενος]
675 3963 732 4027 tsi
756 3969 815 4026 τῶν
837 3964 977 4026 πολιτῶν.
1024 3960 1152 4036 Editor,
1183 3963 1238 4044 qui
1260 3961 1380 4043 passim

194 4065 335 4148 insipida
369 4064 539 4130 sciolorum
573 4069 854 4152 interpretamenta
874 4065 1022 4142 sustulit,
1053 4069 1092 4129 ut
1113 4066 1147 4128 in
1177 4064 1261 4136 δίκην
1283 4061 1380 4133 διδοὺς

199 4169 265 4256 [καί
290 4166 505 4258 κολαζόμενος]
524 4170 577 4236 vel
596 4171 650 4235 θοὶν
673 4175 717 4248 μίρ
740 4169 807 4249 διδῷ
830 4169 914 4243 θίκιρν
939 4168 1029 4255 [μηδὲ
1053 4167 1199 4249 τνρχοίνρ
1222 4164 1381 4255 τιμωρίας]

194 4280 227 4339 et
249 4273 355 4338 multa
376 4272 427 4338 his
449 4273 570 4340 similia
592 4273 688 4352 alibi,
713 4279 797 4339 reete
820 4275 963 4339 iudicans
985 4293 1047 4340 non
1070 4293 1136 4338 esse
1156 4272 1299 4338 Platonis
1319 4271 1400 4336 due'

188 4379 284 4459 pleae
306 4375 476 4454 ίοοθθναμα
501 4380 568 4444 sine
591 4378 660 4444 ulla
682 4382 803 4444 rstione
826 4382 1034 4465 coniungere,
1057 4377 1089 4443 h.
1112 4375 1135 4439 l.
1159 4397 1222 4444 non
1241 4374 1381 4442 animad-
