3244 5012
269 320 335 388 268
767 336 953 386 marorum.

309 507 390 594 Peg.
415 503 493 570 188.
528 540 571 552 -
600 505 645 582 μίν
675 506 709 570 οὐ
738 503 845 582 όεμιτό
869 553 878 571 .
904 509 922 582 εί
945 502 1148 613 κοίίαρσιςόδὲ
1171 501 1268 583 τούτῳ
1286 500 1458 581 ξυμβαίνει

267 648 310 661 -
332 612 375 691 τῷ
398 605 547 691 χωρίζειν.
581 605 688 675 Codex
710 606 802 674 τοῦτό
823 609 990 687 ξυμβαίνει
1011 612 1109 673 -τὸ
1136 606 1285 688 χωρίζειν.
1326 606 1461 674 lambli-

265 716 344 782 chue
364 717 548 801 scripserat,
571 719 610 779 ut
631 713 715 801 apud
737 714 906 780 Platonem
930 720 995 781 aet:
1019 715 1064 792 al
1086 714 1120 778 οὐ
1140 711 1261 790 θεμιτόν
1280 709 1316 794 ᾗ.
1341 714 1458 795 κοίόαρ·

265 817 595 893 ΜᾶωΜ-ώ

310 925 475 991 Lacunam
504 924 539 989 in
561 943 628 1009 sqq.
659 944 699 989 ex
723 922 858 989 Platone
880 923 1041 1011 expletam
1062 921 1169 989 Codex
1192 941 1315 1009 quoque
1339 922 1460 989 iisdem

265 1031 372 1099 verbis
393 1028 554 1115 expletam
578 1028 676 1094 dedit.
723 1088 725 1094 ,

298 1134 391 1221 Peg.
417 1130 492 1198 188.
517 1130 700 1209 ε’κλυομίνκυ
723 1127 822 1212 όίοπερ
846 1133 880 1197 ίκ
904 1132 1024 1211 δεσμῶν
1047 1131 1111 1196 ἘΚ
1135 1135 1188 1198 τοῦ
1215 1132 1368 1208 σώματος.
1403 1130 1462 1196 Li·

266 1240 397 1306 brorum
427 1236 515 1303 labce
546 1241 594 1301 eat
623 1234 799 1301 Iamblicho
831 1238 1002 1322 antiquior.
1038 1236 1103 1301 ἐκ
1134 1256 1153 1302 a
1183 1235 1281 1302 aciolc
1299 1238 1460 1301 insertum

266 1347 461 1427 expunctum
483 1342 634 1426 oportuit.
657 1340 730 1405 Vid.
761 1340 832 1404 Ver.
855 1341 950 1406 lectt.
973 1361 1048 1428 pag.
1075 1339 1150 1406 165.

311 1445 391 1533 Peg.
418 1443 492 1511 190.
523 1445 605 1521 πλίρν
636 1445 662 1509 οί
693 1442 876 1526 φιλόσοφοι.
901 1443 1017 1523 ἄλογόν
1040 1470 1076 1510 τε
1099 1445 1159 1511 δίει
1181 1444 1252 1510 τινὰ
1269 1443 1460 1525 -οξνδρεΐον

268 1546 355 1615 είυαι.
391 1548 514 1615 Codex:
538 1548 677 1615 καίτοι
698 1548 815 1626 ἄλογον
837 1558 898 1614 ΓΕ.
922 1548 1034 1615 Plato:
1058 1552 1158 1615 καίτοι
1182 1548 1297 1614 ἄτοπόν
1320 1571 1373 1627 γε.

312 1654 394 1721 Ibid.
417 1654 574 1737 οὶκολαοίρι
595 1654 652 1718 τινί
676 1653 826 1736 σώφρονες
850 1649 939 1719 εἶναι.
972 1651 1080 1721 Codex
1102 1653 1252 1736 σώφρονες
1275 1648 1351 1719 είσιν
1373 1651 1459 1739 (εἰσ).

268 1756 414 1828 Correxit
433 1760 539 1844 prima
559 1777 675 1823 manue
697 1753 787 1822 εἶναι.
928 1749 937 1755 ’

313 1864 394 1951 Peg.
420 1860 496 1927 192.
528 1862 741 1941 κρατουμένοις
774 1860 831 1942 ὑφ’
856 1863 962 1938 ἡδονῶν
984 1871 1107 1944 κρατεῖν
1129 1864 1189 1929 τῶν
1211 1860 1316 1928 ἄλλον
1339 1862 1459 1937 ἡδονῶν.

270 1966 376 2036 Codex
398 1965 504 2033 ἄλλον
527 1968 666 2045 omittit;
690 1967 736 2031 cic
758 1971 791 2032 et
813 1964 917 2032 Plato.
1432 2028 1434 2031 ,

314 2072 395 2138 Ibid.
419 2066 441 2152 ᾧ
464 2075 516 2136 νῦν
538 2069 573 2145 δὴ
598 2070 726 2150 ἕλε’ρεσο
748 2072 791 2151 τῷ
810 2068 919 2152 τρόπον
938 2069 1020 2138 τινό.
1045 2068 1151 2138 Codex
1162 2069 1256 2151 ἔλερε
1269 2070 1462 2161 (annocum

271 2175 392 2263 ἔλεγον)
418 2177 534 2241 omisso
557 2176 611 2256 τῷ.

315 2281 396 2368 Peg.
424 2278 498 2344 196.
523 2281 577 2344 οὐκ
599 2278 690 2344 ἄλλοι
715 2280 733 2355 ἢ
757 2280 1054 2362 πεφιλοσοφηκότες.
1079 2279 1186 2347 Codex
1208 2282 1226 2357 ἢ
1247 2282 1274 2346 οἱ
1293 2285 1461 2361 πεφιλοσο·

272 2384 419 2467 φνκότες.
442 2382 554 2449 Plato:
579 2384 597 2459 ἢ
621 2385 647 2448 οί
670 2385 958 2468 πεφιλοσοφηκότες
981 2387 1078 2467 teter.
1102 2387 1212 2467 Ὀρθῶς
1231 2406 1295 2451 non
1314 2406 1371 2451 euo
1389 2385 1461 2452 loco

270 2491 413 2575 positum
435 2490 580 2573 spurium
604 2492 661 2553 eet.

315 2593 395 2680 Peg.
421 2590 496 2657 198.
520 2591 776 2673 οίνανκαζοριένιρν
799 2593 830 2660 δὲ
852 2594 950 2676 όόσπερ
973 2595 1013 2661 δι’
1033 2595 1161 2676 είργμοῦ
1181 2604 1256 2662 AIA
1267 2594 1376 2661 τούτου
1388 2618 1461 2661 σκο-

271 2698 395 2762 πεῖσίαι
424 2697 468 2760 τό
496 2693 580 2761 όντκ.
625 2696 769 2763 Secunda
797 2702 988 2787 praepositio
1019 2710 1094 2765 ΔΙΛ
1117 2700 1309 2786 interpolate
1330 2706 1379 2766 eet
1400 2699 1461 2767 diu

268 2807 341 2867 ente
363 2799 533 2867 lambliehi
554 2807 700 2866 aetatem.
725 2800 773 2869 Of.
803 2803 874 2870 Ver.
897 2806 990 2870 Ιιοοόί.
1013 2825 1087 2892 pag.
1113 2803 1188 2870 165.
1212 2812 1244 2871 et
1268 2803 1342 2869 533.

313 2905 363 2972 Ex
392 2907 462 2989 ipsa
491 2907 736 2989 comparationis
763 2913 878 2975 natura
904 2911 939 2975 in
966 2909 1082 2975 taline
1106 2907 1243 2976 secunda
1265 2912 1460 2995 praepositio

267 3009 397 3076 nullum
417 3010 526 3076 locum
544 3008 650 3076 habet.
679 3010 855 3079 Emendate
872 3014 993 3102 legitur
1011 3012 1096 3098 apud
1114 3015 1222 3099 ipeum
1240 3012 1457 3079 Iamblichnm

268 3136 342 3202 pag.
367 3113 420 3179 16.
446 3112 584 3193 καίοίπερ
607 3115 649 3186 είς
673 3111 788 3181 ἄσυλον
806 3117 932 3196 τέμενος
952 3119 1007 3192 σὺν
1024 3117 1135 3199 epacta
1155 3118 1309 3198 όρμκτίον.
1332 3118 1457 3204 Nempe

269 3222 315 3284 εἰσ
337 3219 404 3301 ejece
424 3219 521 3282 υόπίκε
544 3216 658 3283 ἄσυλον
678 3218 803 3297 τέμενος
827 3243 893 3287 eeee
916 3223 1044 3287 dieitur.

314 3321 395 3409 Peg.
418 3322 495 3388 200.
520 3325 538 3398 ί
561 3326 614 3387 τοῦ
638 3322 768 3398 οίληίοῡς
791 3326 963 3408 φιλοσόφου
986 3326 1088 3407 ψυχή.
1112 3323 1219 3392 Codex
1238 3328 1344 3398 τοῦός
1362 3329 1456 3401 den·

268 3430 338 3501 ίῶς
360 3428 551 3510 φιλοσόφου,
573 3432 612 3492 ut
635 3428 720 3512 apud
741 3430 919 3498 Platonem.

313 3531 395 3598 Ibid.
431 3524 590 3597 δποίντιον
612 3530 742 3609 μέγιςόν
764 3559 799 3600 τε
824 3543 959 3601 κοικΟΝ.
994 3533 1100 3601 Codex
1124 3541 1156 3601 et
1178 3535 1290 3601 Plato:
1314 3543 1453 3600 κοικΩΝ.

313 3637 394 3723 Peg.
418 3634 495 3701 202.
527 3641 633 3703 ταῦτα
664 3637 696 3702 δὲ
726 3638 851 3716 μόλιςα
874 3641 983 3721 όρατοί.
1018 3640 1072 3706 eic
1094 3647 1127 3707 et
1148 3641 1292 3707 Platonis
1315 3638 1453 3707 Codices.

266 3740 366 3809 Recte
387 3740 552 3806 Heindorf.
576 3740 702 3816 μόλιςα
726 3753 785 3810 ΤΑ
809 3746 917 3826 όρατοί.

313 3845 394 3933 Pag.
418 3843 495 3911 204.
528 3844 611 3927 είπερ
645 3849 662 3923 ἦ
694 3849 785 3928 ψυχὴ
813 3848 967 3923 οίόοίυκτος
1000 3851 1181 3929 ἐπιμελείας
1205 3851 1314 3917 δεῖται.
1351 3847 1455 3917 Codex

268 3954 302 4017 et
322 3949 431 4016 Plato:
456 3950 639 4027 ἐπιμελείας
665 3960 724 4017 ΔΗ
748 3953 856 4018 δεῖται.

314 4055 395 4141 Peg.
419 4053 496 4119 206.
528 4057 571 4130 είς
603 4055 646 4124 τόν
678 4057 735 4123 ὑπὸ
766 4064 825 4136 γῆν
856 4060 1053 4142 δικαιυτιὶριοι
1085 4061 1259 4139 ἐξελθοῦσα.
1296 4058 1400 4127 Codex
1423 4063 1456 4124 et

269 4158 377 4225 Plato:
402 4160 543 4225 ἒλίοῦσοο.

315 4263 395 4351 Peg.
419 4262 496 4330 210.
531 4267 558 4331 cl
588 4268 651 4347 νόιρ
680 4269 809 4334 τοιοῦτοί
838 4292 896 4334 που
928 4270 962 4334 ἐκ
994 4270 1067 4335 νόου.
1112 4268 1218 4337 Codex
1250 4273 1284 4336 ἐκ
1308 4268 1395 4345 νέων,
1418 4272 1455 4331 ut

274 4366 356 4450 apud
383 4365 558 4432 Platonem.
