3340 5014
284 328 348 392 158
677 346 915 397 oassnmnonas
942 348 1079 396 ertatem

279 533 309 599 p.
326 516 402 580 251.
426 517 468 580 52
494 513 551 595 ἐμὲ
582 517 797 591 κατακλείσας
828 516 895 600 ἔχει
918 518 1004 597 μηδ’
1026 513 1094 583 ὅσον
1117 513 1274 597 τροκύψαι
1298 519 1357 581 τῶν
1380 511 1470 593 θυρῶν

278 619 464 701 ἐπιτρέπων·
489 641 519 707 p.
536 624 613 687 299.
641 625 680 688 17
703 624 866 699 μηδέπω
891 623 1103 705 κεκορεσμένος
1129 624 1144 689 1
1167 623 1223 701 έμὲ
1246 621 1379 701 εἰληχὼς
1403 618 1471 685 δαί·

278 749 343 804 μων
366 725 526 803 ήτοέτησε·
551 748 581 813 p.
608 730 684 794 502.
711 731 731 792 2
755 727 790 793 τὸ
814 738 876 803 τοῖς
901 732 1057 808 τολεμήοις
1083 728 1208 802 ἑκόντας
1232 728 1343 800 αὐτοὺς
1365 727 1470 806 tyxei-

278 831 367 914 ρ1ζειν
389 833 443 898 οὐκ
472 832 659 908 ἐπαινοῦσα,
690 834 743 913 μή
768 834 831 916 γὰρ
862 830 938 900 εἶναι
961 834 1108 917 πρόδηλον
1129 837 1168 908 ὤς
1192 833 1385 915 οὶναιρήσουσι
1409 847 1471 897 λα·

277 935 406 1017 βάντες·
431 959 461 1025 p.
481 942 558 1004 518.
583 942 625 1004 42
655 939 778 1017 μηδὲν
808 941 972 1019 μελλήσας
1003 941 1170 1011 doleam·
1198 959 1229 1026 p.
1245 943 1321 1006 529.
1347 944 1366 1005 7
1391 933 1471 1004 εἶδον

277 1044 329 1123 μή
352 1046 396 1117 εἰς
418 1046 523 1125 μικρὸν
545 1045 581 1109 τὸ
604 1048 744 1125 τροῖνμα
763 1047 974 1123 τελευτήσειν·
1007 1067 1039 1133 p.
1054 1050 1131 1114 400.
1157 1049 1200 1111 27
1224 1045 1275 1123 μή
1298 1043 1467 1122 συλλαβὼν

277 1150 330 1215 τὸν
353 1154 419 1214 νοῦν
440 1155 499 1215 τῶν
532 1149 711 1233 εἰρημένων,
739 1153 913 1232 σύγγνωθι,
947 1151 1020 1237 ἔφη.
1068 1151 1221 1220 Omnium
1243 1151 1468 1238 turpissimum

277 1261 328 1319 ast
351 1273 382 1340 p.
396 1258 473 1321 551.
500 1258 558 1321 ll:
582 1257 750 1336 τοῦτομὲν
772 1256 888 1338 ὅτιμή
912 1256 1015 1335 ἔταιή
1038 1259 1223 1338 γιγνόμενον
1240 1261 1309 1326 οὐκ
1332 1256 1468 1339 ὄψομαι,

278 1358 378 1436 δῆλον.

323 1463 460 1531 Videtur
482 1473 588 1532 tamen
621 1467 681 1533 sibi
713 1468 903 1536 Heliodorus
934 1469 1129 1536 nitidissime
1153 1469 1295 1536 seribere
1318 1475 1351 1535 et
1375 1466 1468 1555 plena

278 1588 377 1636 manu
408 1569 585 1657 elegantias
620 1573 743 1640 seilicet
773 1594 925 1662 spargere
956 1575 1054 1653 solet,
1087 1583 1123 1641 ut
1155 1594 1336 1642 sermonem
1370 1591 1466 1639 snum

277 1673 467 1760 distinguat.
504 1676 622 1743 Notum
642 1687 692 1745 est
708 1679 867 1766 quomodo
890 1679 1102 1747 Athenienses
1121 1679 1348 1767 coniunctione
1368 1676 1468 1760 ὥσπερ

279 1783 326 1848 υ11
352 1780 491 1854 soleant.
517 1782 572 1848 sed
598 1803 691 1869 paroe
714 1786 761 1851 sic
787 1794 925 1851 utuntur
948 1794 981 1853 et
1001 1806 1076 1852 oum
1097 1785 1240 1859 deleetu;
1260 1784 1344 1872 apud
1367 1782 1468 1850 Helio·

277 1884 394 1952 dorum
418 1894 450 1952 et
471 1889 668 1955 recentiores
691 1892 821 1975 quosvis
846 1890 928 1958 idem
964 1899 1134 1978 utramque
1158 1893 1307 1978 paginam
1334 1889 1467 1955 obtinet.

279 1989 400 2058 Scribit
426 1995 545 2078 pazo.
565 1997 601 2058 17
626 1991 724 2076 ὥσπερ
748 1994 782 2073 ἐξ
805 1994 898 2062 ὕπνου
917 2001 970 2062 τοῦ
994 1998 1145 2074 1ανο1του,
1171 2018 1200 2084 p.
1216 2000 1293 2063 226.
1310 1994 1468 2077 54ἱ1στερ

277 2097 336 2163 ὑπὸ
360 2103 507 2179 τρητήμς
537 2106 593 2174 τῆς
622 2098 741 2181 lusor,
774 2120 869 2189 quem
902 2102 1007 2169 loetum
1042 2108 1206 2168 nonsatis
1230 2120 1384 2188 assequor
1407 2118 1468 2167 ont·

278 2201 483 2289 ilirsoitigius
509 2206 672 2291 corrigere
697 2206 853 2284 voluerit,
877 2209 932 2293 qui
958 2207 1070 2274 itidem
1095 2210 1217 2275 erravit
1248 2229 1279 2295 p.
1302 2211 1378 2275 550.
1404 2213 1467 2287 54,

164 2386 169 2395 .
277 2328 310 2396 p.
325 2313 402 2376 245.
430 2313 472 2375 48
503 2307 600 2391 ὥσπερ
631 2316 739 2394 ψυχῆς
769 2318 823 2379 τοῦ
856 2312 1031 2392 Θεαγένους
1062 2315 1261 2398 αφηρημένην
1293 2315 1345 2381 καὶ
1370 2311 1468 2397 ὥσπερ

278 2414 399 2497 θανάτῳ
418 2416 461 2497 τῷ
486 2419 570 2499 κακῷ
593 2417 814 2497 βεβλημένην·
836 2438 867 2505 p.
889 2425 963 2485 247.
990 2423 1032 2486 42
1057 2421 1195 2501 καθάπερ
1220 2420 1283 2486 oiri
1307 2417 1467 2498 ὕσπληγος

276 2530 333 2597 τῆς
353 2521 448 2599 βοῆς·
473 2541 503 2607 p.
518 2527 595 2588 305.
618 2527 659 2588 47
683 2521 783 2604 ὥστερ
809 2527 883 2606 »inin
904 2535 944 2608 oti
968 2527 1086 2610 Φλογέ·
1113 2545 1142 2611 p.
1158 2526 1234 2591 307.
1259 2529 1302 2591 48
1326 2525 1466 2606 καθάπερ

277 2628 330 2693 dxl
351 2652 382 2694 τι
407 2626 576 2708 παράδοξον
599 2629 654 2703 τήν
679 2629 765 2694 θέαν·
792 2650 821 2716 p.
844 2635 919 2697 575.
945 2636 983 2697 51
1011 2630 1109 2710 ἇσπερ
1133 2632 1191 2696 ατ·
1216 2631 1382 2707 ἐκκλησίας
1407 2636 1467 2695 τῶν

276 2733 457 2815 τορ1με1ιιν·
488 2754 518 2820 p.
539 2738 614 2800 382.
643 2740 682 2800 14
713 2733 813 2816 doen
840 2736 890 2802 έτ1
921 2736 1058 2820 Φρούριον
1081 2736 1116 2800 τὸ
1148 2736 1236 2818 ζῷον·
1269 2757 1299 2822 p.
1319 2739 1394 2803 582.
1424 2738 1466 2800 24

277 2838 375 2920 ὥσπερ
399 2841 433 2919 έξ
462 2840 654 2919 ἀκροπόλεως
685 2847 743 2906 τῶν
768 2840 910 2922 πύργων·
937 2862 965 2927 p.
987 2845 1063 2908 582.
1097 2847 1156 2918 58,
1192 2861 1264 2908 nant
1299 2852 1349 2908 let·
1383 2841 1466 2907 idem

278 2944 420 3011 recurrit
443 2947 559 3031 pagina
582 2944 710 3012 eadem:
734 2946 834 3026 ὥσπερ
858 2949 892 3013 ἐκ
915 2945 1012 3029 λόχου
1036 2952 1089 3013 τοῦ
1114 2948 1303 3030 ἐλέφαντος·
1334 2969 1365 3035 p.
1389 2952 1465 3015 585.

278 3053 322 3116 58
344 3047 445 3132 ὥσπερ
467 3051 529 3117 riori
549 3060 665 3127 σκοτής
687 3058 741 3119 τοῦ
761 3053 895 3135 πύργου·
923 3076 954 3142 p.
973 3058 1049 3120 584.
1065 3058 1109 3121 50
1131 3051 1231 3135 ὥστερ
1254 3056 1307 3137 ἐφ’
1325 3052 1466 3135 ἅρματος

277 3160 331 3221 τοῦ
359 3154 544 3239 ἐλέφαντος·
571 3180 601 3246 p.
625 3162 701 3226 898.
728 3163 769 3224 45
797 3158 935 3240 καθάπερ
959 3159 1045 3243 νέφει
1063 3168 1104 3243 τῇ
1122 3160 1247 3244 ταινέρο·
1277 3179 1306 3246 p.
1323 3164 1398 3228 404.
1424 3163 1466 3225 27

277 3261 567 3346 moderationem
591 3265 693 3348 δεσμῷ
715 3267 759 3348 τῷ
777 3265 889 3331 ἐκείνου
914 3265 1106 3344 βουλήματι.
1155 3265 1219 3331 Hoc
1242 3284 1303 3331 usu
1323 3264 1466 3349 cognito,

277 3376 411 3454 apparet
434 3369 556 3455 aliquid
576 3370 732 3436 excidisse
757 3374 876 3456 11162.
898 3375 957 3436 47;
981 3368 1080 3452 ὥσπερ
1100 3369 1142 3453 τῷ
1161 3370 1288 3449 ὀνόματι
1307 3374 1361 3435 τοῦ
1382 3370 1466 3434 θοα-

279 3474 366 3554 μιδος
386 3475 515 3555 βληθεὶς
538 3477 593 3552 τήν
615 3477 729 3554 duodo,
760 3475 815 3542 sed
849 3475 928 3542 1111111
961 3477 1040 3542 satis
1073 3485 1196 3542 eertum
1228 3477 1358 3543 invenio
1380 3472 1465 3562 quod

279 3578 465 3666 interpolari
491 3581 599 3667 possit.
647 3579 715 3647 Non
748 3582 912 3648 succurrit
944 3580 1028 3667 quod
1062 3583 1165 3668 magis
1200 3581 1325 3669 placeat
1353 3600 1465 3669 quam:

278 3682 377 3767 ὥσπερ
401 3685 541 3776 (ἑρπετῷ)
567 3688 609 3769 τῷ
634 3685 772 3764 ὀνόματι.

323 3790 438 3859 Nescio
459 3790 619 3879 quomodo
648 3791 769 3858 laetum
800 3793 844 3859 sit
868 3800 905 3859 nt
928 3792 1117 3860 Heliodorus
1140 3792 1316 3861 identidem
1342 3802 1468 3882 praeter

279 3899 503 3965 necessitatem
538 3900 796 3985 conjunctionem
831 3900 856 3965 ε1
888 3918 962 3965 eunt
1000 3901 1141 3987 optativo
1172 3900 1335 3986 jungeret.
1384 3900 1467 3966 linae

281 4023 381 4090 panea
413 4003 571 4090 quaedam
607 4004 752 4092 exempla
782 4004 822 4071 de
853 4004 1019 4092 plurimis,
1052 4026 1135 4094 qnae
1164 4006 1307 4073 studiose
1339 4004 1464 4089 collegi.

281 4108 413 4192 Legitur
438 4130 467 4196 p.
493 4115 570 4177 252.
597 4114 640 4177 48
669 4111 763 4178 ε1σοι
786 4109 916 4189 δόξειεν,
949 4114 1000 4178 ἔτ’
1028 4113 1194 4197 αὐτοφώρῳ
1218 4109 1389 4194 παραδώσω
1413 4108 1465 4173 τὸν

278 4215 408 4295 μοιχόν,
433 4215 516 4302 quod
543 4214 623 4282 milti
647 4216 738 4283 dabis
762 4217 921 4284 soloeoum
946 4238 1032 4295 esse,
1057 4219 1112 4285 sed
1137 4239 1199 4285 non
1224 4216 1327 4284 multo
1350 4213 1466 4281 melius

276 4332 326 4388 est
350 4320 434 4407 quod
467 4321 637 4408 respondet
661 4321 758 4389 alter:
781 4324 806 4389 ε1
831 4324 894 4406 γὰρ
918 4321 994 4393 οὕτω
1014 4327 1181 4409 βουληθῇς.
1230 4320 1349 4389 nouem
1372 4318 1466 4385 modo

276 4435 407 4495 erratur
423 4447 453 4515 p.
467 4431 543 4494 251.
570 4433 613 4496 48
639 4428 670 4494 ε1
685 4453 727 4510 με
750 4429 946 4511 τροτδέξαιο,
967 4437 1108 4517 ταροῦσα
1125 4429 1324 4511 διηγήσομαι.
1350 4424 1465 4495 itidem
