3388 5010
282 335 349 401 tto
781 353 983 400 sescentum

331 528 405 611 Pag.
431 530 507 593 500.
556 522 721 606 Quaesivit
744 519 916 608 aliquando
937 521 1113 611 Dionysius
1137 522 1256 588 maior:
1285 524 1334 597 τίς
1357 524 1477 605 ἤπειρος

286 640 304 715 ἢ
329 642 417 708 νῆσος
454 623 500 720 [ἢ]
532 631 585 697 τίν
617 628 719 712 ύρισον
748 628 873 712 χαλκὸν
903 629 998 712 φύσις
1023 626 1185 715 Antiphon
1210 628 1392 716 rospondit:
1417 630 1478 708 tyb

283 741 385 824 ύριςον
417 735 487 805 οἶδα
510 739 563 804 τὸν
588 738 749 812 Ἀθήνησιν
772 732 807 801 ού
829 735 997 815 γεγόνασιν
1018 734 1078 823 (αἱ)
1103 733 1262 813 Ἀρμοδίου
1281 737 1335 801 καί
1361 737 1479 817 'Apusc-

284 951 395 1021 culum
429 947 503 1016 addi
536 956 695 1034 oportere.
743 945 806 1014 Sed
835 945 914 1034 quid
948 946 1142 1013 Philostrato
1171 945 1291 1026 iacias,
1321 949 1376 1034 qui
1401 947 1481 1015 haee

284 1062 483 1139 Ἀντιφῶντα
506 1054 652 1137 Σωφίλου
671 1053 888 1137 Ῥαμνούσιον,
910 1052 1162 1120 disertissimum
1176 1060 1337 1120 oratorem
1349 1062 1383 1122 el
1395 1053 1487 1120 thu·-

285 1164 411 1255 cydidis
436 1162 653 1247 magistrum,
687 1159 808 1226 dixisse
833 1160 917 1226 serio
941 1157 1099 1237 tradidit,
1123 1177 1219 1245 quern
1245 1167 1371 1225 cunstat
1396 1159 1481 1226 inter

285 1290 398 1338 omnes
429 1267 564 1334 Athenis
595 1264 726 1353 capitali
759 1265 918 1353 supplicio
950 1263 1102 1332 allectum
1135 1285 1210 1349 esse
1229 1285 1314 1332 anno
1339 1270 1424 1343 411,
1448 1264 1481 1331 id

286 1385 337 1444 est
367 1386 472 1442 οοοοοο
505 1392 590 1439 anuo
622 1380 699 1437 ante
730 1390 826 1457 quarn
859 1370 1033 1459 Dionysius
1063 1390 1173 1438 rerum
1206 1373 1367 1459 potiretur
1397 1391 1482 1439 auno

287 1486 364 1550 tot.
413 1480 542 1547 Poterat
566 1478 668 1563 igitur
693 1495 825 1563 parcere
849 1475 1004 1563 gravibus
1028 1476 1223 1557 sententiis,
1247 1496 1330 1563 quas
1355 1478 1387 1542 in
1406 1496 1480 1543 eum

287 1594 492 1674 contorquet,
513 1584 702 1656 Σικελιώτας
721 1584 778 1663 μὲν
800 1584 1013 1666 ἐλευθεροῦντα
1034 1584 1212 1660 Ἀύηναίους
1229 1581 1481 1664 ibiconcilium.

287 1695 397 1761 luanis
430 1692 507 1758 baec
532 1690 710 1778 loquacitas
732 1697 798 1766 est,
830 1696 862 1755 et
887 1690 1019 1756 omnino
1039 1688 1091 1754 bis
1115 1688 1302 1756 bominibus
1324 1689 1405 1755 nibil
1432 1698 1482 1756 est

290 1801 408 1879 letius,
435 1798 514 1865 nibil
538 1796 678 1864 futilius.

334 1905 539 1973 lnaudirerat
563 1899 685 1988 aliquid
710 1899 750 1966 de
774 1902 883 1968 nescio
909 1920 973 1987 quo
997 1899 1212 1989 Antipbonte,
1244 1920 1340 1988 quem
1365 1901 1484 1992 Diony·

289 2013 359 2079 sius
382 2011 422 2077 ob
447 2009 479 2075 id
503 2006 626 2075 dicturn
654 2006 762 2073 necari
785 2006 940 2073 iussisset.
973 2005 1059 2075 Plut.
1080 2008 1120 2074 de
1138 2005 1311 2075 Adoluture
1329 2019 1359 2074 et
1376 2008 1484 2076 Amico

290 2138 363 2205 pag.
391 2120 435 2183 68
459 2136 491 2180 tt.
524 2121 624 2188 κακῶς
648 2113 680 2179 δὲ
701 2112 754 2178 καί
775 2114 930 2195 Ἀντιφῶν
948 2113 1036 2194 παρὰ
1056 2114 1202 2196 Διονυσίῳ
1222 2112 1374 2197 ζητύσεοιρ
1393 2114 1483 2191 ούσηρ

288 2224 341 2290 καί
365 2221 461 2301 λύγου
484 2228 571 2293 notae
594 2218 719 2300 χαλκίς
737 2215 856 2300 ι’ίριςος,
876 2222 1031 2298 Ἐκεῖνος,
1055 2215 1157 2300 εἶτεν,
1183 2217 1272 2298 ἐξού
1291 2222 1484 2290 κατεσκεύα·

289 2355 347 2396 σαν
371 2329 523 2404 Ἀθηναῖοι
552 2325 612 2398 τοὶς
636 2325 796 2406 Ἁρμοδίου
820 2325 875 2391 καί
899 2328 1140 2408 Ἀριςονείτουος
1163 2326 1303 2405 elotae,
1328 2347 1410 2413 quae
1434 2326 1485 2394 ille

289 2437 398 2502 statim
425 2433 465 2499 ad
491 2430 658 2499 Oratorem
684 2430 798 2497 retulit
816 2441 943 2498 ¹temere
968 2432 1108 2499 miscens
1127 2431 1249 2500 omnia.
1298 2433 1334 2499 ln
1359 2434 1483 2502 ritisx

289 2540 460 2609 Oratorem
485 2537 570 2626 quud
595 2535 635 2603 de
658 2535 769 2603 eodem
795 2537 951 2603 scribitur
977 2558 1050 2625 pag.
1076 2542 1141 2604 833
1157 2558 1186 2607 ιι.
1208 2540 1402 2620 πρεσβευτὴν
1420 2540 1483 2622 γὰρ

287 2648 362 2714 ίντα
383 2648 476 2714 αὐτὸν
498 2648 540 2720 είς
565 2644 765 2726 Συρακούσας
789 2650 924 2710 τλεῦσαι
949 2645 1063 2711 titium
1088 2642 1157 2711 alit.
1203 2643 1284 2711 Erat
1308 2646 1396 2711 enim
1421 2667 1484 2711 ιιιιυ

290 2754 381 2821 litero
405 2753 510 2819 minus
533 2770 629 2839 quam
655 2750 869 2833 πρεσβευτής,
895 2759 928 2817 el
951 2749 1159 2817 scribendum
1185 2750 1398 2833 πρεσβύτην
1419 2751 1483 2834 γὰρ

289 2861 381 2937 ὄντα,
410 2857 495 2946 quod
520 2856 574 2924 vel·
593 2857 770 2944 partipium
794 2854 869 2922 bra
892 2855 1038 2925 additum
1064 2855 1281 2928 demonstrat.

338 3071 414 3156 Peg.
440 3073 518 3137 502.
544 3069 602 3137 ύτί
625 3075 683 3136 τῶν
702 3069 791 3151 αμφὶ
818 3068 1038 3151 Θρασύβουλον
1059 3065 1086 3137 ci
1106 3076 1244 3150 κατῆγον
1263 3070 1326 3136 cirri
1345 3075 1482 3153 φυγῆς

291 3180 342 3244 τὸν
371 3177 477 3256 δῆμον.
525 3175 593 3241 loru
622 3194 698 3241 voro
729 3175 792 3242 ίτο
826 3183 979 3254 Φυλῆς,
1010 3174 1096 3263 quod
1123 3196 1209 3243 nunc
1232 3175 1324 3244 video
1347 3176 1388 3242 ab
1411 3175 1484 3243 aliis

292 3291 484 3368 occupatum
508 3287 540 3347 et
564 3299 582 3346 a
607 3280 751 3370 Kaysero
775 3281 807 3346 in
832 3280 1029 3368 praefatione
1053 3280 1236 3369 probatum.

338 3494 422 3562 Sunt
454 3493 485 3559 in
520 3491 707 3559 Philostrati
732 3492 824 3560 libris
848 3492 909 3559 loci
934 3493 1066 3580 quidam
1093 3503 1158 3562 taur
1180 3495 1264 3563 male
1288 3494 1422 3564 mulcati
1446 3508 1482 3563 ut

293 3600 379 3669 nulla
401 3596 596 3668 emendandi
620 3618 693 3685 spes
717 3618 886 3685 superesse
910 3600 1068 3668 rideatur.
1101 3601 1220 3670 Subest
1239 3601 1485 3682 vetusiacum,

290 3720 323 3777 et
355 3708 480 3775 lacerae
507 3705 678 3772 verborum
702 3704 858 3791 reliquiae
883 3725 970 3772 nuuc
994 3706 1114 3795 absque
1138 3708 1202 3775 ullo
1226 3728 1323 3777 sensu
1347 3708 1481 3795 conglu-

290 3816 412 3882 tinatae
445 3821 536 3890 sunt,
569 3810 670 3877 veluti
702 3831 732 3897 p.
759 3815 834 3878 508.
860 3812 874 3877 ύ
899 3811 925 3878 ύ
949 3814 1102 3896 Αἰσχίνης
1126 3815 1191 3882 οὐδὲ
1213 3821 1273 3882 τῶν
1296 3816 1480 3896 οίτοβεβλη·

289 3921 387 4002 μένου
411 3919 486 3985 τοτὲ
510 3918 564 3993 την
589 3916 709 3983 riccila
732 3917 939 4001 ἑιύνμουμὲνιρ
962 3921 998 3986 τί
1022 3922 1052 3985 ἐν
1076 3920 1242 4001 Ταμύναις
1266 3920 1364 4003 ἔργον.
1395 3922 1480 3989 Haec

289 4024 458 4101 οὶοιανύητα
488 4032 565 4091 suut
597 4033 629 4090 et
653 4021 812 4090 absurda:
847 4024 1013 4112 complura
1037 4025 1228 4095 exciderunt
1251 4034 1284 4094 et
1308 4027 1388 4093 nibil
1412 4029 1480 4115 spei

292 4134 463 4218 reliquum.
511 4128 641 4216 Aliquid
672 4128 809 4217 dispicio
841 4151 871 4217 p.
903 4136 978 4200 tos.
1011 4135 1044 4200 od
1071 4134 1134 4217 γὰρ
1155 4133 1194 4201 νίν
1217 4159 1293 4202 ποτε
1317 4135 1412 4211 druria
1433 4159 1480 4201 νο·

289 4238 409 4317 μιούείη
440 4237 485 4303 roi
514 4235 683 4318 ύνύρύτεια
705 4236 772 4304 otii
795 4236 928 4306 διδακτοὶ
951 4231 973 4306 ἃ
997 4237 1152 4321 ἕμοίύομον
1175 4242 1201 4308 εί
1225 4241 1331 4322 μνήμη
1354 4265 1480 4308 συνοτο·

288 4345 426 4413 λιτεύετο
456 4342 627 4424 ύνύρύτοις.
675 4344 740 4410 Ηοο
774 4363 873 4410 unum
906 4346 1017 4423 video,
1049 4348 1189 4434 requiri:
1223 4349 1249 4414 εί
1282 4357 1348 4416 ΜΗ
1371 4347 1478 4428 μνήμη

290 4447 558 4519 συνετολιτεύετοε
584 4448 707 4535 reliqua
731 4450 873 4536 corrigat
898 4451 953 4538 qni
978 4453 1105 4538 poterit.
