3388 5010
653 358 807 404 uncturum
831 357 868 404 ιτ
891 359 1043 406 auctuum.
1373 345 1437 406 :77

253 524 338 593 liris.
380 524 476 593 alleri
515 526 628 594 Bacch.
659 530 740 594 618:
785 525 954 591 »inimicos
988 544 1085 613 quam
1118 526 1239 593 amicos
1270 536 1437 614 aequomst

252 630 325 698 med
351 631 501 713 babere”.
549 633 633 700 llud.
657 632 713 699 lll.
739 638 771 699 3.
798 635 858 697 22:
889 639 1069 699 »certumst
1093 632 1205 697 moriri
1229 650 1326 718 quau:
1352 631 1439 699 bunc
1482 618 1485 629 ’

251 736 319 824 pati
349 737 490 821 grassari
521 736 666 805 lenonem
692 738 725 802 in
751 737 834 802 me”.
871 736 911 802 Et
934 736 981 803 sic
1007 735 1117 802 Liuius
1139 735 1197 802 lll.
1224 740 1287 807 ld:
1316 737 1438 804 »oratio

251 840 314 908 luit
336 841 487 929 precibus
510 862 608 929 quam
633 844 739 929 iurgio
763 841 914 909 similis’'.
941 841 966 908 l.
993 847 1046 909 25.
1076 847 1132 909 13:
1159 840 1315 910 »Romani
1342 842 1439 909 liora·

250 948 333 1012 tium
366 947 531 1034 accipiunt
555 968 592 1014 eo
615 951 737 1014 nraioro
760 966 835 1013 cum
859 945 999 1032 gaudio,
1031 966 1095 1032 quo
1119 965 1216 1033 prope
1240 955 1361 1014 metum
1386 966 1440 1014 res

250 1049 378 1117 iuerot”
403 1052 517 1121 Xlllll.
543 1058 596 1120 45.
625 1060 683 1120 15:
713 1053 875 1139 »ipsorum
901 1071 998 1138 quiam
1026 1050 1215 1118 Hannibalis
1240 1051 1436 1120 interesse”.

249 1155 386 1243 Saepius
416 1157 464 1224 sic
495 1158 637 1241 'laelius
688 1157 773 1222 Velle
803 1176 860 1243 pro
883 1156 980 1222 mette
1003 1156 1070 1222 biv.
1096 1156 1191 1224 XXV.
1219 1161 1276 1225 29.
1302 1161 1341 1224 d:
1369 1156 1438 1224 »la-

247 1280 362 1328 maene
385 1261 473 1329 credi
495 1261 595 1340 uelis,
620 1271 740 1349 quanta
766 1260 842 1328 urbs
866 1281 884 1327 a
908 1268 940 1328 te
964 1270 1057 1349 capta
1083 1263 1142 1339 sit,
1174 1281 1271 1350 quarn
1299 1264 1436 1351 posteris

247 1385 375 1452 quoque
398 1386 469 1433 ean:
494 1367 678 1455 spectaculo
701 1366 805 1433 esse’'.

293 1470 437 1539 XXVlll.
452 1479 481 1538 1.
506 1471 669 1540 blalebcus
687 1470 818 1558 quidam
840 1470 987 1537 tradetur
1011 1471 1111 1538 iudici
1135 1472 1233 1558 brtpo.
1272 1472 1348 1540 lude
1372 1473 1437 1541 col·

245 1573 406 1663 loquium:

325 1700 407 1747 »non
433 1679 571 1748 aderit”.
598 1714 640 1735 ·-
659 1683 776 1763 ἀρχαῖς
802 1679 963 1747 bominem
987 1688 1021 1747 et
1044 1682 1208 1761 στοιχείοις
1233 1682 1329 1748 simul

348 1785 497 1872 privabit.

289 1891 489 1979 Responsum
522 1900 609 1957 recte
640 1910 674 1956 se
699 1888 846 1969 babebit,
871 1890 899 1955 si
924 1897 1092 1977 propterea
1118 1890 1203 1977 quood
1227 1891 1301 1978 quis
1324 1893 1357 1958 in
1383 1894 1431 1959 iu·

243 1995 328 2064 dicio
358 2015 392 2064 se
423 2015 485 2062 non
515 1997 619 2071 sistit,
649 1997 766 2083 capitis
797 1995 1054 2062 deminutionem
1090 1996 1263 2062 maximam
1296 1999 1429 2084 patitur.

243 2101 305 2168 Sed
341 2109 470 2189 propter
505 2100 659 2168 delictum
695 2100 792 2167 alicui
823 2119 906 2186 aqua
937 2109 970 2167 et
1002 2101 1069 2185 igni
1103 2100 1329 2180 interdicitur,
1363 2102 1431 2169 sire

242 2205 346 2286 adsit,
380 2208 447 2273 siue
471 2206 503 2271 in
527 2206 658 2272 exilium
691 2205 754 2271 iam
781 2214 895 2292 sponte
918 2203 1082 2292 proiectus
1113 2206 1166 2271 sit.
1213 2204 1326 2293 ltaque
1350 2206 1429 2276 baec

241 2329 304 2375 nou
329 2310 604 2401 benelquadrant.
643 2310 814 2396 Propterea
838 2308 1043 2376 scribendum
1067 2311 1252 2397 suspicatus
1271 2331 1344 2377 sum
1366 2334 1428 2380 oon

239 2415 321 2480 derit
342 2438 384 2472 =
405 2416 522 2494 deerit,
556 2423 591 2480 ut
625 2413 702 2480 baec
733 2413 827 2480 verba
858 2413 960 2480 eidem
987 2433 1142 2500 personae
1168 2419 1422 2497 continuentur:

239 2539 301 2585 non
326 2518 428 2586 deerit
449 2520 557 2607 Lupus
577 2519 806 2605 exspectationi
825 2529 939 2585 inulae.
978 2516 1064 2584 Meae
1084 2519 1203 2586 rationi
1225 2520 1309 2589 lauet
1327 2541 1424 2612 aspu-

178 2720 181 2725 .
238 2624 344 2693 delon.
371 2625 539 2712 Pergitur:

545 2731 612 2816 igni
636 2750 711 2797 curn
734 2739 767 2795 el
790 2749 872 2816 aqua
898 2726 1109 2794 interdixerit.

238 2833 322 2901 llaec
348 2844 383 2902 ut
408 2835 585 2921 iungantur
615 2832 836 2921 superioribus
865 2831 979 2900 suadet
1009 2842 1189 2919 temporum
1215 2818 1419 2902 consecutio:

239 2938 414 3026 metrobio,
438 2958 513 3006 cuni
538 2938 777 3005 interdixerit'’.
813 2939 855 3005 tn
877 2937 1120 3005 desiderabam:
1147 2941 1215 3027 igni
1239 2960 1313 3007 oum
1338 2940 1369 3008 di
1390 2949 1423 3008 et

236 3047 357 3131 aqua.”
403 3043 584 3132 llespondet
608 3043 707 3110 alter:

358 3149 447 3217 ‚lluo
470 3148 565 3216 babet
588 3158 752 3231 στοιχεῖα,
777 3147 917 3216 adiuerit
940 3152 1047 3217 anima
1072 3151 1105 3216 iu
1130 3170 1281 3239 corpore:

379 3261 424 3333 γῆ
446 3274 581 3341 corpus,
607 3256 748 3321 animast
766 3255 927 3334 maiust.
953 3294 995 3306 —
1021 3256 1277 3324 ·Posterioribus

378 3360 563 3442 στοιχείοις,
588 3361 649 3426 etsi
672 3358 705 3425 id
728 3357 811 3426 male
835 3360 916 3438 erit,
941 3358 1081 3446 privabit
1106 3363 1248 3428 tamen”.

282 3462 336 3530 Sic
368 3463 574 3531 scribendum
612 3484 669 3551 pro
702 3487 731 3530 a.
767 3473 797 3529 ct
832 3486 883 3542 c.‚
914 3488 972 3531 στ.
1009 3466 1037 3531 si
1069 3465 1105 3531 id
1139 3466 1296 3533 moluerit.
1344 3467 1421 3535 Sen-

236 3569 352 3635 tentia:
389 3568 495 3635 llibilo
519 3570 627 3637 niiuus
650 3568 895 3653 uncelenum:
919 3568 1048 3638 babebit
1082 3570 1264 3650 maleficus,
1302 3579 1420 3639 terram

235 3682 268 3739 et
297 3693 415 3742 aereus.
464 3675 520 3752 ut,
553 3676 658 3762 inquit
688 3675 787 3754 alter,
821 3675 931 3761 Lupus
965 3674 1016 3741 bis
1051 3695 1177 3762 quoque
1211 3695 1285 3742 eum
1319 3677 1423 3762 privo·

236 3777 304 3856 bit,
337 3780 486 3865 quamvis
520 3780 714 3847 recalcitret.
762 3780 822 3845 ll.:
861 3779 922 3846 duo
954 3779 1046 3847 debet
1076 3804 1132 3847 στ.
1164 3781 1324 3867 superiori
1350 3801 1424 3869 per·

236 3901 333 3955 suune
369 3884 556 3961 continuat,
602 3894 687 3951 tum:
728 3884 770 3950 ed
804 3894 929 3971 :speret
970 3886 1077 3951 anime
1112 3897 1142 3951 et
1175 3906 1311 3971 corpore.
1360 3885 1422 3953 Sed

235 3988 342 4055 minor
371 3997 421 4055 est
451 4006 528 4055 sane
561 3990 697 4055 ululatio
729 3990 756 4056 si
787 3989 820 4053 in
851 4008 908 4076 pro
937 3998 982 4068 et,
1014 4009 1111 4076 quam
1142 3990 1171 4055 si
1205 4000 1330 4078 superat
1364 4010 1423 4078 pro

234 4094 334 4181 suerit
367 4092 600 4169 substituatur,
637 4102 668 4159 ct
699 4092 866 4161 commoda
896 4101 946 4159 est
977 4095 1152 4169 sententia:
1182 4102 1294 4161 contra
1319 4095 1352 4162 in
1376 4097 1419 4164 ld.

234 4196 372 4266 lectione
401 4199 541 4265 mutatio
569 4197 704 4264 subiecti
738 4196 842 4287 (dubet
873 4218 919 4265 so.
949 4198 1079 4285 Lupus:
1112 4209 1238 4285 superet
1268 4220 1313 4267 sc.
1350 4221 1420 4268 ma·

235 4301 358 4392 leticus)
395 4324 456 4370 non
489 4303 661 4371 admodum
692 4304 821 4390 elegans
858 4313 918 4370 ost.
969 4303 1003 4369 ln
1039 4313 1200 4390 postremo
1234 4326 1328 4374 versu
1364 4329 1421 4394 ap·

237 4417 304 4476 tum
336 4417 385 4476 est
417 4412 474 4476 etsi
505 4417 635 4497 propter
665 4424 780 4479 turnus.
831 4411 912 4478 Tum
946 4411 1096 4497 languida
1128 4422 1203 4479 sunt
1234 4414 1420 4497 invulgata
