3254 5034
547 400 740 450 aurcouooron
763 402 800 449 rr
822 403 949 451 carries.
1303 394 1345 455 35

159 592 194 640 re
215 572 344 659 copiose
365 571 513 660 exposuit
534 571 737 639 Aristonicus
758 572 790 638 in
813 574 1019 641 annotatione
1043 573 1083 640 ad
1108 572 1222 665 Odyss.
1242 586 1276 643 r.
1305 582 1343 644 rt

159 699 218 765 quo
242 678 386 755 Sohoiio,
413 678 493 744 uihil
522 682 755 765 praestantius,
779 678 859 746 nihil
885 679 1082 747 luculentius
1105 702 1144 748 ex
1170 683 1346 750 Aristonici

158 785 289 865 σημείοις
307 784 505 872 descriptum
528 785 612 862 ridi,
637 804 700 850 nou
726 786 757 850 iu
778 785 909 853 brevius
933 786 1038 853 ieiune
1062 798 1265 856 contractum
1290 789 1345 857 sed

157 890 314 970 αὐτολεξεδ
347 889 499 978 pleraque
529 911 567 957 ex
602 891 783 958 Aristarchi
819 893 1062 958 commentariis
1093 903 1210 960 sumta.
1259 895 1347 978 Quae

156 998 270 1063 eximia
295 998 460 1064 annotatio
491 999 567 1083 quia
603 1017 664 1063 una
691 1006 780 1084 parte
804 996 928 1064 laborat
951 999 1092 1086 priorem
1125 1001 1196 1066 eius
1219 1010 1344 1088 partem

155 1101 349 1170 describam:
374 1104 443 1177 τοὺς
464 1108 536 1184 μετ’
559 1104 653 1171 αὐτὸν
677 1113 758 1187 τρεῖς
777 1104 886 1184 τείχους
907 1105 922 1170 θ
941 1105 998 1183 μὲν
1018 1104 1221 1188 Ἀριςοφοίνης
1242 1107 1346 1174 estete

154 1215 334 1288 masinissae
357 1218 421 1284 τοῖς
444 1212 630 1291 νίσερίτιιοις,
655 1205 706 1276 ὅτε
728 1210 761 1276 δὲ
782 1211 840 1276 ὑπὸ
860 1215 913 1276 τοῦ
932 1212 1101 1284 Κθιιλιοπος
1124 1211 1272 1290 λέγονται
1292 1212 1345 1278 καὶ

154 1314 332 1394 ὀβελίσκους
357 1327 421 1390 τοῖς
447 1318 615 1397 οίςερίσκοις
640 1319 842 1397 παρατίθησιν
865 1319 904 1390 ὥς
924 1318 1059 1382 ἐντεῦθεν
1079 1319 1347 1398 μετενηνεγμένον

153 1429 207 1487 τῶν
231 1424 351 1504 ςίχοιν.
377 1424 466 1489 πθθεν
488 1425 551 1504 γὰρ
578 1425 620 1503 τῷ
653 1422 799 1489 Κθιιλοοπι
822 1430 921 1505 ληςῶν
952 1422 1047 1489 ἔννοια
1072 1421 1089 1505 ᾖ
1119 1423 1346 1508 τωμνλλομένιρ

153 1528 250 1610 Φοίναι
284 1526 337 1595 ιοί
360 1531 391 1596 τ’
421 1530 574 1595 Aaronem
597 1530 710 1611 ψυχὰς
734 1529 914 1609 παρθέμενοι
940 1529 1034 1594 καιοδν
1057 1530 1262 1595 ἀλλοδαποῖσι
1285 1529 1345 1613 Φθ-

153 1636 292 1715 ροντες;”
326 1637 340 1702 θ
369 1635 400 1701 δὲ
423 1636 608 1717 Ἀρίςαρχος
631 1636 805 1717 οίιιειθτερον
827 1636 940 1709 αὐτοὺς
963 1635 1119 1715 τετοίχθαι
1143 1636 1174 1700 ἐν
1194 1635 1237 1715 τῷ
1260 1634 1345 1719 λίνῳ

152 1746 202 1807 τοῦ
232 1741 405 1816 Κύκλαπθς
437 1748 546 1824 Φησιν·
581 1740 646 1807 οὐδὲ
677 1743 741 1822 γὰρ
772 1746 822 1807 νῦν
846 1744 872 1807 oi
896 1740 962 1821 περί
987 1739 1182 1823 Τηλέμαχον
1204 1740 1345 1822 ληςριιιθν

152 1871 180 1913 τι
202 1848 425 1931 ἐμφαίνουσιν.
452 1846 589 1914 δοτθον
613 1847 673 1926 δι’,
698 1848 797 1931 Φησὶ,
830 1849 882 1929 τῷ
903 1855 1050 1929 ποιητῇ
1074 1845 1125 1912 τοὶ
1148 1850 1341 1914 τοιαῦτα.

151 1953 201 2019 καί
224 1955 290 2037 γὰρ
312 1958 387 2020 ναῦν
411 1955 504 2020 αὐτὸν
524 1953 661 2035 παροίρει
686 1953 790 2019 είδθτα

333 2058 421 2125 οίλλοί
444 2084 495 2138 μοι
518 2058 584 2141 είφ·
606 2058 665 2141 ὅπη
685 2057 778 2140 ἔσχες
801 2060 850 2126 tes
874 2055 1004 2139 εὐεργέα
1028 2066 1103 2134 νῆα.

149 2166 198 2231 καί
229 2166 369 2242 συνίησιν
399 2165 542 2231 Ἑλλοὶδα
572 2167 685 2247 φωνην.
736 2164 888 2232 Videmus
910 2183 948 2231 ex
975 2161 1025 2228 his
1051 2163 1193 2249 primum
1219 2163 1340 2230 Aristo·

148 2269 286 2357 phauem
319 2270 431 2337 iisdem
460 2272 596 2350 σημείοις
618 2270 737 2357 quibus
758 2270 981 2338 Aristarchum
1005 2288 1098 2335 usum
1124 2289 1195 2336 esse
1217 2269 1339 2349 ὀβελοῖς

149 2375 212 2441 sire
240 2375 418 2456 ὀβελίσκοις
447 2386 479 2441 et
502 2376 681 2458 οίςερίσιιοις.
729 2375 925 2443 Zenodotunr
952 2376 1154 2462 caprimum
1181 2377 1339 2463 reperisse

148 2482 312 2568 suspicor,
338 2480 423 2548 unde
449 2482 713 2568 Aristophanem,
736 2482 851 2549 deinde
872 2492 904 2548 et
924 2480 1149 2548 Aristarchum
1163 2484 1337 2560 sumsisse,

149 2596 182 2652 ut
204 2588 329 2655 diserte
355 2588 573 2654 Aristonicum
600 2580 784 2655 audirimus
808 2587 987 2654 dicentem:
1012 2588 1063 2652 τδν
1083 2588 1115 2653 δὲ
1134 2587 1243 2667 θβελδν
1264 2588 1337 2654 ἔλα·

147 2693 200 2772 βεν
234 2697 271 2762 ἐκ
303 2703 360 2771 τῆς
391 2695 553 2771 Ζηνοδθτον
583 2696 767 2777 διορθώσεως.
816 2691 936 2760 Deinde
967 2713 1028 2758 uon
1061 2696 1141 2757 satis
1170 2692 1336 2760 courmode

146 2798 220 2867 haec
252 2800 359 2867 divisa
391 2809 484 2867 sunt:
516 2802 582 2868 ortt
613 2802 676 2882 γὰρ
709 2806 760 2867 νῦν
783 2803 808 2867 οί
832 2799 898 2882 περὶ
922 2796 1118 2879 Τηλέμαχον
1141 2798 1282 2881 ληςριιιθν
1304 2823 1335 2865 τι

146 2906 365 2990 ἐμφαίνουσιν,
389 2917 420 2974 et
444 2906 544 2973 δοτέον
566 2905 597 2972 δὲ
619 2909 661 2989 τῷ
685 2916 795 2990 ποιητῇ
818 2908 859 2972 τοὶ
883 2911 1026 2973 τοιαῦτα.
1075 2903 1137 2971 Sed
1162 2925 1198 2971 ea
1221 2904 1334 2984 verba,

146 3032 224 3097 quae
253 3033 372 3080 sanum
402 3021 433 3078 et
461 3012 605 3079 sohriunr
632 3011 812 3078 Aristarchi
839 3011 997 3077 iudicium
1022 3020 1165 3096 arguunt
1189 3010 1221 3075 iu
1248 3009 1336 3076 uuita

146 3138 178 3184 re
201 3120 335 3186 modurn
360 3118 566 3197 excedentis,
598 3118 697 3185 δοτέον
720 3119 762 3201 τῷ
785 3128 895 3201 ποιητῇ
919 3118 962 3184 roi
985 3125 1137 3200 τοιαῦτα,
1170 3120 1337 3188 referenda

147 3234 220 3291 sunt
264 3226 305 3292 ad
344 3225 570 3310 Aristophanis
605 3224 823 3291 dubitationes
857 3223 946 3289 πθθεν
978 3227 1021 3307 τῷ
1056 3227 1203 3293 Κύκλωπι
1238 3234 1337 3311 ancer

145 3330 254 3408 ἔννοια;
287 3333 353 3399 ατί.
403 3330 521 3398 Eodem
551 3332 636 3409 iure,
668 3331 791 3417 inquit,
818 3331 945 3395 mireris
971 3350 1042 3397 aum
1066 3332 1172 3397 sonim
1194 3332 1291 3397 nosse
1307 3341 1338 3398 ct

149 3438 262 3506 Graece
293 3438 490 3525 inteiiipere:
512 3438 616 3502 dando
638 3446 710 3502 aaut
733 3436 810 3501 totio
830 3443 947 3522 potitae.
996 3436 1150 3502 Extrema
1177 3457 1251 3522 pars
1276 3436 1336 3503 ioci

147 3564 205 3610 nou
234 3554 286 3611 est
310 3545 448 3630 integra.
499 3543 704 3610 Demonstrat
728 3540 936 3607 Aristarchus
960 3541 1152 3629 praedonem
1177 3562 1247 3608 esse
1273 3562 1334 3609 non

147 3647 315 3716 honesturn
346 3648 403 3716 sed
433 3648 615 3734 improbum
642 3647 766 3714 iaciuus
792 3647 955 3713 veteribus
978 3649 1081 3714 risum
1107 3668 1145 3714 en
1170 3649 1250 3734 ipsis
1272 3647 1337 3715 Ho-

146 3758 224 3822 meri
256 3756 375 3822 verbis.
423 3755 502 3822 Nam
535 3754 698 3820 contraria
729 3761 824 3830 sunt,
857 3755 980 3839 inquit,
1013 3751 1031 3829 ri
1061 3777 1091 3818 τι
1121 3754 1206 3819 uase
1230 3750 1338 3834 πρῆξιν

146 3871 175 3928 et
194 3862 371 3946 μαψιδίως,
397 3860 453 3928 sed
472 3862 636 3927 omittitur
656 3859 739 3946 quod
760 3860 987 3944 gravissimum
1002 3868 1071 3933 est,
1097 3878 1212 3946 nempe
1224 3858 1337 3941 ψυχας

147 3971 326 4050 παρθέμενοι
357 3966 389 4033 id
420 3977 468 4033 est
500 3967 559 4041 τίοι
591 3964 703 4048 ψυχὰς
737 3966 996 4049 παραβαλόμενοι
1028 3967 1095 4031 sire
1118 3964 1337 4036 κινδυνεύοντες

147 4076 210 4156 περί
242 4083 299 4151 τῆς
332 4081 460 4156 ψυχῆς,
492 4071 575 4160 quod
609 4072 648 4139 de
680 4074 720 4137 iis
746 4072 883 4148 dicitur,
914 4073 968 4157 qui
995 4072 1080 4157 capti
1105 4079 1161 4136 aut
1185 4069 1334 4156 deprensi

148 4180 265 4247 maium
294 4179 421 4247 facinus
444 4180 595 4266 capitibus
618 4181 684 4247 ινίι
708 4181 849 4257 iaciant,
876 4187 911 4244 ut
936 4181 968 4243 in
996 4177 1221 4266 Aristophanis
1243 4177 1336 4245 Pluto

149 4302 191 4352 rs.
215 4290 280 4353 523

645 4391 693 4466 τίς
718 4391 781 4473 sep
805 4397 945 4457 πλουτῶν
968 4392 1102 4470 ἐθελήσει

244 4496 420 4565 κινδυνεύων
442 4498 508 4580 περί
532 4505 587 4574 τῆς
609 4502 717 4579 hocta
740 4505 796 4574 τῆς
821 4499 915 4564 αὑτοῦ
939 4502 1027 4564 τοῦτο
1049 4504 1196 4575 ποιησαις

1175 4607 1190 4649 a
