3330 5012
664 348 693 395 rs
717 348 914 396 unetououuu.
1131 366 1143 385 ·
1321 331 1384 394 345

200 517 431 601 κεφαλλνὶνιιν,
455 532 537 604 quae
558 515 667 583 itidem
690 516 824 602 periisse
848 514 976 583 ridetur
994 535 1025 603 p.
1040 518 1116 583 795.
1130 520 1189 590 25,
1214 516 1268 583 ubi
1292 514 1385 582 hodie

199 621 424 704 Κεφαλνναίον
441 619 571 707 legitur.
595 619 710 687 ltidenr
724 621 864 686 Atticam
882 619 1075 687 locutionem
1093 620 1225 706 periisse
1236 620 1386 687 existimo

200 747 233 814 p.
252 733 328 794 311.
356 733 369 791 1
396 727 439 792 ἐκ
462 725 604 806 reulum
627 727 751 793 οίκοῖισα
774 733 807 791 et
829 745 860 811 p.
876 730 952 791 157.
977 730 998 791 9
1022 726 1101 791 πίνει
1125 725 1385 806 demembraret

200 850 353 917 reponam
381 832 418 897 ίν
440 830 593 911 μειτίναν.
640 830 675 897 Si
698 832 751 898 uui
771 838 878 897 tameo
902 850 995 897 error
1016 830 1178 898 ridebitur
1202 852 1264 898 non
1293 830 1389 898 libra·

202 938 323 1004 riorum
347 936 403 1003 sed
427 936 587 1004 Heliodori
606 937 724 1023 ipsius,
750 956 811 1001 nou
834 954 950 1021 magno
968 955 1062 1022 opere
1082 935 1277 1022 refragalror.
1302 935 1386 1023 Ege·

202 1048 279 1107 runt
302 1039 342 1108 de
366 1040 419 1106 illo
442 1043 473 1106 lv
496 1041 638 1121 ρειπίνον
670 1040 801 1128 plurimi
825 1048 858 1106 et
881 1040 1027 1107 omnium
1053 1041 1227 1108 novissime
1249 1040 1387 1108 Gubetus

200 1146 236 1212 in
259 1146 377 1212 ilnem.
400 1145 456 1212 lx.
482 1167 513 1232 p.
540 1151 614 1213 164.
1354 1164 1360 1171 ’

246 1249 309 1318 Sex
332 1251 458 1338 paginis
486 1252 632 1337 proxime
662 1250 872 1337 sequentibus
894 1250 1102 1318 librariorum
1127 1260 1205 1318 sunt
1226 1249 1386 1338 quaedam

201 1356 327 1422 minuta
351 1355 429 1422 vitia
453 1375 516 1421 nou
546 1354 643 1442 digna
667 1374 750 1443 qnae
773 1355 987 1435 adnotentur,
1012 1355 1106 1443 paulo
1129 1356 1252 1423 maiora
1275 1365 1383 1424 autem
1470 1362 1474 1367 ’

199 1458 391 1547 Interprelis
419 1454 546 1539 latini,
578 1462 632 1527 oui
652 1481 682 1526 ν.
704 1480 733 1527 ο.
764 1462 808 1526 τα
839 1460 905 1529 isle
935 1463 1051 1540 νίνιμᾶν
1075 1461 1238 1547 signifieat
1261 1460 1387 1528 seilicet

200 1568 359 1632 remittere
388 1566 474 1640 uelo:
498 1573 531 1632 et
562 1566 769 1653 pervenimus
798 1564 839 1631 ad
862 1585 893 1652 p.
915 1568 992 1631 517.
1014 1570 1067 1632 17.
1115 1564 1317 1633 Describitur
1341 1566 1386 1633 ibi

200 1679 365 1738 certamen
398 1670 563 1751 singulare
593 1670 773 1757 'lheagenis
795 1679 828 1737 et
851 1669 974 1747 Pelori,
997 1671 1054 1756 qui
1077 1670 1168 1736 naris
1188 1669 1387 1755 guberuator

200 1782 289 1854 erat,
313 1792 376 1861 qua
405 1774 550 1842 inleliees
577 1782 724 1842 amantes
747 1777 780 1841 in
803 1777 983 1864 Aegyptum
1009 1774 1132 1842 deueeti
1153 1781 1257 1841 erant.
1289 1778 1386 1842 ‘Tre-

200 1880 331 1965 λείφίιρ.
365 1879 553 1948 Heliodorus
586 1880 716 1958 scribit,
748 1880 792 1962 τῷ
826 1871 955 1963 Πελοίρςν
986 1887 1190 1962 μονομαχῶν,
1226 1880 1309 1962 even
1343 1882 1387 1950 τοὶ

200 1985 309 2053 πάντα
331 1986 461 2069 γενναίῳ
484 1985 537 2051 καί
560 1985 699 2069 φόνοις
723 1986 1012 2069 ἐρρερνμναομίνῳ
1031 1985 1247 2065 παμπόλλοις.
1295 1985 1335 2053 tlt
1353 1988 1387 2052 in

201 2093 326 2158 ineerta
359 2110 395 2157 re
427 2089 550 2157 arridet
578 2091 694 2168 πίνοις,
722 2110 826 2179 oeque
857 2091 1020 2177 vulgatam
1057 2090 1226 2158 lectionem
1258 2089 1386 2159 delendi

201 2217 294 2284 posse
324 2196 475 2264 existimo
513 2197 553 2262 iis
595 2216 678 2282 quae
718 2194 872 2283 leguntur
905 2217 935 2283 ρ.
960 2202 1036 2263 ma.
1072 2201 1129 2262 52.
1176 2196 1304 2264 certius
1338 2206 1388 2264 est

201 2321 233 2389 ρ.
258 2304 334 2369 518.
359 2308 379 2368 5
411 2301 538 2382 ἐγείρας
563 2296 598 2366 τὸ
628 2300 771 2385 Φρίννμα
804 2310 930 2376 πολλοῖς
962 2300 1017 2377 ἤδη
1047 2307 1110 2374 τοῖς
1138 2299 1298 2381 τραύμασι
1321 2326 1386 2367 πε·

201 2406 433 2485 πιεσμίνον,
452 2405 574 2492 requiri
595 2405 871 2484 τεπιεομένος.
895 2405 1119 2471 (lentissimum
1140 2412 1248 2472 aulem
1269 2412 1385 2492 uem.

202 2516 245 2578 75
270 2508 353 2577 male
382 2509 482 2577 relata
513 2531 583 2578 esse
612 2511 783 2577 (luenronis
812 2509 853 2576 ud
883 2508 1080 2576 Charicleam
1107 2508 1218 2575 verba:
1243 2512 1387 2594 ἐπίφορος

200 2640 265 2690 ποις
286 2616 336 2682 aiei
364 2615 536 2698 τυγχάνεις
565 2616 608 2681 τίν
638 2618 764 2699 χείρονα
792 2613 1000 2694 μαντεύεσθαι
1032 2614 1083 2678 καί
1107 2614 1234 2695 ψεύδη
1256 2622 1290 2695 γ’
1313 2615 1387 2696 α”μα

201 2722 304 2794 καλῶς
327 2721 412 2787 κατὰ
434 2727 523 2787 τοῦτο
552 2725 692 2787 ποιοῦσα.
740 2719 944 2786 Facillimum
973 2726 1022 2787 esi
1048 2718 1190 2786 scribere
1212 2719 1265 2785 καί
1286 2719 1386 2806 ψεύδῃ

199 2828 235 2904 γ’
257 2822 345 2903 ἅμα,
369 2823 417 2892 vel
441 2827 469 2891 si
493 2828 595 2892 rnauis
617 2825 736 2909 ψεύδει.

246 2931 382 2997 Prorsus
418 2929 591 2997 barbarum
626 2939 675 2998 est
710 2930 794 3017 quod
831 2929 949 3016 legitur
981 2934 1107 3017 ρ.577.
1139 2934 1180 2998 77
1210 2928 1385 3012 ἥρπαζον

199 3035 281 3101 τότ’
304 3036 461 3112 οίλλνίλονς
492 3056 549 3122 pru
580 3033 804 3116 ίοποίζοντί
833 3041 863 3100 τ’
885 3036 1063 3113 ἀλλήλους,
1095 3042 1132 3101 111
1155 3044 1243 3103 reule
1266 3033 1385 3121 iegitur·

201 3162 231 3228 p.
249 3146 326 3208 535.
353 3146 408 3208 20.
454 3141 602 3208 Solemne
625 3140 740 3206 vitium
765 3148 813 3207 est
837 3160 867 3227 p.
884 3145 959 3208 329.
985 3147 1028 3207 30
1052 3138 1195 3220 ίτιμίξαι
1218 3149 1281 3216 τοῖς
1307 3142 1386 3208 ὑπο·

199 3245 434 3323 λιπομίνοις
466 3266 523 3333 pro
551 3245 811 3324 ὑπολειπομένοις.
859 3244 922 3311 Sed
953 3266 1015 3312 nou
1041 3266 1173 3333 prorsus
1197 3256 1322 3313 onustat
1347 3246 1386 3315 de

201 3369 276 3417 vera
298 3352 460 3438 scriptura
486 3356 661 3438 ρ.330.1.
710 3352 842 3437 Legitur
864 3352 925 3417 sio:
947 3350 1073 3429 μέλιτος
1096 3350 1204 3430 ἐπίχει
1227 3353 1269 3433 τῷ
1290 3351 1387 3435 βίίρρ

199 3455 254 3523 καί
278 3452 363 3530 αὖθις
386 3455 422 3534 ἐξ
452 3457 551 3537 ἑτίρον
583 3455 754 3546 (κρατῆρος)
779 3455 942 3536 γάλακτος
966 3455 1018 3521 καί
1042 3451 1115 3522 οίνον
1139 3456 1174 3521 ἐκ
1196 3456 1298 3537 τρίτον
1319 3456 1388 3521 ἐπί·

199 3561 338 3627 οτινλεν.
385 3560 433 3628 Ex
464 3560 667 3649 praecedenti
698 3559 852 3626 vocabolo
883 3561 983 3643 ἑτέρον
1006 3567 1119 3626 natum
1147 3578 1218 3625 esse
1240 3561 1388 3647 suspicor

199 3665 384 3751 genetivum
409 3665 614 3744 γάλακτος
638 3673 670 3732 et
691 3665 802 3731 malim
821 3670 910 3732 certo
928 3664 1051 3744 νοίλα.
1099 3664 1221 3730 Verum
1242 3671 1279 3729 ut
1300 3673 1388 3732 reete

199 3772 248 3836 sie
270 3771 471 3856 corrigatur,
492 3773 632 3838 minuta
664 3771 726 3837 ista
757 3770 835 3836 vitia
860 3778 937 3836 suut
961 3770 1058 3859 sicuti
1084 3768 1245 3856 permulta
1268 3768 1329 3834 alia
1353 3778 1387 3837 et

199 3895 336 3963 propero
358 3875 399 3942 ad
422 3897 452 3963 p.
467 3882 544 3945 555.
562 3882 603 3943 19
627 3874 681 3942 ubi
699 3874 889 3962 'l'lryemidis
904 3884 980 3942 suut
1000 3873 1039 3941 ad
1059 3875 1259 3958 Theogenem
1274 3874 1384 3941 rerba:

199 3981 251 4047 τὸν
273 3983 415 4064 λρςριιοίν
436 3983 607 4058 διαίλήοεις
630 3981 713 4060 βίον,
736 3977 790 4051 ἕως
814 3977 853 4044 eu
876 4003 906 4044 τι
923 3978 1011 4051 τέλος
1028 3983 1086 4043 τῶν
1103 3978 1189 4044 κατα
1206 3980 1240 4044 οὲ
1259 3978 1387 4058 δεξιοί·

200 4110 310 4166 τερον
335 4087 475 4169 desemine
495 4087 569 4162 θείς.
605 4086 704 4152 Nemo
727 4084 814 4151 dieat
837 4083 915 4169 quid
934 4084 978 4150 sit
1002 4085 1033 4149 in
1053 4082 1104 4148 his
1117 4081 1223 4151 verbis
1243 4085 1386 4151 τὰκατα

199 4189 253 4268 ei,
273 4187 357 4276 quod
378 4193 486 4259 minus
502 4191 668 4259 commode
679 4190 832 4277 conjungi
845 4189 973 4255 videtur
985 4208 1058 4255 eunr
1074 4189 1275 4256 substantivo
1287 4189 1386 4264 πίλος.

199 4295 339 4362 Netum
363 4296 493 4383 quidem
520 4298 599 4364 satis
623 4304 709 4363 recte
734 4295 793 4361 hoo
817 4295 941 4361 dietum
968 4293 1146 4373 ridebitur,
1172 4295 1204 4360 si
1220 4295 1293 4380 quis
1317 4315 1387 4361 ver·

201 4399 294 4465 terit:
330 4400 523 4469 Praedonem
547 4424 640 4489 oyes,
671 4402 767 4469 donee
797 4400 996 4467 miseriorum
1020 4411 1146 4467 tororum
1168 4400 1245 4465 deus
1267 4399 1387 4465 dederit

1211 4510 1244 4554 οι
