3296 5022
233 336 299 399 590
651 354 850 401 courecruueu
882 353 998 400 corrue.

229 537 348 597 causa,
373 518 473 585 doceo
498 519 630 589 meliora
654 519 852 601 oderantur,
877 521 995 588 taciem
1019 536 1094 587 cunr
1118 516 1305 585 Heinrioldo
1323 524 1419 586 acute

231 625 407 710 corrigenti
431 633 578 692 contorto.

661 729 727 797 Sat.
752 729 800 807 ΙΙ,
825 734 869 796 99
892 749 981 815 sqq.:

278 832 513 901 Describuntur
524 853 615 901 secra
629 836 733 902 Bonae
746 834 831 901 Deae
844 853 862 899 a
875 832 1025 900 mollibus
1038 831 1117 899 viris
1128 830 1298 901 celebrata.
1318 830 1421 901 Cuius

231 936 457 1025 descriptionis
480 958 554 1006 ecee
579 939 753 1027 particuta:

365 1043 419 1110 ille
442 1043 553 1132 (atius)
578 1052 667 1112 tenet
689 1043 874 1130 specuium,
902 1042 1022 1131 pathici
1044 1050 1211 1128 gestamen
1230 1041 1366 1111 Othonis

370 1149 499 1216 Actoris
522 1150 670 1215 Aurunci
693 1150 828 1234 spoliem
852 1168 916 1235 quo
938 1167 974 1215 ee
998 1145 1051 1213 iile
1074 1144 1201 1214 videbat

366 1260 548 1330 armatum,
571 1272 646 1319 cum
671 1253 735 1319 iam
761 1251 829 1319 tolli
853 1252 969 1319 rexida
993 1251 1127 1318 iuberet.
1192 1252 1195 1261 “

364 1376 419 1423 reo
441 1356 649 1424 memoranda
674 1359 764 1424 noris
788 1356 959 1424 annalibus
982 1364 1080 1442 atque
1104 1357 1225 1424 recenti

366 1462 522 1539 historie,
547 1461 714 1548 speculum
740 1461 845 1530 ciritio
866 1462 994 1531 sarcina
1019 1459 1108 1528 tottt:

365 1567 521 1633 nimirum
546 1568 666 1634 summi
691 1566 785 1634 ducis
806 1576 855 1634 est
876 1565 1024 1632 occidere
1046 1564 1179 1633 cartam

276 1741 278 1745 .
364 1681 397 1737 et
421 1691 537 1738 curare
561 1680 691 1747 cutem,
714 1673 835 1739 summi
860 1671 1039 1737 constantia
1063 1671 1144 1737 civis
1170 1655 1175 1664 ¹

363 1775 510 1842 Bebriaci
534 1796 650 1863 eampo
672 1796 798 1843 sroururr
822 1774 974 1843 affectare
999 1772 1099 1843 Palati

362 1889 395 1947 et
419 1899 566 1966 pressum
592 1882 625 1946 in
649 1880 764 1948 faeiem
789 1881 900 1966 digitis
922 1878 1095 1947 extendere
1117 1899 1243 1967 paoem.

273 1986 335 2068 Qui
359 1984 489 2053 affectat
513 1986 730 2052 Romanorum
752 1987 926 2073 imperium
951 2004 1013 2051 non
1032 1983 1153 2053 dicitur
1169 1987 1283 2072 opinor
1300 1986 1417 2057 Latine

228 2089 379 2159 affectare
401 2110 528 2157 eronrurr
547 2090 603 2157 sed
628 2109 737 2162 sonrurt
761 2091 882 2169 Palati,
908 2089 991 2177 quod
1017 2100 1128 2177 poetae
1147 2092 1415 2162 ooiusreddatnr.

157 2237 162 2254 ·
227 2195 358 2264 Errorie
380 2215 476 2264 causa
501 2194 672 2263 manifesta
696 2204 754 2263 est.
802 2195 849 2263 Gi.
875 2194 1003 2262 Scirolte
1028 2215 1057 2282 p.
1080 2200 1141 2274 td,
1165 2217 1214 2283 sq.

648 2299 716 2367 Sat.
741 2299 790 2377 ΙΙ,
828 2305 890 2368 tos
914 2320 996 2386 squ:

809 2425 898 2472 arma
924 2404 1053 2491 quidem
1078 2405 1163 2472 ultra

407 2509 501 2576 litora
524 2507 682 2576 lucernae
705 2511 924 2596 promovimus
947 2520 979 2577 et
1003 2507 1096 2576 modo
1121 2518 1214 2597 capta

410 2611 550 2681 Orcadas
574 2633 612 2680 ae
635 2614 766 2679 minimo
790 2624 944 2681 contentos
965 2622 1052 2681 nocte
1080 2615 1261 2684 Britannos.

273 2719 377 2787 Verba
403 2720 667 2785 minimo-uode
691 2719 769 2785 satis
790 2718 928 2785 feliciter
946 2717 987 2784 ad
1003 2718 1418 2789 describendosBritannos

226 2824 335 2892 addita
360 2823 483 2901 iudico,
515 2842 597 2909 quae
629 2842 691 2889 nou
719 2821 822 2888 sotum
846 2842 915 2888 rem
939 2824 1126 2889 contineant
1150 2826 1322 2893 miratione
1343 2827 1416 2912 dig·

228 2949 302 2996 nam
329 2930 448 2995 Rornae
471 2926 654 2994 virentibus
677 2936 709 2993 et
733 2946 833 3013 paene
859 2924 1175 3012 prodigiosem‚'sed
1199 2930 1296 2996 etiam
1321 2930 1416 2998 leoto-

226 3053 302 3101 rum
319 3033 437 3099 animis
450 3032 613 3117 ingentem
627 3030 714 3098 illins
727 3033 868 3117 regionis
878 3032 1066 3098 distantiam
1076 3042 1149 3119 apte
1163 3043 1417 3119 repraesentent.

228 3138 314 3205 Haeo
337 3136 524 3225 opponenda
555 3135 747 3203 videbantur
770 3137 810 3203 iis
833 3156 915 3222 quae
939 3156 1043 3224 nuper
1066 3136 1150 3204 Orno
1172 3137 1415 3207 horruerusin

226 3240 351 3309 ritorto:
375 3263 437 3307 sur
459 3239 584 3307 Kritr'elr
608 3241 673 3306 uod
698 3241 885 3328 Erdtdruog
908 3240 965 3307 der
983 3242 1108 3308 Sotirreu
1125 3243 1180 3309 dea
1198 3242 1360 3313 [eomodo
1377 3246 1417 3313 de

227 3347 281 3414 his
303 3346 450 3414 uersibus
469 3345 637 3413 disseruit:
664 3346 766 3414 ‚was
787 3345 872 3425 wrtt,
898 3347 931 3411 iu
954 3345 1059 3413 dieser
1083 3347 1305 3433 pathetisoiren
1325 3350 1417 3420 stede

229 3453 306 3519 »der
324 3453 459 3519 diurnus
473 3460 569 3519 mette
586 3449 724 3531 ersotr,
746 3451 817 3518 ·die
830 3450 899 3517 sich
918 3452 977 3516 mit
989 3452 1080 3518 einer
1091 3453 1167 3520 sehr
1178 3454 1300 3522 kurzert
1313 3455 1417 3528 uacua

230 3557 456 3644 »begniigeu'’.
504 3557 635 3624 lureuad
666 3557 733 3645 wid
764 3555 844 3623 eben
877 3555 985 3622 nichts
1014 3557 1141 3625 Weiter
1169 3558 1217 3626 ais
1245 3561 1318 3628 eine
1347 3562 1416 3629 ihm

232 3664 404 3731 ‚bekentte
428 3661 607 3729 Thatsaohe
630 3681 672 3728 an
696 3661 757 3729 den
781 3662 876 3728 idann
901 3660 1038 3746 loningen
1064 3663 1129 3729 und
1147 3662 1220 3731 dddt
1239 3664 1342 3733 damit
1361 3665 1420 3734 eui

233 3769 408 3855 ‚bequeme
448 3767 559 3834 Weise
605 3768 716 3833 seinen
762 3767 877 3833 Vers.’'
937 3758 1078 3832 Tametsi
1113 3766 1205 3855 louge
1235 3770 1349 3839 absum
1380 3782 1418 3839 ut

231 3874 422 3942 contendam
453 3892 517 3938 non
548 3874 676 3959 saepius
708 3871 793 3958 apud
826 3869 1009 3937 Iuvenalem
1039 3874 1174 3959 reperiri
1200 3896 1282 3961 quae
1307 3876 1418 3944 toliere

231 3978 345 4055 velles,
365 3978 416 4044 hio
434 3988 542 4045 tanuen
562 3976 674 4064 culpae
695 3977 775 4044 mihi
796 3976 923 4043 ridetur·
944 3996 1075 4062 prorsus
1097 3980 1262 4047 immunis.
1289 3981 1418 4049 Meliore

232 4083 352 4151 iudicio
378 4083 569 4149 ideiuerzius
593 4081 731 4168 insipida
760 4080 898 4169 (attero)
922 4092 1014 4148 vocat
1037 4103 1119 4169 quae
1142 4104 1240 4172 supra
1264 4086 1418 4173 teguntur

231 4209 277 4255 vs.
309 4193 496 4255 ret—rut.

663 4292 727 4358 Sat.
754 4293 817 4370 ΙΙΙ,
844 4298 882 4358 21
914 4315 982 4389 sqq.

277 4396 477 4475 Umbricius,
496 4404 604 4481 poetae
626 4398 769 4474 airricus,
783 4396 892 4462 rrudtis
906 4398 943 4466 do
959 4402 1085 4479 causis,
1109 4421 1246 4485 quarum
1260 4404 1418 4491 caprositio
