3242 5014
642 374 854 422 raamranrs.
1071 444 1076 457 Ι
1169 424 1173 433 ,
1278 354 1342 420 231

158 544 269 626 ῥεῖθρον
303 546 432 626 ἠπείροιν
461 541 541 625 όρον,
574 549 709 613 necdum
741 550 870 632 apparet
902 546 1059 628 quomodo
1090 544 1346 629 interpretandus

158 653 201 716 sit
222 651 309 718 loeus
332 655 364 719 in
386 649 497 737 Suppl.
521 672 568 716 vs.
595 650 661 716 544
684 672 751 736 sqq.

202 757 294 824 Nunc
317 777 402 824 error
423 756 555 842 quidem
577 755 756 823 Hermanni
778 755 935 821 notandus
958 762 1023 831 est,
1058 759 1113 839 qui
1136 761 1221 822 recte
1244 758 1346 823 obser·

157 866 280 929 raverit
310 863 538 929 Prometheum
561 868 696 949 aposta
724 866 757 926 in
787 860 922 947 Scythia
952 862 1068 926 vinciri
1098 861 1152 927 sed
1182 882 1347 947 perperam

158 965 336 1036 Quomum
364 974 461 1055 ponat
492 975 582 1035 extra
611 967 797 1055 Scythiam:
832 964 946 1046 „Quin
982 965 1026 1053 (ΙΙ
1051 965 1129 1046 154)
1151 970 1184 1034 in
1208 970 1348 1033 carmine

157 1076 245 1142 chori
266 1098 298 1141 v.
323 1073 389 1140 422
412 1075 584 1163 distinguit
603 1071 780 1141 Caucasum
801 1073 841 1137 ab
860 1091 897 1137 eo
916 1071 986 1137 loco
1003 1074 1037 1136 in
1057 1092 1119 1157 quo
1138 1071 1348 1140 Prometheus

157 1186 222 1259 est,
257 1181 395 1266 adeoque
417 1202 448 1245 v.
474 1178 543 1245 720
564 1179 795 1246 Prometheum
817 1177 887 1246 Ioni
909 1179 1068 1245 dicentun
1091 1179 1184 1245 lacit:
1217 1180 1286 1259 πρὶν
1309 1178 1347 1245 άν

157 1289 229 1366 πρός
251 1285 345 1352 αὐτόν
368 1285 531 1351 Καύκασον
553 1285 679 1369 μόλρς”.
713 1282 835 1351 Eodem
857 1290 1047 1373 argumento
1067 1288 1117 1350 uti
1137 1287 1209 1370 quis
1227 1288 1344 1371 possit,

156 1398 195 1458 ut
218 1392 362 1459 ostendat
387 1412 428 1457 ne
446 1390 615 1480 Scythiam
634 1390 765 1477 quidem
782 1392 817 1455 in
836 1410 929 1457 scena
948 1397 1214 1476 repraesentatam
1234 1392 1345 1458 fuisse:

157 1498 237 1564 dicit
263 1499 349 1563 enim
375 1496 587 1563 Prometheus
608 1519 640 1562 v.
665 1492 730 1562 797
755 1514 828 1580 sqq:
862 1494 991 1570 Σκύθαι
1017 1496 1043 1561 δ’
1066 1496 1176 1580 άφόξει
1199 1495 1345 1576 νομάδας.

160 1602 331 1670 videturne
353 1623 445 1689 porro
467 1605 545 1668 satis
563 1601 714 1669 credibile
730 1605 765 1667 in
784 1602 908 1670 duabus
925 1603 1115 1693 tragoediis,
1141 1625 1221 1691 quae
1239 1611 1347 1671 tamen

157 1694 206 1775 ad‘
227 1708 360 1774 eandem
392 1706 557 1794 trilogiam
591 1706 771 1774 referendae
803 1714 895 1787 sunt,
930 1709 1161 1777 Prometheum
1189 1731 1253 1778 non
1281 1731 1345 1777 uno

156 1814 330 1900 eodemque
350 1812 421 1879 loeo
443 1817 539 1897 atque
561 1813 665 1878 cidem
683 1832 758 1878 saxo
777 1812 887 1880 induci
907 1813 1060 1881 affixum
1083 1816 1235 1883 Potuitne
1253 1824 1347 1902 poeta

156 1922 190 1984 in
213 1919 337 1985 duabus
358 1917 548 2005 tragoediis,
572 1938 653 2003 quae
674 1937 742 1984 sese
760 1919 825 1984 lere
843 1922 994 1988 continuo
1011 1923 1228 2007 excipiebant,
1243 1923 1345 1988 diver·

156 2044 207 2091 sos
229 2025 331 2090 facere
360 2023 455 2087 Asiae
478 2028 511 2088 et
530 2021 675 2108 Europae
706 2020 806 2091 finesl
836 2024 932 2091 Prius
953 2026 1059 2092 mults
1081 2027 1232 2095 tentanda
1253 2034 1346 2093 erunt

156 2150 254 2217 quam
275 2129 336 2196 hoo
359 2127 534 2194 nudamus.

201 2234 414 2323 Inspiciamus
434 2233 631 2321 Aeschylum
655 2236 771 2321 ipsum.
803 2232 881 2302 Inde
904 2257 923 2303 a
942 2258 1037 2306 versu
1059 2235 1134 2305 676·
1149 2241 1218 2326 ipsa
1240 2248 1347 2308 nurat
1460 2308 1473 2333 Ρ

155 2342 209 2422 lo,
234 2360 297 2427 qua
317 2341 372 2407 ris
393 2338 522 2405 tandem
545 2340 585 2406 ad
607 2339 837 2407 Prometheum
859 2347 1055 2428 pervenerit:

383 2442 476 2527 ἧσσον
498 2446 570 2524 πρός
594 2446 723 2512 εόποσόν
746 2471 782 2512 σε
807 2449 975 2527 Κερχνείας
998 2449 1060 2529 ρ’όος

383 2550 498 2630 Λέρνης
521 2574 557 2615 τε
580 2552 696 2630 κρήνην.

156 2664 251 2745 atque
273 2658 348 2724 hinc
370 2663 432 2735 γῆν
454 2656 510 2737 πρὸ
534 2663 594 2734 γΐιι
620 2657 801 2734 ἐλαύνομαι.
836 2656 974 2742 Reliqua
995 2664 1196 2744 persequitur
1218 2660 1345 2727 Prome

155 2766 248 2832 theus
270 2766 338 2849 ipae
359 2761 434 2828 inde
456 2782 475 2827 a
497 2782 544 2828 rs.
569 2759 655 2827 829:

382 2868 448 2933 ἐπεὶ
473 2867 536 2947 γάρ
561 2860 655 2938 ἦλθες
679 2866 751 2947 πρὸς
776 2867 928 2932 Μολοσσοὶ
951 2866 1080 2945 γάπεδα

382 2973 438 3048 σόον
459 2971 629 3039 αόπύνννσόν
650 2974 679 3036 ε’
703 2972 789 3053 άμφὶ
814 2972 959 3045 Δωδάννν
983 3011 1026 3023 -

386 3075 530 3144 ἐντεῦθεν
552 3079 721 3158 cleptem
744 3080 799 3153 rio
822 3079 1000 3172 παρακτίαν

381 3182 528 3250 κέλευθον
550 3180 628 3266 ᾖξας
651 3184 723 3263 πρός
745 3182 851 3262 μέγαν
875 3182 986 3249 κόλπον
1011 3184 1120 3263 Ῥέας,

380 3292 442 3371 άΦ’
464 3285 498 3355 οὗ
520 3288 819 3370 παλιμπλάγκτοισι
842 3289 990 3373 χειμάζει
1014 3291 1145 3372 δρόμοις·

381 3395 488 3477 χρόνον
509 3394 541 3461 δὲ
564 3394 616 3461 τόν
639 3394 798 3474 μέλλοντα
821 3394 940 3469 πόντιοι
963 3396 1088 3477 μυχός,

382 3505 491 3583 σαφῶς
516 3501 656 3575 belew,
681 3500 779 3575 Ἰόνιος
804 3505 1002 3576 κεκλήσεται.

200 3605 364 3687 Quomodo
386 3607 461 3674 hinc
483 3607 524 3674 ad
545 3607 773 3673 Prometheum
792 3610 989 3693 pervenerit,
1013 3625 1075 3671 non
1093 3606 1270 3686 indicatur,
1289 3609 1344 3674 sed

154 3710 284 3790 deinde,
308 3717 347 3777 ut
369 3711 509 3800 legimus
530 3734 578 3779 vs.
604 3711 669 3779 709
693 3733 778 3798 sqq,
803 3732 953 3779 conversa
976 3713 1016 3777 ad
1040 3714 1195 3778 orientem
1218 3714 1344 3780 accedet

153 3816 194 3883 ad
217 3814 347 3891 Σκύθαι
372 3818 510 3894 νομάδας
534 3824 629 3903 atque
651 3817 726 3884 hinc
749 3817 880 3883 demum
904 3817 945 3884 ad
966 3817 1106 3883 Pontum
1124 3818 1296 3885 lluxinum.

197 3920 374 4009 Hucusque
397 3922 481 3988 nihil
503 3923 677 3989 admodmn
699 3922 871 3988 obscurum
891 3929 947 3989 aut
965 3922 1094 3990 difficile
1112 3931 1176 4003 est;
1202 3924 1344 3991 difficilia

152 4033 228 4095 sunt
249 4048 330 4115 quse
352 4032 544 4114 sequunturz
564 4029 707 4112 primum
725 4028 894 4094 videamus
914 4028 953 4095 de
972 4035 1114 4094 extrema
1134 4031 1257 4096 itineris
1273 4050 1342 4115 par·

151 4138 203 4214 ta,
229 4154 309 4221 quas
332 4154 352 4201 a
372 4132 564 4200 Prometheo
587 4136 756 4219 exponitur
776 4133 851 4199 inde
874 4154 893 4200 a
914 4156 961 4201 vs.
986 4133 1069 4200 792:

258 4312 261 4317 ,
369 4238 479 4305 πόντον
503 4245 626 4319 περῶσα
649 4239 821 4320 Φλοῖσβον,
848 4240 877 4309 ἐς
900 4242 929 4302 τ’
952 4238 990 4303 άν
1012 4237 1097 4320 dilus

370 4348 442 4426 πρός
466 4345 630 4427 Γοργόνεια
654 4347 747 4411 πεδόα
771 4343 942 4422 Κισθήνης,
967 4343 1017 4410 ἵνα
1185 4335 1200 4373 ⁸
