3340 5014
222 269 291 332 152
622 278 859 329 oasnnnunoruss
884 280 1018 329 onuruun

272 452 381 538 lpsuro
407 448 631 539 vitiumquod
652 448 745 516 modo
769 449 927 529 indicavi,
951 447 1030 515 lacit
1053 455 1089 514 ut
1110 446 1314 515 meminerim
1327 445 1417 515 verbi

221 561 396 639 τεχθῆναι,
421 575 485 643 quo
508 541 624 644 quater
647 554 836 623 Heliodorus
860 575 940 623 usus
963 565 1013 622 est
1044 575 1075 642 p.
1101 559 1179 622 226.
1206 558 1271 633 46,
1293 575 1325 641 p.
1340 558 1416 621 587.

229 669 293 741 50,
318 669 360 730 54
385 672 417 731 et
441 667 526 739 596,
556 668 618 739 54,
643 682 742 747 quum
771 662 915 741 γενέσθαι
944 661 1108 729 debuisset
1141 680 1274 747 ponere:
1299 658 1416 737 semel,

225 769 255 836 ,si
280 767 361 837 bene
385 770 538 849 memini,
565 767 675 835 eodem
700 787 796 835 sensu
820 768 998 848 γεννηθῆναι
1020 765 1116 833 habet
1141 787 1171 853 p.
1184 771 1262 833 599.
1276 772 1307 833 5.
1344 766 1417 833 Fre·

228 894 331 963 quous
357 874 418 941 iste
435 893 526 941 error
544 883 594 941 est
612 871 697 961 apud
720 876 886 961 sequiores
905 883 936 941 et
958 873 1101 961 passivos
1122 873 1259 939 aoristos
1278 880 1418 959 ponunt,

226 1001 304 1048 eunt
328 980 452 1049 medios
482 978 656 1047 deberent:
691 980 765 1067 quis
788 999 851 1047 ooo
876 998 969 1066 saepe
992 978 1071 1045 vidit
1095 980 1224 1054 ποθῆναι
1248 998 1306 1065 pro
1328 989 1417 1057 ςιῑναι

227 1086 352 1154 dietum
372 1096 405 1154 et
428 1087 585 1168 ἐγερθῆναι
609 1105 666 1172 pro
689 1084 853 1168 έχρέσθαιί
880 1084 966 1153 ldenr
987 1084 1111 1151 obtinet
1124 1083 1208 1171 apud
1223 1092 1370 1152 nostrum
1384 1086 1419 1152 in

228 1193 326 1285 uerbo
348 1191 490 1275 τρέπειν,
515 1190 599 1280 apud
625 1211 720 1278 quem
740 1192 912 1278 aliquoties
925 1190 990 1256 vidi
1014 1199 1168 1273 τραπῆναι
1178 1200 1210 1258 el
1228 1193 1418 1273 ίκπραπιῑναι
1464 1222 1467 1229 ·

228 1318 288 1386 pro
304 1297 474 1380 τραπέσθαι
495 1305 527 1364 el
538 1297 745 1379 ίκπραπέσθαι
765 1296 905 1364 dlotuur.
950 1297 1084 1383 Legitur
1103 1316 1134 1384 p.
1156 1301 1233 1364 228.
1248 1301 1289 1363 24
1312 1301 1419 1380 έκτρα·

229 1403 339 1493 πέντεα
351 1403 423 1486 πρὸς
435 1404 478 1471 ταὶ
501 1401 582 1486 θρθια
598 1404 746 1486 έχοίροον,
770 1424 800 1491 p.
814 1409 891 1470 246.
905 1408 948 1470 59
961 1403 1034 1484 πρθι
1056 1404 1113 1480 την
1124 1413 1211 1480 νῆσον
1223 1403 1418 1488 έτριίπησαν,

230 1530 261 1598 p.
284 1514 360 1577 274.
385 1514 428 1576 57
452 1509 525 1592 πρθι
548 1510 684 1594 εὐωχίαν
706 1517 765 1576 τῶν
796 1514 965 1577 Θετταλῶν
993 1509 1188 1592 τραπέντων,
1214 1529 1246 1596 p.
1269 1514 1345 1578 295.
1376 1516 1419 1579 26

228 1616 418 1698 ἐκτραπῆναι
440 1621 494 1682 τοῦ
527 1617 723 1697 προκειμένου
754 1621 852 1695 πλοῦ,
881 1636 913 1703 p.
934 1621 1012 1683 305.
1041 1619 1080 1681 19
1104 1616 1158 1698 ἐφ’
1180 1616 1287 1699 ἐτέρας
1310 1620 1419 1697 κιίριαι

229 1723 378 1803 τραπείς,
396 1742 426 1808 p.
441 1726 520 1790 509.
537 1725 580 1788 20
603 1728 660 1796 τῆς
679 1722 730 1787 έπὶ
750 1722 971 1804 Καρχηδονίους
990 1722 1084 1803 drale
1103 1722 1284 1804 έκτραπείι,
1297 1743 1327 1811 p.
1342 1727 1418 1791 569.

230 1831 274 1895 58
297 1827 461 1910 έκπραπείς
493 1833 552 1894 τῶν
585 1827 716 1906 Θηβῶν,
750 1831 881 1914 [1580.
906 1832 947 1894 14
977 1828 1142 1911 έκτραπείι
1166 1838 1223 1905 τῆς
1243 1831 1419 1909 μεσογαίας

229 1932 348 2016 εθχετσ.
396 1931 517 1999 Verum
542 1951 603 1999 non
628 1942 755 2000 coastat
780 1934 811 1999 in
832 1953 961 2010 errore,
987 1953 1060 2000 nam
1086 1932 1206 2019 legitur
1225 1955 1257 2023 p.
1278 1939 1356 2003 289.
1376 1941 1418 2002 56

214 2040 285 2119 Ιτην
308 2038 417 2122 <payle
442 2035 509 2105 θποι
530 2038 715 2121 τραπθμενοι
733 2037 879 2119 λιθθσιμεν
901 2040 1086 2116 ἐπισκοπῶν,
1109 2060 1140 2125 p.
1157 2044 1232 2107 285.
1247 2044 1288 2106 24
1313 2040 1420 2123 έκτρα-

231 2144 361 2225 πθριενοι
384 2146 528 2228 παρῄειν,
559 2164 591 2231 p.
611 2147 689 2211 292.
719 2148 759 2210 16
783 2145 855 2226 πρὸς
879 2145 915 2212 τθ
939 2146 1051 2212 πείθειν
1072 2144 1275 2228 τραπόμενοι,
1296 2165 1327 2232 p.
1342 2148 1419 2212 525.

231 2255 272 2317 41
293 2258 350 2317 ποῖ
367 2250 430 2332 χθιρ
450 2248 636 2332 τριίπιιμαι,
658 2269 686 2335 p.
701 2253 812 2316 4126
833 2250 905 2333 πρθι
924 2251 967 2316 τοὶ
987 2251 1054 2333 ίεριδ
1076 2251 1276 2332 τραποίμεθα.
1309 2250 1421 2337 ltaque

232 2376 307 2422 curn
332 2354 425 2421 hodie
453 2354 579 2441 legatur
603 2375 633 2441 p.
655 2359 732 2422 229.
757 2360 799 2421 52
830 2356 966 2440 φροντιδι
989 2357 1049 2423 τῶν
1073 2355 1228 2438 παρθνποιν
1251 2354 1421 2450 οννεχθμε·

232 2485 279 2534 νος
302 2460 375 2542 πρδι
396 2458 487 2528 ὕπνον
508 2461 751 2543 θτέτραπτο,
775 2462 854 2527 satis
873 2469 1007 2549 apparet
1026 2462 1195 2548 scripsisse
1214 2460 1418 2528 Heliodorum

232 2566 446 2648 θσριίπεσι.
496 2565 557 2633 Sed
592 2566 764 2653 antiquum
793 2565 916 2633 attinet
941 2587 972 2653 p.
995 2571 1071 2633 258.
1095 2573 1114 2634 4
1139 2568 1211 2650 πρὸς
1235 2564 1325 2633 ὕπνον
1348 2589 1420 2648 τρα·

232 2671 317 2748 πεὶι,
344 2670 429 2739 uude
451 2670 555 2740 efficio
579 2671 729 2738 librarios
749 2670 933 2739 confudisse
956 2672 1206 2759 praepositiones
1225 2673 1269 2747 είι
1292 2681 1325 2741 et
1348 2672 1420 2755 πρδι

233 2798 264 2866 p.
285 2782 362 2845 510.
388 2783 450 2856 62,
476 2777 529 2844 ubi
555 2776 648 2844 lrodie
672 2777 799 2864 legatur
821 2779 856 2844 εί
865 2801 880 2850 s
906 2775 998 2844 ὕπνον
1020 2777 1211 2860 έτριθπημεν.

280 2882 349 2949 ntia
385 2882 486 2949 iruulta
518 2881 614 2949 verba
645 2891 722 2948 sunt
758 2902 896 2969 quorum
929 2884 1052 2950 activas
1079 2893 1112 2951 et
1144 2884 1268 2952 medias
1302 2882 1424 2951 formae

235 2986 424 3055 Heliodorus
455 2985 634 3054 confundit.
655 3017 661 3025 ·
682 2988 717 3056 P.
741 2992 819 3055 555.
855 2993 873 3054 4
910 2987 1029 3075 legitur
1063 2991 1194 3065 λήσεται
1228 3009 1287 3077 pro
1315 2990 1422 3069 λήσεις

235 3091 431 3172 τεθνήξεσθαι
461 3114 518 3181 pro
545 3091 696 3171 πεθνιθξειν
728 3115 759 3181 p.
783 3098 858 3161 255.
882 3098 947 3175 56,
970 3099 1045 3162 561.
1072 3098 1135 3176 54,
1159 3100 1236 3162 568.
1262 3101 1324 3170 41;
1344 3097 1423 3162 οίπο·

235 3201 364 3271 λαθσειν
388 3220 418 3287 p.
441 3204 519 3267 255.
539 3204 581 3268 25
603 3208 636 3266 et
654 3204 719 3266 545
748 3204 810 3274 51;
834 3197 972 3279 eladius
992 3220 1023 3287 p.
1040 3204 1118 3268 286.
1143 3204 1207 3276 49,
1227 3218 1423 3287 quamquam

237 3307 286 3373 bis
310 3314 397 3373 reete
427 3304 547 3391 legitur
572 3303 743 3386 ιίμθξιμαι
772 3326 804 3394 p.
825 3310 902 3373 515.
924 3309 966 3373 46
990 3314 1023 3373 et
1047 3311 1123 3372 517.
1154 3309 1210 3380 12;
1231 3301 1346 3381 διώξειν
1368 3323 1426 3390 pro

203 3409 382 3492 ’διώξομαι
418 3411 545 3478 invenio
582 3431 610 3497 p.
633 3416 709 3479 295.
742 3418 781 3479 51
816 3420 849 3478 et
886 3414 964 3479 567.
1001 3418 1060 3487 51;
1092 3411 1279 3498 saepissime
1307 3408 1427 3496 legitur

238 3519 452 3602 ὑπηρετεῖσθαι
460 3567 470 3599 ,
503 3517 601 3584 semel
631 3528 719 3585 reete
751 3518 956 3600 ὑπηρετοῦντα
989 3540 1018 3606 p.
1044 3522 1121 3585 565.
1143 3522 1197 3585 50.
1244 3516 1286 3583 El
1314 3514 1426 3583 eodem

239 3624 334 3694 modo
365 3623 554 3691 Heliodorus
584 3624 729 3691 inuentus
762 3624 873 3691 haeret
908 3633 1021 3690 utrum
1054 3622 1215 3712 praeierat
1243 3624 1430 3709 εὐτρεπίζειν

239 3752 280 3800 an
304 3729 553 3814 εὐτρεπίζεσθαι,
579 3729 724 3798 διακονεῖν
746 3750 787 3797 an
813 3729 1026 3798 διακονεῖσθαι.
1074 3730 1178 3796 Huius
1203 3729 1289 3797 verbi
1308 3729 1430 3823 legitur

242 3848 380 3924 utraque
415 3836 518 3903 torma
542 3836 653 3904 eadem
689 3837 805 3924 pagina
831 3841 914 3911 303.
938 3836 993 3903 sed
1025 3834 1104 3901 uilril
1130 3843 1180 3901 est
1209 3856 1270 3903 eur
1288 3835 1428 3903 alterum

237 3915 346 4010 1οοιιιοι
371 3962 409 4010 ex
432 3943 534 4012 altero
556 3942 712 4028 corrigas.
758 3942 864 4008 ldious
884 3941 952 4028 J'am
978 3941 1097 4007 mirum
1118 3940 1281 4008 videbitur
1304 3962 1335 4030 p.
1350 3945 1428 4008 268.

242 4053 274 4115 9.
299 4046 487 4128 ἐδιδαξάμην
511 4048 593 4135 legi.
620 4048 673 4115 ubi
698 4048 802 4114 aetina
830 4047 931 4114 ionrnu
955 4046 1081 4126 ἐδίδαξα
1105 4068 1186 4135 opus
1208 4045 1302 4112 louet.

288 4153 325 4220 ln
358 4151 542 4220 luturorurn
575 4173 701 4241 quoque
729 4152 843 4220 formis
874 4172 969 4241 saepe
1001 4153 1207 4221 Heliodorum
1232 4146 1427 4237 deprehendi

241 4257 449 4324 titubantem.
498 4258 531 4325 P.
553 4263 629 4326 524.
656 4263 695 4325 51
735 4259 862 4326 invenio
892 4258 1102 4342 μαχεσόμεθα
1133 4278 1191 4346 pro
1212 4254 1427 4339 μαχούμεθα,

239 4384 273 4453 p.
298 4368 377 4432 316.
410 4367 451 4431 24
487 4365 745 4445 γαμηθήσεσθαι,
776 4384 806 4453 p.
834 4370 911 4433 255.
934 4372 978 4434 60
1010 4373 1045 4433 el
1079 4369 1157 4434 540.
1191 4366 1235 4432 50
1265 4358 1428 4441 καλέσειν,
