3388 5010
655 344 810 395 aucrcrrnu
839 346 877 391 er
899 346 1053 393 33333333.
1386 325 1452 390 aot

1133 434 1149 459 .

256 506 493 591 memorarem,
527 509 590 578 nisi
623 532 710 582 3333
741 534 778 582 er
809 512 951 582 editione
982 513 1170 598 Quicberati
1199 512 1340 580 riderem
1363 509 1449 578 idem

255 614 380 705 Gupeto
402 636 440 683 er
466 626 555 703 parte
580 617 750 707 placuisse.
784 620 850 717 lloq
868 640 971 706 genus
991 620 1211 710 corruptelae,
1229 618 1313 707 quod
1334 627 1448 685 natum

254 730 303 788 est
333 742 373 789 ex
405 722 559 791 vocabulo
589 725 710 792 iniuria
741 725 792 792 bis
822 726 925 812 posito
948 745 1011 791 non
1036 726 1209 793 admittere
1235 723 1362 791 ridetur
1385 723 1447 801 ll„

253 835 287 894 31
320 836 426 896 tamen
458 837 535 898 suut
559 830 717 918 quaedam
743 831 877 899 minima
900 830 1009 899 dubia.
1059 833 1173 918 ltaque
1197 830 1298 899 multo
1324 830 1445 898 maiore

254 953 331 1002 eum
356 938 534 1004 mutatione
558 935 690 1004 scribit:

959 1043 1068 1112 labora

412 1148 555 1229 discere,
579 1169 618 1217 ne
644 1159 675 1218 13
699 1169 751 1217 res
776 1149 845 1237 ipsa
869 1169 906 1218 ao
932 1152 1014 1217 ratio
1038 1152 1108 1239 ipsa
1132 1149 1268 1219 refellat.

300 1254 399 1322 Paulo
435 1264 506 1344 post
548 1262 610 1334 47,
636 1261 677 1323 77
711 1254 897 1334 moaberat,
930 1266 967 1323 ut
997 1278 1115 1346 porcus
1145 1257 1295 1325 contritis
1326 1255 1446 1323 arbori’

254 1361 375 1428 costls’'
407 1362 592 1448 suspicarer
624 1361 816 1451 typographi
847 1363 962 1429 uitium
998 1364 1061 1429 nisi
1084 1365 1115 1429 iu
1141 1363 1349 1430 annotatione
1372 1363 1446 1428 erit.

254 1465 375 1536 diserte
403 1467 521 1535 orbori'
554 1489 611 1557 pro
641 1467 753 1536 orbona
783 1488 802 1535 3
833 1488 868 1535 se
900 1470 1075 1557 repositum
1101 1469 1223 1538 diceret
1247 1469 1287 1536 bl.
1334 1470 1448 1555 ltaque

253 1582 361 1641 costae
385 1573 512 1641 arboris
536 1574 637 1642 suut?

300 1680 339 1747 X.
365 1684 398 1746 2.
423 1679 547 1748 Nonius
571 1703 602 1768 p.
621 1684 698 1747 219.
723 1684 779 1748 10:
803 1680 934 1767 »pigror
946 1685 1074 1768 generis
1087 1681 1269 1749 nraseulini.
1305 1679 1449 1747 Lucilius

256 1785 470 1853 »Saturarum
495 1786 551 1856 lib.
563 1785 622 1854 ld:
645 1785 803 1872 »languor
815 1786 1016 1874 obressitque
1029 1789 1159 1876 pigror,
1173 1798 1345 1876 torporque
1357 1787 1449 1873 quie·

255 1891 356 1960 »tis’'.
395 1891 507 1960 Pulcra
531 1893 572 1960 bl.
596 1913 635 1960 ex
660 1893 786 1980 quietis,
814 1893 886 1961 Par.
913 1904 980 1960 ant.
1006 1904 1039 1960 et
1071 1894 1105 1961 u.
1132 1915 1149 1962 3
1172 1914 1222 1982 pr.
1246 1914 1287 1960 m.
1309 1894 1449 1981 quietus,

254 1996 362 2065 eil'ccit
388 1999 499 2066 uirtus.
549 1998 611 2067 Sed
635 1998 720 2086 quod
746 2019 859 2066 versus
884 2000 976 2066 initio
1002 1999 1109 2069 dedit:
1137 2001 1362 2088 »obrepsitqua
1388 1999 1447 2088 (sio

256 2104 345 2194 Par.)
365 2106 492 2192 pigror,
513 2102 672 2191 languor''
696 2107 850 2172 maiorem
872 2104 1191 2174 lrabetmutationem
1206 2126 1302 2193 quam
1319 2123 1448 2181 necesse

254 2219 325 2278 erat
347 2219 379 2278 et
402 2218 526 2298 pugnat
551 2230 625 2277 cum
649 2210 802 2278 lemmate
828 2211 941 2290 Nonii,
966 2215 1022 2300 qui
1047 2233 1086 2279 ex
1111 2212 1218 2280 verbis
1242 2214 1289 2278 sio
1314 2211 1445 2297 scriptis

255 2335 317 2382 non
344 2318 501 2404 potuisset
525 2316 652 2385 allicere
673 2318 788 2406 pipo-or
810 2338 881 2385 esso
905 2338 1003 2386 maso.
1029 2321 1169 2405 generis.
1218 2318 1324 2400 Quare
1347 2318 1445 2384 etiam

255 2422 443 2504 Quioberati
467 2424 653 2490 coniectura
679 2422 899 2513 »languorque
922 2424 1082 2513 obrepsit,
1113 2446 1145 2514 p.
1166 2433 1339 2513 torporque
1357 2425 1446 2510 quie·

255 2529 320 2595 tis'’
345 2549 408 2596 non
434 2527 601 2597 satisfacit.
627 2528 675 2599 Cl.
701 2529 790 2598 (luni.
816 2531 844 2599 l.
870 2551 902 2618 p.
929 2536 982 2598 tu.

301 2635 355 2702 xt.
380 2636 418 2704 l:
445 2644 623 2703 conuentus
647 2636 800 2724 pulcher,
825 2637 956 2715 bracae,
980 2657 1057 2724 saga
1081 2636 1225 2725 luigero,
1251 2645 1382 2724 torques

440 2741 546 2808 induti
572 2745 694 2830 magni.
770 2806 775 2823 ,

299 2847 364 2915 Sic.
388 2848 448 2923 ll:
472 2848 546 2915 libri
570 2848 639 2916 Non
664 2870 694 2936 p.
720 2853 806 2917 2273
830 2858 971 2937 torquem
990 2849 1073 2916 dotis
1091 2849 1199 2938 mopsi
1211 2899 1220 2929 ,
1236 2847 1356 2937 (altero
1376 2848 1445 2916 loeo

254 2958 320 3021 tue
340 2975 404 3021 om.
426 2953 533 3040 dctis).
569 2955 749 3022 »ludutus”
769 2955 816 3022 sic
838 2957 978 3043 positum
1003 2957 1185 3032 insolitum
1204 2958 1316 3045 utique
1330 2956 1444 3024 inutile

253 3067 302 3127 ost
323 3062 350 3126 si
372 3059 530 3128 adieetire
549 3062 707 3137 aderitum
726 3062 776 3128 sin
797 3082 908 3129 rerum
932 3064 1139 3151 participium
1158 3072 1226 3143 est,
1240 3083 1301 3129 non
1315 3072 1444 3151 aptum;

254 3165 486 3234 describuntur
525 3166 671 3235 homiues
709 3168 773 3235 lam
811 3170 934 3249 ornati,
968 3189 1030 3236 non
1061 3176 1148 3247 tum,
1185 3190 1259 3237 cum
1296 3178 1443 3258 torquem

255 3272 486 3341 induebantur.
535 3274 703 3343 Excidisse
726 3274 881 3365 syllabam
902 3277 1001 3344 etiam
1024 3286 1164 3344 metrum
1185 3276 1318 3345 indicat.
1355 3277 1443 3343 llort.

255 3380 367 3448 caetori
390 3400 448 3468 pru
472 3381 564 3449 dotis.

302 3492 354 3553 13.
378 3486 460 3554 Non.
485 3490 563 3554 l'lb.
590 3492 647 3554 22:

344 3592 468 3660 Cassiu’
491 3591 591 3661 (laius
615 3592 668 3661 bic
691 3595 878 3682 operarius,
904 3615 1002 3683 quem
1028 3595 1245 3683 Cephalonem

344 3696 479 3766 dicimu’
503 3709 661 3767 sectorem
687 3698 925 3790 lucemque-
951 3701 1037 3768 13333
1062 3701 1188 3769 'lullius
1210 3702 1341 3789 inquam

344 3803 439 3879 index
463 3804 614 3873 heredem
639 3804 730 3884 lacit,
758 3815 792 3874 et
815 3806 959 3874 damnati
984 3807 1040 3874 alii
1064 3827 1186 3874 omnes.
1242 3840 1252 3845 -

294 3909 439 3979 Notabile
471 3912 654 4002 exernplum
688 3912 889 4000 neglegentis
920 3914 1193 3993 constructionis,
1219 3920 1326 3980 tamen
1353 3912 1445 4001 plane

253 4016 468 4087 Lucilianum.
516 4019 706 4106 logeniosus
736 4018 828 4086 lusus
859 4029 909 4086 est
941 4022 1003 4087 riri
1036 4019 1121 4087 docti
1152 4040 1205 4108 ap.
1255 4019 1442 4101 Quioberat.
1475 4034 1479 4042 ⁴

253 4122 341 4214 (libri
367 4123 499 4192 babent:
528 4125 652 4193 Tullios
673 4146 767 4213 quem
788 4125 917 4215 indeclz

887 4232 973 4302 bunc
998 4233 1124 4301 Tullius
1145 4233 1243 4300 indeo

410 4337 484 4406 inde
507 4336 699 4408 coheredem
724 4330 814 4406 labit.

299 4442 396 4513 Vides
427 4444 513 4513 enim
546 4447 648 4534 repeti
678 4446 904 4514 tantummodo
933 4447 1030 4515 index
1059 4448 1144 4537 (inde
1175 4448 1239 4535 33).
1288 4448 1328 4515 m
1353 4447 1447 4518 babet
