3340 5014
598 352 788 400 rutnoaoorct
813 352 850 419 rr
873 351 1001 399 cernet.
1333 338 1393 399 157

204 523 311 589 baert.
340 520 392 587 VI.
412 525 466 589 87.
488 521 544 597 την
563 522 669 587 οὐσίαν
691 522 868 602 μηλόβοτον
891 524 1051 588 ἀνεῖναι
1075 520 1127 587 καί
1152 520 1181 587 εί
1202 546 1232 587 τι
1253 520 1394 603 ἀργύριον

203 630 250 705 είη
274 630 317 702 είς
340 626 504 693 όάλατταν
534 629 666 707 βαλεῖν,
701 628 754 694 ubi
779 631 867 695 οὐσία
891 628 929 692 te
952 648 1029 714 cyro
1050 626 1181 692 dicitur.
1230 628 1395 694 Himerius

206 755 235 821 p.
261 739 303 799 st
329 731 481 799 Werttsd.
513 733 728 814 Ἀναξαγόρας
760 741 821 812 νην
843 738 965 810 ἀνῆκε
988 735 1043 809 την
1069 733 1179 799 ἑαυτοῦ
1203 738 1310 800 πάσαν
1332 758 1394 813 μη-

205 839 344 918 λόβοτον.
393 837 479 904 Satis
512 840 619 925 inepte
652 839 867 904 Philostratus
892 843 922 905 in
949 841 1014 904 vita
1040 838 1196 924 Apollonii
1223 841 1261 906 V.
1288 844 1342 904 et.
1369 840 1394 927 (i

205 943 370 1031 Κλαύδιος)
402 943 577 1024 μηλόβοτον
601 943 722 1023 γυναιξί
747 946 803 1020 την
825 948 926 1028 ἀρχὴν
950 949 1106 1020 ἀνῆκεν.
1151 944 1249 1013 botro
1279 944 1396 1010 salsius

206 1049 414 1136 Scopelianus
434 1050 583 1137 Sophista
597 1050 694 1136 (apud
715 1047 865 1115 Philostr.
889 1052 921 1115 io
947 1050 1007 1117 Vit.
1027 1050 1119 1138 δαρόν.
1141 1071 1172 1138 ρ.
1189 1050 1279 1140 ast),
1295 1070 1396 1137 quum

206 1162 296 1241 pater
321 1155 400 1221 loona
425 1156 532 1221 orrrnia
557 1155 685 1221 servulo
702 1157 823 1221 amasio
848 1154 1050 1242 reliquisset,
1078 1155 1248 1224 dictitabat
1270 1157 1314 1223 τόν
1338 1159 1396 1237 μὲν

204 1261 416 1344 ’λιαξαρόρα
439 1271 685 1328 munosorn
710 1257 788 1329 eluet
813 1263 855 1327 ιλ
879 1263 911 1328 δὲ
935 1263 1030 1329 αὑτοῦ
1055 1274 1335 1331 Δοτλοιιοτλ.

252 1366 305 1432 Sic
330 1368 431 1453 igitur
450 1367 548 1436 relati
574 1370 606 1435 in
629 1370 834 1456 proverbium
860 1368 937 1434 lraeo
963 1368 1127 1447 abierunt,
1154 1372 1341 1456 praesertim
1364 1371 1395 1435 in

206 1474 415 1560 Anaxagorae
447 1476 627 1553 mentione,
659 1484 690 1541 et
721 1476 836 1541 ἀνιέναι
869 1474 998 1561 quidem
1030 1476 1194 1561 proprium
1232 1478 1264 1542 in
1297 1497 1334 1542 ea
1363 1496 1396 1543 re

207 1579 339 1645 verbum
372 1588 432 1646 est.
482 1579 598 1645 Suidas
630 1601 659 1646 v.
691 1582 878 1661 Μηλόβοτον
907 1588 967 1660 γῆν
997 1579 1214 1659 ἀνειμένην
1238 1583 1280 1655 είς
1305 1585 1397 1661 νομην

206 1685 390 1769 προβοίταν,
416 1695 580 1753 coelerum
607 1706 664 1773 pru
687 1686 800 1753 ἀνιόναι
826 1686 974 1753 dicebant
998 1693 1031 1752 el
1051 1696 1239 1754 καταλιπεῖν
1261 1688 1397 1766 μηλόβο·

205 1817 276 1870 τον,
303 1801 462 1870 introisti,
488 1794 542 1858 ε’ἀν
565 1792 750 1872 μηλόβοτον.
784 1791 977 1858 Plutarchus
999 1793 1178 1860 devitando
1201 1815 1273 1860 cere
1296 1794 1398 1859 alieno

206 1920 238 1986 p.
267 1903 346 1964 831.
371 1899 407 1965 F.
438 1897 655 1980 Ἀναξαγόρας
690 1899 722 1964 δὲ
752 1900 807 1973 την
836 1900 942 1980 χώραν
973 1900 1179 1967 κατέλιπε
1210 1900 1397 1980 μηλόβοτον.

207 2005 341 2095 Dionys.
367 2004 434 2070 ttat.
461 2007 498 2070 Α.
520 2004 556 2071 ll.
584 2004 667 2070 Vlll.
694 2009 746 2070 50.
771 2003 947 2084 μηλόβοτον
971 2007 1190 2082 πεποιηκός
1213 2014 1274 2086 νην
1297 2009 1399 2074 αὐτῶν

205 2113 261 2188 την
285 2112 405 2192 ἀρότην,
429 2118 461 2177 et
481 2108 556 2175 alibi
582 2111 714 2197 passim.
751 2108 810 2176 Sed
832 2109 961 2193 ἀφιέναι
982 2112 1058 2197 quia
1080 2111 1120 2178 de
1141 2132 1219 2197 agro
1246 2110 1309 2178 dici
1335 2130 1396 2176 non

208 2225 330 2305 potcst,
353 2215 526 2283 Plutarcho
551 2214 648 2282 redde
660 2214 824 2283 suum⁸nal
848 2218 904 2292 την
914 2217 1017 2296 χώραν
1038 2219 1200 2292 ἀΝηκε-
1213 2217 1396 2297 μηλόβοτον.

253 2398 287 2464 ln
313 2418 381 2483 cap.
411 2402 462 2462 18.
494 2399 564 2479 όρῶν
596 2397 626 2462 δὲ
651 2398 811 2475 Τολμίδην
834 2397 886 2462 τὸν
911 2398 1316 2476 Τολμαίου-πεπεικότα
1338 2405 1397 2464 τῶν

207 2504 238 2569 ἐν
258 2505 362 2587 ἡλικία
382 2504 451 2577 τοὺς
473 2505 593 2584 ἀρότους
614 2504 665 2568 καί
687 2503 949 2587 Φιλοτιμοτοίτονς
974 2504 1157 2571 ἐόελοντὶ
1181 2506 1398 2586 ςρατεόεσόαι,

209 2609 397 2675 mendosum
435 2616 483 2674 est
518 2608 660 2674 όόελοντί.
716 2609 813 2674 Recte
848 2608 1004 2674 scribitur
1039 2630 1108 2694 cap.
1141 2615 1184 2677 20
1219 2612 1399 2694 ἐψηφίσατο

209 2723 299 2781 πλεῖν
322 2717 364 2788 είς
390 2713 529 2790 Σινώπην
549 2713 715 2789 Ἀόηναίων
737 2714 952 2786 ε’όελοντάς
976 2714 1161 2791 ἑξακοσίους.
1209 2714 1295 2781 idem
1321 2734 1399 2799 ergo

210 2821 427 2908 reponendum
459 2828 491 2886 et
527 2820 786 2901 ΣΤςρατεόεσόαι
819 2839 876 2905 pro
904 2819 1125 2899 ςρατεόεσόαι,
1152 2822 1226 2907 quia
1252 2819 1400 2906 sequitur

208 2923 282 2991 ἀνευ
307 2935 363 3003 τῆς
393 2925 493 3001 ἀλλης
519 2924 688 3001 δννάμεως.
737 2922 860 3004 Quibus
885 2926 1078 3011 imperatum
1105 2934 1153 2992 est
1181 2928 1399 3008 ςρασεόονται,

209 3030 264 3099 sed
290 3032 362 3098 lecti
389 3033 520 3097 invenes
545 3051 603 3097 suo
627 3030 791 3098 voluntate
817 3033 1088 3112 ΣΤςρατεόονται.

257 3183 409 3269 indignor
433 3181 623 3269 quarrdoque
644 3182 745 3248 honus
766 3182 917 3249 dormitat
939 3180 1133 3249 Plutarchus
1146 3203 1183 3249 ea
1196 3204 1277 3270 quae
1291 3194 1400 3271 aperte

209 3288 288 3356 falsa
319 3299 351 3356 et
388 3288 460 3355 ficta
492 3296 569 3354 suot
602 3286 737 3354 candide
770 3286 941 3353 admodum
968 3298 999 3355 et
1030 3288 1155 3364 ἀκόνας
1180 3310 1237 3377 pro
1260 3292 1345 3357 veris
1369 3299 1401 3358 et

209 3397 308 3463 certis
332 3414 477 3461 narrans.
526 3394 729 3480 De'hspasis
754 3394 838 3459 serio
859 3393 972 3460 scribit
995 3415 1066 3482 cap.
1090 3400 1142 3463 24.
1166 3396 1226 3471 σάς
1247 3404 1400 3476 γυναῖκας

208 3501 437 3585 ἀκροασομένας
461 3503 486 3568 σί
510 3502 643 3578 σννόόεις
664 3494 737 3580 ἦνον
761 3502 800 3575 ὦς
820 3502 917 3576 αὐτην
938 3502 1049 3584 καίπερ
1070 3504 1102 3568 οὐ
1127 3504 1252 3582 κοσμίου
1272 3509 1400 3585 προεςῶ·

209 3629 268 3672 σαν
290 3607 441 3689 ἐργασίας
465 3609 530 3674 οὐδὲ
554 3614 667 3686 σεμνῆς
692 3607 780 3672 ἀλλά
805 3607 1029 3681 παιδίσκας
1052 3608 1293 3690 ἑταιρούσας
1318 3609 1401 3691 τρέ·

209 3719 376 3796 Φονσαν.
425 3713 511 3799 Ergo
535 3714 618 3780 serio
642 3712 781 3778 credidit
814 3714 999 3799 hsposiam,
1023 3734 1119 3800 quarn
1145 3715 1239 3780 unice
1264 3712 1403 3780 Pericles

210 3818 376 3893 dilexerit,
408 3839 504 3906 quam
539 3820 643 3885 iustae
678 3819 788 3884 uxoris
820 3816 887 3883 locu
919 3817 1086 3899 hahuerit,
1116 3818 1219 3885 lenum
1245 3818 1345 3886 luisse
1369 3828 1401 3885 et

212 3924 434 3991 meretriculas
459 3924 608 3990 hahuisse
633 3924 737 4002 dorni,
761 3943 842 4010 quas
865 3923 906 3990 ad
930 3935 1100 4010 quaestum
1125 3925 1322 3991 institueret.
1350 3923 1401 3989 hi·

211 4031 304 4097 oebal
327 4040 358 4097 et
383 4031 517 4118 reliquis
540 4031 677 4095 Cornicis
701 4039 732 4095 et
761 4028 966 4115 Aristophani
993 4032 1035 4094 ita
1060 4031 1173 4096 iocari:

461 4135 695 4220 ἀντεξέκλεψαν
722 4136 901 4208 Ἀσπασίας
927 4135 1023 4217 πόρνα
1047 4136 1117 4212 όόο,

211 4240 267 4308 setl
291 4242 364 4328 quis
395 4244 498 4310 nescit
532 4252 561 4310 et
596 4243 670 4308 olim
705 4251 738 4308 et
767 4261 854 4307 nunc
886 4242 1067 4308 istiusmodi
1093 4241 1176 4309 sales
1198 4252 1231 4310 et
1255 4244 1341 4312 iocos
1365 4265 1402 4312 eo

212 4348 316 4434 magis
341 4350 442 4415 risum
477 4370 604 4416 movere
636 4369 698 4436 quo
723 4348 828 4434 tnagis
852 4347 937 4415 inter
959 4368 1071 4415 onmes
1094 4358 1218 4418 constet
1242 4372 1312 4419 esse
1340 4352 1402 4417 cri·

212 4454 300 4521 mina
325 4454 402 4522 haec
428 4457 578 4524 scurrilia
599 4464 631 4524 et
655 4454 900 4533 commenticia,
927 4476 989 4522 nou
1020 4475 1105 4522 vera.
