3330 5012
634 379 663 425 rra
689 380 886 427 uenronosurr.
1284 362 1344 423 311

170 553 276 631 patum
290 544 499 612 commutandi
510 544 792 630 significationem:
808 549 854 613 sic
871 544 1034 612 Chariclen
1052 541 1181 610 iubetur
1200 541 1349 609 morbum

167 650 371 715 matrimonio
393 660 606 718 commutare.
654 651 760 737 Longe
784 653 879 718 aliter
900 649 1035 731 πρέπειν,
1059 667 1089 714 r.
1111 667 1140 713 c.
1164 646 1250 733 apud
1274 647 1350 714 Dio·

167 773 237 820 nem
263 753 404 821 xxxix.
440 758 482 821 48
502 758 557 828 την
580 754 686 820 αἰτίαν
710 758 741 830 ἐς
763 757 887 836 θλίγονς
909 754 1080 837 τρέποντες.
1129 749 1283 820 Ceterum
1306 749 1350 820 οί.

166 857 276 925 Elmsi.
300 858 340 925 ad
365 859 442 925 Eur.
467 858 549 926 died.
576 864 653 925 974.

210 964 313 1031 Verbo
332 962 491 1031 iudicasse
509 965 588 1030 satis
607 972 655 1031 est
677 985 705 1051 p.
729 970 805 1033 aul.
819 969 860 1043 8,
885 963 939 1031 nbi
962 965 1120 1031 ἀπολιπὼν
1141 964 1173 1029 in
1199 980 1351 1049 praesens

162 1078 290 1157 tempus
320 1068 463 1135 converti
493 1067 601 1142 dolrem
633 1068 690 1136 sed
722 1090 795 1136 mox
830 1090 874 1135 rs.
896 1074 939 1136 50
970 1067 1153 1156 corruptela
1183 1075 1233 1134 est
1255 1067 1352 1155 paulo

162 1176 301 1261 gravior.
347 1171 466 1239 Narrat
495 1172 647 1238 Gaiasiris
679 1192 714 1240 se
743 1172 928 1243 Charicleae
960 1176 1100 1241 suasisse
1125 1180 1160 1239 ut
1181 1171 1352 1239 simularet

161 1277 345 1345 Alcamenis
363 1297 524 1354 amorem,
540 1275 626 1345 iilam
648 1288 756 1346 autem
776 1278 1001 1345 mirabundam
1021 1281 1255 1363 interrogasse,
1272 1274 1352 1364 quid

161 1403 258 1450 senex
277 1390 457 1467 spectaret,
482 1402 556 1448 cum
579 1393 644 1449 tam
664 1383 791 1451 odiosae
811 1385 859 1452 rei
875 1394 989 1452 auctor
1007 1392 1103 1452 esset.
1141 1382 1224 1448 'l'orn
1245 1380 1353 1469 pergit

161 1490 224 1556 aie:
260 1487 370 1553 Γνώοει
391 1495 454 1560 τοῖς
475 1485 590 1569 ἔργοις,
614 1487 709 1572 ἔφην,
734 1485 806 1578 (ὅτι)
830 1490 900 1555 τινα
925 1485 1190 1571 προαγορενθμενα
1214 1487 1271 1565 μὶν
1293 1510 1352 1566 γυ·

160 1591 259 1671 ναιξίν
281 1589 343 1662 leto
372 1588 423 1657 dra
453 1592 504 1657 καί
530 1590 612 1659 θανον
642 1594 783 1672 ἤνεγκεν,
807 1594 1033 1672 ἐπιτελούμενα
1057 1590 1084 1659 δ’
1111 1593 1147 1657 ἔνι
1168 1596 1223 1657 τοῦ
1246 1613 1352 1673 παρα·

159 1705 273 1780 χρῆμα
294 1696 529 1779 θαρραλεώτερον
553 1699 662 1775 ἠνύσθη
686 1696 849 1770 πολλάκις.
890 1697 978 1766 Nihil
1003 1699 1037 1763 in
1061 1696 1112 1763 his
1132 1694 1352 1773 desideratur,

163 1812 333 1889 postquam
364 1802 487 1868 inserui
518 1802 777 1889 coniunctionem
800 1801 865 1882 ίπι,
888 1822 971 1890 quaa
1000 1803 1033 1868 in
1057 1800 1227 1869 (lodicibus
1250 1799 1351 1868 deest.

162 1908 286 1975 Notum
311 1906 536 1993 compendium
560 1926 624 1993 quo
649 1905 696 1974 θπι
719 1926 738 1972 s
758 1906 900 1975 librariis
923 1906 1022 1975 scribi
1041 1905 1136 1984 soiet,
1160 1904 1237 1972 iecit
1259 1892 1352 1973 ntea

161 2011 325 2100 particula
348 2010 512 2078 interdum
545 2030 678 2097 prorsus
701 2032 719 2078 e
742 2021 834 2081 textu
857 2019 1074 2081 evanesceret.
1123 2009 1215 2098 Apud
1238 2008 1351 2076 Chari-

161 2126 273 2184 tonem
309 2136 339 2202 p.
359 2121 412 2182 87.
443 2123 462 2185 ὅ
494 2115 702 2183 scribendum
731 2127 799 2184 est:
840 2117 1061 2198 ἀπάγγειλον,
1096 2112 1186 2194 sirm,
1222 2117 1356 2195 βασιλεῖ

162 2219 237 2310 (ὅτι)
271 2219 458 2302 Μιθριδάτης
491 2221 532 2309 (ὅ)
566 2221 618 2295 ode
654 2222 758 2297 δοῦλος
789 2223 926 2306 πιίρεςιν.
974 2223 1009 2290 in
1046 2221 1180 2288 unciani
1211 2221 1351 2287 Morum

160 2326 305 2411 [dialogis
328 2329 382 2392 20.
410 2330 450 2392 15
482 2324 636 2411 legerimc
669 2327 767 2403 ε’κείνη
798 2332 862 2411 pap
892 2328 927 2405 at,
957 2330 983 2394 εί
1014 2326 1179 2406 aelredum
1205 2325 1352 2393 θεοίπαιτθ

160 2457 215 2511 σε,
245 2426 304 2518 (εὖ)
330 2426 389 2498 οἶδ’
415 2431 475 2510 ἐγὼ
500 2426 573 2518 (ὅτι)
599 2428 707 2497 τιίντα
728 2434 930 2500 οίτολιποῦοα
952 2430 1066 2515 ἕψεται
1089 2432 1142 2497 καί
1173 2432 1350 2510 οννοιιιθοει.

160 2536 202 2604 Bt
227 2534 305 2602 aiibi
328 2534 439 2602 eodem
464 2533 569 2603 modo.

203 2641 345 2717 Frustra
368 2642 600 2726 quaesiverunt
623 2640 762 2708 editores
785 2642 863 2729 qnid
888 2643 1002 2709 deteret
1025 2640 1085 2707 sub
1108 2640 1261 2707 Codicum
1281 2660 1351 2707 om·

159 2748 253 2814 nium
277 2747 437 2833 scriptura
463 2766 493 2832 p.
517 2750 597 2813 291.
620 2750 658 2812 41
686 2747 780 2829 ε’χρῆν
802 2772 837 2813 οε
861 2745 1026 2813 ἕπεσθαι
1051 2746 1103 2813 ιιαί
1127 2745 1248 2827 χαίρειν
1270 2747 1351 2811 α’το·

159 2852 242 2920 θύειν
271 2874 306 2916 τε
338 2852 507 2934 χαριενίοια
538 2859 600 2924 τοῖς
628 2853 715 2924 θεοῖο.
765 2850 969 2937 Hirschigins
1001 2849 1040 2917 de
1075 2869 1134 2915 sua
1163 2859 1200 2915 ut
1222 2847 1351 2915 videtur

158 2955 348 3043 coniectura
373 2957 405 3021 io
431 2963 555 3022 textum
577 2955 688 3022 intulit
707 2955 847 3033 ἥδεσθαι·
874 2974 935 3020 non
960 2953 1082 3040 negabo
1106 2961 1157 3021 sat
1175 2953 1255 3020 beno
1275 2973 1351 3020 con-

159 3062 273 3129 venire
294 3059 417 3137 ἥδεσθαι
440 3068 473 3127 et
496 3059 600 3126 editor
623 3059 758 3127 fortasse
778 3062 813 3126 in
836 3060 944 3126 animo
964 3058 1101 3127 habebat
1122 3058 1261 3147 lepidum
1282 3077 1350 3125 set·-

158 3165 301 3234 sicuium
325 3185 365 3233 ex
388 3165 613 3251 Aristophanis
633 3165 714 3231 Pace

409 3273 449 3344 ὥς
474 3269 585 3350 ι’ίδομαο
608 3271 661 3337 καί
685 3271 838 3352 χαίρομαι
862 3271 1109 3354 monaciscum:

159 3377 282 3444 Verum
315 3373 393 3441 iliud
425 3374 532 3453 obest,
566 3395 627 3442 non
655 3394 811 3462 apparere
841 3375 1000 3462 quomodo
1022 3374 1143 3452 ἥδεσθαι
1169 3377 1201 3441 in
1223 3373 1350 3443 ἕπεσθαι

157 3481 325 3566 corrumpi
349 3481 500 3566 potuerit
550 3479 691 3546 Facilius
716 3479 748 3545 id
772 3479 897 3546 ostendi
922 3481 1040 3566 poterit
1064 3481 1097 3548 iu
1122 3480 1219 3547 verbo
1241 3481 1350 3546 σπέν-

157 3586 317 3664 δεσθαι,
342 3604 424 3671 quae
449 3582 529 3649 mihi
553 3602 629 3651 vcra
653 3583 748 3653 lectio
771 3584 911 3652 videtur.
1002 3576 1011 3581 ’

202 3688 287 3755 Leve
311 3696 360 3755 est
383 3689 545 3774 corrigere
575 3709 605 3775 p.
628 3693 705 3756 294.
737 3694 799 3768 10,
824 3690 878 3755 troi
904 3709 1070 3777 perperam
1095 3690 1203 3757 editur
1225 3696 1261 3756 πθ
1284 3693 1350 3772 <to-

157 3794 372 3876 βεριίτεροι
395 3793 492 3860 δοκεῖν
515 3794 736 3877 προειληφότες
761 3814 818 3881 pro
837 3795 1122 3877 Φοβεροίτατοι.
1172 3795 1226 3863 sic
1251 3814 1350 3881 supra

157 3917 288 3985 qunque
310 3918 343 3986 p.
358 3904 434 3965 275.
460 3904 502 3967 to
526 3899 910 3976 πολναινητθταπθν
932 3923 964 3966 τι
987 3900 1040 3967 καί
1063 3900 1249 3982 θερμότατον
1271 3900 1361 3966 sori.

158 4004 280 4090 pserim
307 4023 363 4090 pro
391 4003 659 4080 πολνκίνηπθν
685 4012 718 4072 et
742 4003 846 4071 ubivis
871 4022 987 4089 magna
1011 4004 1125 4072 talium
1149 4003 1349 4092 corruptela·

159 4128 236 4174 rum
262 4117 385 4195 prostat
408 4111 509 4195 copia.

206 4214 364 4280 Peccaiur
388 4215 418 4280 in
450 4215 613 4302 syntaxim
644 4236 675 4302 p.
696 4219 774 4282 2911.
799 4219 819 4280 2
847 4216 881 4280 οὐ
911 4213 1051 4297 τρθτερθν
1074 4241 1110 4283 οε
1132 4215 1259 4294 μεθίημι
1281 4215 1350 4296 πρὶν

159 4316 202 4392 δή
226 4340 277 4395 μοι
300 4319 335 4384 πθ
358 4321 505 4401 ἀσφαλὲς
529 4320 781 4400 ἕμπεθωθείη.
829 4319 915 4386 Fieri
940 4339 1017 4387 sane
1038 4329 1160 4408 potest,
1187 4328 1223 4387 ot
1245 4318 1349 4387 Helio·
1402 4364 1412 4377 -

158 4421 231 4488 dori
251 4424 353 4509 ipsius
373 4445 465 4493 error
485 4427 548 4504 sit,
573 4427 628 4496 sed
649 4426 733 4497 maio
751 4436 858 4495 tamen
878 4424 1009 4494 eredere
1030 4447 1103 4496 cum
1121 4435 1210 4496 recte
1224 4424 1351 4494 dedisse
