3296 5022
274 336 317 404 12
764 352 978 404 cancrorum.

272 529 335 591 πῶν
369 521 467 602 νίμιιν
497 527 540 606 re
565 522 662 610 χρόνῳ
685 523 716 597 ίς
746 522 875 591 ίιίναπον
908 525 942 589 αί
971 523 1089 590 πολλαί
1120 525 1295 600 ιίννίκονσιν.
1329 521 1468 599 ίποίνον

271 630 434 710 ίεινίπιρίν
463 654 494 696 σι
525 630 634 697 ποιίποιι
657 628 721 700 δίον
752 629 886 710 εὑρεπίον
914 629 977 699 teis
1006 629 1115 706 ἢπίδε
1147 653 1188 708 γε
1218 629 1300 696 οὐδὲν
1329 628 1467 709 ίπίσχει.

271 734 401 803 Etenim
422 737 597 803 novissima
618 735 805 803 νεώσοικοι
824 737 929 821 ipsam
947 739 1139 802 sententiam
1162 737 1345 813 continent,
1369 753 1467 820 quem

270 844 376 909 nescio
399 844 470 929 quis
492 842 599 910 deesse
626 847 715 909 retus
737 841 790 907 καί
813 847 904 907 ποῡσο
927 836 1008 920 sace
1032 840 1266 923 παραβαίνεται
1289 841 1432 907 inseruit.

318 944 406 1028 Quae
421 968 500 1015 mox
521 952 698 1035 sequuntur
716 966 779 1012 non
797 949 887 1013 omni
905 967 946 1013 ex
963 952 1053 1034 parte
1073 949 1253 1014 coniectum
1272 966 1370 1032 quam
1388 943 1469 1011 olim

271 1053 344 1120 dedi
366 1060 476 1121 sanata
498 1061 583 1121 sunt.
626 1052 718 1121 Hunc
741 1055 846 1141 igitur
867 1052 952 1120 hunc
971 1054 1011 1121 ad
1032 1054 1167 1121 modum
1188 1051 1326 1142 roingo:
1350 1054 1424 1118 ἀλλ’
1448 1053 1467 1128 i

270 1161 329 1236 μὲν
359 1161 452 1226 πενία
482 1159 608 1244 ανιίρκρ
639 1162 695 1237 σὺν
725 1159 849 1238 τίλμαν
880 1159 1086 1242 παρέχουσα,
1117 1162 1136 1238 »t
1166 1161 1193 1227 δ’
1226 1159 1349 1238 ἐξουσία
1380 1154 1467 1239 ὕβρει

271 1267 327 1343 πίον
350 1265 545 1345 πλεονεξίαν,
578 1268 765 1349 Φρονήμαπα
796 1266 823 1332 δ’
847 1267 881 1333 αι’
916 1265 1016 1333 ἄλλαι
1038 1265 1204 1350 ξννποχίιιι
1234 1274 1273 1351 πῇ
1303 1264 1379 1347 tm
1408 1269 1468 1330 πῶν

271 1372 430 1453 σίνίροίπιιν
453 1376 492 1446 νίς
516 1372 613 1459 iactet
638 1372 701 1459 [πις
723 1372 913 1459 καπίχιπιιι]
938 1373 992 1438 ὑπ’
1016 1371 1165 1447 αννκίςοιι
1196 1370 1276 1444 πινίς
1300 1371 1467 1451 κρείσσονος

273 1475 436 1555 ἐξάγουσιν
466 1479 497 1552 ἐς
528 1477 598 1552 ποὺς
634 1477 795 1551 κινδύνους.
845 1476 882 1544 Si
912 1477 1082 1567 vulgatam
1110 1480 1263 1555 retineas,
1294 1475 1377 1542 nihil
1406 1477 1468 1541 erit

273 1583 358 1668 quod
379 1584 414 1649 αί
437 1581 538 1650 ἄλλαι
557 1584 723 1666 &circadas
746 1583 945 1667 παρίχονσιν.
982 1583 1025 1650 nt
1043 1590 1213 1671 paupertas
1234 1583 1365 1669 quidem
1383 1585 1468 1647 recte

273 1688 391 1754 dicitur
421 1688 588 1756 audaciam
619 1690 820 1777 suppeditare
853 1690 949 1776 idque
979 1691 1104 1773 ciserae
1135 1692 1203 1757 eive
1237 1687 1274 1754 δι’
1304 1687 1466 1765 ιίνιίγκνςι

273 1800 357 1862 recte
389 1797 488 1861 etiam
520 1799 663 1882 potentie
697 1797 867 1864 avaritiam
898 1816 1008 1883 perere
1041 1798 1176 1875 dicitur,
1221 1800 1255 1861 at
1288 1789 1467 1880 quomodo?

273 1898 361 1982 ι’ίβρει
383 1900 436 1968 vel
463 1899 502 1966 δι’
526 1898 623 1983 ὕβριν,
659 1901 808 1968 Etiamne
830 1902 882 1968 διίι
906 1901 1070 1984 φρόνιμοί
1112 1901 1347 1987 Respondercm
1369 1901 1398 1965 ai
1418 1900 1465 1963 in·

274 2005 464 2095 telligerem.
507 2005 593 2073 Illud
616 2013 699 2074 certe
722 2006 871 2096 intelligo
893 2007 973 2074 alias
1001 2012 1088 2077 vitae
1110 2008 1305 2076 conditiones
1326 2026 1390 2072 non
1410 2024 1466 2091 per

274 2133 308 2178 se
330 2112 370 2178 cd
392 2111 534 2199 pericula
555 2113 700 2180 adeunda
727 2133 785 2180 nos
805 2134 938 2202 urgere,
968 2113 1024 2181 sed
1048 2116 1152 2182 varias
1180 2114 1389 2202 cogitationes
1409 2129 1464 2196 pro

274 2217 409 2285 diversis
427 2217 595 2284 hominum
617 2219 762 2284 moribus
783 2219 967 2299 excitando,
991 2241 1049 2286 nec
1066 2225 1150 2286 recte
1172 2219 1291 2284 dicitur
1309 2220 1348 2291 ὡς
1371 2215 1463 2294 iactet

274 2348 321 2397 πισ
344 2324 531 2404 κατέχεται.
566 2323 638 2389 Νοιι
661 2326 748 2391 enim
767 2327 841 2405 ίργίι
872 2324 1066 2407 καπίχεπαι,
1098 2325 1153 2391 sed
1178 2323 1310 2405 καπίχιι
1340 2322 1392 2387 τὸν
1414 2320 1464 2386 cir·

274 2429 386 2511 ίριοπον
432 2428 598 2496 Postremo
619 2432 718 2497 verba
741 2430 792 2496 ὑπ’
816 2430 963 2506 donatote
981 2433 1059 2507 τινὸς
1085 2431 1250 2512 κρείσσονος
1273 2449 1337 2495 non
1358 2430 1467 2494 minus

274 2536 315 2603 od
342 2556 495 2623 pauperes
523 2534 706 2622 divitesque
733 2540 909 2623 pertinent,
946 2558 1045 2624 quam
1072 2538 1112 2605 od
1145 2557 1197 2604 cos
1228 2556 1307 2623 quos
1334 2534 1467 2600 ultimos

274 2646 513 2709 commemorat.

321 2748 412 2830 Quod
440 2749 475 2813 in
505 2748 710 2834 sequentibus
731 2751 883 2816 orationis
911 2751 1158 2817 concinnitatem
1186 2749 1296 2814 turbat
1325 2747 1466 2814 reiicien·

275 2853 363 2921 dum.
394 2853 490 2934 ίμὲν
521 2853 617 2941 (ἔρισι)
648 2856 704 2931 πίιν
733 2854 883 2934 ἐπιβολὴν
907 2855 1128 2938 ἕκφρονπίζιιν,
1161 2855 1234 2933 oti
1265 2853 1382 2940 (ἐλπίς)
1411 2852 1466 2928 πίον

275 2959 417 3041 εὐπορίαν
439 2961 510 3046 [τῆς
533 2960 650 3047 τύχης]
676 2962 865 3027 ὑποπιίεῒσα.
902 2962 950 3028 De
969 2963 1109 3029 Fortuna
1130 2981 1207 3027 mox
1226 2961 1369 3027 dicturus
1385 2962 1442 3025 est.

319 3064 356 3130 ln
377 3064 444 3131 illis
466 3062 524 3146 ίσςι
547 3068 614 3146 περὶ
639 3071 698 3132 τῶν
728 3067 868 3146 μερίς-ιιι
892 3068 958 3134 ντί.
994 3069 1092 3134 donec
1117 3072 1264 3154 corrupte
1292 3066 1391 3134 verba
1412 3063 1464 3129 aci

274 3171 360 3249 μιπιὶ
389 3167 513 3237 πάντων
542 3170 750 3256 probabiliter
780 3176 997 3261 corrigantur,
1029 3176 1081 3239 cui
1112 3176 1198 3259 operi
1226 3192 1279 3239 me
1309 3174 1466 3258 imperem

274 3296 341 3342 esse
364 3273 528 3355 confiteor,
553 3275 668 3343 inutile
690 3282 739 3343 est
761 3277 801 3343 de
823 3277 947 3364 reliqua
967 3282 1125 3345 sententio
1143 3279 1313 3365 disputare.

319 3485 395 3575 Gap.
418 3485 471 3555 47.
495 3489 525 3562 ἐς
549 3488 685 3566 πόλεμον
709 3489 895 3571 ἕπίρχεσίι.
930 3492 1005 3559 vide
1032 3513 1072 3559 en
1099 3489 1259 3559 Graecum
1282 3492 1325 3555 sit
1354 3490 1383 3561 ἐς
1408 3488 1463 3555 πί-

273 3609 367 3672 λεμον
391 3594 517 3661 ίπιίνιιι.
551 3592 697 3681 Simplex
718 3598 853 3662 verbum
876 3597 1092 3682 praetulerim.

317 3701 397 3768 Mox
418 3704 451 3767 in
473 3701 701 3783 προσποιεῖσθαι
724 3702 847 3769 haereo
884 3701 1107 3792 Thucydidem
1123 3704 1284 3789 scripsisse
1304 3703 1461 3788 suspicor:

273 3808 322 3876 dei
348 3808 381 3875 ίί
402 3807 455 3874 καί
483 3811 510 3874 σί
541 3807 690 3885 ἠδίκησαν
719 3810 1000 3890 προσκοπεῖσίαι
1036 3804 1116 3882 ίπιος
1149 3801 1164 3873 ί
1194 3807 1284 3889 μίνον
1316 3807 1389 3885 ἡμῖν
1417 3808 1462 3872 ἔτι

271 3913 446 3999 ξύμμαχίν
468 3916 514 3984 let
536 3919 581 3995 μὴ
601 3915 748 3995 πολίμιον
770 3915 910 3995 γίνηται.

317 4019 397 4089 Mox
430 4020 604 4111 legendum
639 4019 786 4089 videtur:
821 4023 860 4097 νίς
890 4021 926 4086 πί
962 4020 1097 4095 Κλίιινος
1131 4019 1231 4086 ταύτὸ
1262 4019 1374 4085 δίκαιον
1409 4016 1461 4082 καί

272 4128 429 4210 ξύμφορον
455 4138 511 4204 πῆς
533 4129 680 4209 τιμωρίας
705 4127 766 4209 οὐχ
798 4127 970 4208 εὑρίσκεται
994 4127 1025 4192 ἐν
1054 4126 1159 4208 ταύτῷ
1188 4124 1314 4191 δυνατὸν
1337 4123 1368 4190 iv
1391 4119 1462 4200 ι’ίμα

271 4230 447 4314 γίγνισίιιι.

318 4442 396 4530 Gap.
417 4442 470 4508 49.
495 4440 583 4517 ἦλθον
600 4445 658 4524 μὲν
680 4446 711 4516 ίς
728 4445 838 4522 ἀγῶνα
857 4441 937 4523 ίμιις
957 4454 1013 4522 τῆς
1034 4446 1129 4527 ittae.
1163 4444 1277 4512 Nescio
1299 4463 1362 4529 quo
1381 4441 1461 4522 ίμιιε
