3296 5022
637 373 834 419 corrrcrmea
866 374 982 421 tortus.
1338 355 1401 417 tet

212 537 306 620 arada
330 539 585 616 syntasma
609 538 701 611 roric
726 540 936 618 Κυμαίους
961 539 1105 627 (stupore
1128 538 1266 605 fumosos
1287 534 1396 603 ulsb-

210 640 344 728 dertare)
375 640 607 719 ὀγκώμενος
637 642 755 719 μάλα
783 644 919 726 τραχὺ
942 645 1007 710 sui
1032 640 1396 717 καταπληκτικόν,

209 743 306 827 ἄχρι
329 745 374 820 δή
393 768 454 818 rar
474 746 598 812 adria
617 743 729 822 ξένος
750 748 820 814 καὶ
840 746 988 813 blarru
1007 747 1097 813 idcir
1114 746 1181 813 sat
1200 745 1285 812 brer
1306 757 1404 815 πολι

210 848 331 923 saluar
364 847 519 928 ἤλεγξε
550 851 679 915 rator
708 860 796 924 τοῖς
826 850 976 928 ξύλοις.
1022 848 1072 918 Ol.
1097 849 1283 934 uoeodotog.
1309 868 1338 914 e.
1362 851 1396 914 δὲ

210 953 269 1020 llic
298 951 430 1019 demum
458 952 585 1037 singula
609 956 730 1040 optime
753 957 958 1022 eorrreniuat.
995 956 1053 1021 lsti
1076 955 1132 1040 qui
1155 956 1252 1020 etiam
1277 951 1397 1020 leviora

209 1066 342 1145 murale
366 1058 467 1124 cebir
491 1056 638 1125 Herodis
661 1060 811 1126 inuadunt
835 1068 867 1127 et
886 1061 925 1126 de
943 1060 1056 1127 uirtute
1075 1059 1171 1125 locuti
1188 1058 1311 1124 clunem
1330 1055 1397 1140 cui·

210 1171 295 1237 teat,
328 1170 439 1247 turpes
464 1164 641 1230 introrsum
665 1165 747 1231 esini
773 1163 826 1229 sed
852 1165 993 1252 speciosa
1019 1163 1099 1251 pelle
1121 1162 1247 1230 leonius
1271 1160 1396 1234 decori.

210 1265 425 1352 simpliciores
460 1265 590 1351 quidem
628 1268 871 1355 hebetioresque
908 1269 1053 1335 homiues
1085 1266 1178 1334 iacile
1208 1264 1396 1351 decipiunt,

211 1369 266 1437 sod
298 1372 383 1436 viros
417 1372 578 1438 acutiores
602 1374 755 1460 narisque
778 1380 966 1451 emunctae,
997 1372 1102 1459 qualis
1125 1370 1271 1437 Lucilius
1290 1375 1341 1433 est
1364 1373 1397 1434 et

211 1473 382 1550 Horatius,
415 1484 579 1559 nequeunt
604 1474 729 1544 saliere:
756 1477 789 1543 bi
814 1484 846 1542 et
870 1477 983 1543 asinos·
1001 1484 1120 1543 norunt
1144 1484 1175 1541 et
1199 1474 1325 1549 teones,
1349 1480 1396 1538 at·

210 1598 274 1665 que
304 1578 374 1646 illos
405 1579 497 1646 lacile
520 1579 662 1648 dolestos
685 1580 825 1647 luctibus
848 1578 973 1657 dolent,
997 1580 1018 1646 i.
1042 1599 1071 1647 c.
1095 1579 1205 1646 satiris
1227 1580 1297 1645 suis
1319 1590 1396 1644 exa·

210 1682 316 1767 girant
337 1690 370 1749 et
392 1681 578 1752 traducunt.

645 1788 712 1856 Sat.
738 1787 785 1864 ll,
810 1788 861 1865 ll,
887 1791 963 1856 123.

392 1888 465 1956 Post
490 1889 549 1959 hoc
574 1890 670 1961 ludus
692 1899 762 1958 erat
785 1890 878 1978 calpa
902 1899 1013 1979 potare
1031 1890 1194 1977 mocirtrc.

255 1993 344 2060 luter
373 1995 577 2061 coniecturas
613 1998 644 2063 io
677 1996 763 2063 hune
797 1995 902 2062 lucum
939 1995 1079 2083 prolatas
1114 1996 1203 2089 (natu
1233 1990 1398 2079 rotgero

214 2097 334 2165 lrustre
357 2095 484 2165 delendi
510 2099 695 2184 planissime
720 2103 880 2167 assentior
903 2099 1137 2186 Peerlkampio)
1161 2096 1243 2164 milii
1265 2095 1397 2184 quidem

212 2201 306 2287 longe
327 2202 467 2268 maxime
485 2202 608 2270 arridet
630 2203 863 2271 llirebaerieoa
880 2205 1027 2288 malsc-
1040 2205 1211 2291 παρέστω,
1237 2203 1298 2267 uisi
1311 2199 1396 2287 quod

212 2305 274 2373 hoc
295 2307 386 2391 gravi
411 2306 533 2374 laborat
557 2308 776 2387 incommodo,
801 2307 885 2396 quod
908 2310 951 2375 ita
977 2306 1075 2374 Olclla
1099 2307 1222 2375 dicitur
1245 2307 1335 2393 prius
1358 2305 1398 2371 dc

213 2429 302 2477 more
330 2410 363 2475 io
392 2412 548 2478 conviviis
576 2413 644 2478 suis
673 2415 881 2482 constituisse
913 2413 1041 2479 bibendi
1066 2414 1258 2498 magistrum
1283 2409 1399 2477 deinde

212 2534 289 2581 vcro
311 2515 503 2601 abrogasse,
528 2536 610 2603 quae
629 2538 706 2584 suoe
730 2538 833 2605 oeque
855 2518 979 2584 lloratil
999 2536 1102 2605 oeque
1120 2515 1292 2584 Kircbneri
1306 2534 1398 2581 mens

211 2617 293 2699 luit,
317 2621 370 2685 cui
396 2622 490 2687 unica
513 2625 678 2689 convenit:

393 2722 543 2809 posthoc
567 2724 663 2791 ludus
683 2732 754 2792 erat
776 2725 864 2791 nullo
887 2733 998 2810 potare
1021 2724 1192 2810 mcqirtro,

215 2835 250 2895 ut
275 2825 343 2893 lieri
367 2826 487 2894 solebat
512 2827 543 2892 io
570 2826 642 2893 ville
665 2829 766 2915 ipsius
793 2829 934 2906 Horatii,
959 2827 1014 2894 ubi

697 2940 792 3018 prout
816 2934 933 3018 cuique
956 2931 1054 2997 libido
1076 2936 1126 2995 est

395 3033 537 3101 siccabat
561 3034 744 3120 inaequales
767 3037 884 3105 calices
906 3035 1040 3104 convive
1063 3033 1188 3101 solutus

395 3138 518 3223 legibus
543 3139 666 3206 insanis
689 3149 764 3208 cett.

213 3261 309 3330 quem
334 3242 438 3310 locum
465 3244 527 3310 iam
552 3243 660 3309 attulit
683 3245 843 3313 Bentleius
859 3266 959 3333 peace
980 3252 1069 3312 reete
1088 3245 1177 3326 (bum
1191 3242 1398 3330 ineptumest

212 3366 315 3433 mous
340 3346 544 3436 femininum)
569 3349 757 3415 coniicieos:
783 3349 1114 3435 collo-moyirtrc,
1137 3355 1310 3432 antequam
1329 3364 1400 3412 mu·

212 3452 346 3518 tationis
377 3450 492 3518 lenitas
519 3470 595 3517 eum
619 3451 806 3532 induceret,
829 3462 866 3520 ut
891 3454 1036 3539 neglecto
1059 3470 1156 3516 sanae
1180 3453 1298 3517 meotis
1320 3469 1399 3516 ccu-

212 3554 304 3633 silio‚
336 3555 581 3639 ingeniosiorem
613 3554 749 3623 fortasse
778 3558 833 3625 scd
859 3558 992 3624 minime
1016 3553 1209 3642 probabilem
1232 3555 1398 3620 coniectu·

214 3677 284 3725 ram
311 3669 484 3744 promeret:
510 3662 826 3747 copo-mcyirtro,
850 3672 963 3728 contra
987 3680 1083 3745 quam
1105 3657 1176 3724 ride
1196 3674 1278 3743 quac
1299 3658 1398 3724 reris·

213 3762 295 3831 sime
318 3761 462 3847 disputat
486 3763 745 3850 Peerlkampius,
769 3765 825 3851 qui
846 3774 952 3832 tameo
976 3768 1043 3851 ipse
1063 3760 1149 3829 baud
1167 3781 1245 3829 saue
1266 3761 1398 3829 melion

214 3867 420 3953 excogitavit.

780 4047 834 4113 tv,

666 4226 711 4291 do
741 4226 946 4292 Pacrearruu.

260 4387 360 4457 lubet
390 4389 455 4456 iam
489 4395 613 4455 tentare
640 4407 758 4474 paucos
781 4389 935 4475 quosdam
962 4386 1047 4455 locus
1070 4387 1278 4457 librariorum
1301 4386 1397 4477 eulpa
