<?xml version="1.0" encoding="UTF-8"?>
<!DOCTYPE html PUBLIC "-//W3C//DTD XHTML 1.0 Transitional//EN"
    "http://www.w3.org/TR/xhtml1/DTD/xhtml1-transitional.dtd">
<html xmlns="http://www.w3.org/1999/xhtml" xml:lang="en" lang="en">
 <head>
  <title>
</title>
<meta http-equiv="Content-Type" content="text/html;charset=utf-8" />
  <meta name='ocr-system' content='tesseract 3.04.00' />
  <meta name='ocr-capabilities' content='ocr_page ocr_carea ocr_par ocr_line ocrx_word'/>
</head>
<body>
  <div class='ocr_page' id='page_1' title='image "./mnemosynebiblio00servgoog_0289.png"; bbox 0 0 3388 5010; ppageno 0'>
   <div class='ocr_carea' id='block_1_1' title="bbox 276 336 1065 405">
    <p class='ocr_par' dir='ltr' id='par_1_1' title="bbox 276 336 1065 405">
     <span class='ocr_line' id='line_1_1' title="bbox 276 336 1065 405; baseline 0.004 -4"><span class='ocrx_word' id='word_1_1' title='bbox 276 336 340 402; x_wconf 75' lang='lat'><strong>278</strong></span> <span class='ocrx_word' id='word_1_2' title='bbox 673 358 827 405; x_wconf 76' lang='lat' dir='ltr'><strong>aucturam</strong></span> <span class='ocrx_word' id='word_1_3' title='bbox 853 356 889 403; x_wconf 87' lang='lat' dir='ltr'><strong>nr</strong></span> <span class='ocrx_word' id='word_1_4' title='bbox 912 356 1065 405; x_wconf 74' lang='lat' dir='ltr'><strong>buettner.</strong></span> 
     </span>
    </p>
   </div>
   <div class='ocr_carea' id='block_1_2' title="bbox 277 520 1468 2579">
    <p class='ocr_par' dir='ltr' id='par_1_2' title="bbox 277 520 1464 715">
     <span class='ocr_line' id='line_1_2' title="bbox 277 520 1464 612; baseline -0.002 -25"><span class='ocrx_word' id='word_1_5' title='bbox 277 523 304 587; x_wconf 86' lang='lat' dir='ltr'><strong>ri</strong></span> <span class='ocrx_word' id='word_1_6' title='bbox 326 520 362 587; x_wconf 84' lang='lat' dir='ltr'><strong>id</strong></span> <span class='ocrx_word' id='word_1_7' title='bbox 384 522 553 605; x_wconf 83' lang='lat' dir='ltr'><strong>moluerit;</strong></span> <span class='ocrx_word' id='word_1_8' title='bbox 579 542 654 592; x_wconf 90' lang='lat' dir='ltr'><strong>nam</strong></span> <span class='ocrx_word' id='word_1_9' title='bbox 679 526 723 603; x_wconf 89' lang='lat' dir='ltr'><strong>is,</strong></span> <span class='ocrx_word' id='word_1_10' title='bbox 755 527 810 612; x_wconf 81' lang='lat' dir='ltr'><strong>qui</strong></span> <span class='ocrx_word' id='word_1_11' title='bbox 837 524 972 611; x_wconf 81' lang='lat' dir='ltr'><strong>spondet</strong></span> <span class='ocrx_word' id='word_1_12' title='bbox 993 521 1061 590; x_wconf 87' lang='lat' dir='ltr'><strong>iore</strong></span> <span class='ocrx_word' id='word_1_13' title='bbox 1086 529 1123 589; x_wconf 87' lang='lat' dir='ltr'><strong>ut</strong></span> <span class='ocrx_word' id='word_1_14' title='bbox 1146 520 1313 589; x_wconf 83' lang='lat' dir='ltr'><strong>maleficus</strong></span> <span class='ocrx_word' id='word_1_15' title='bbox 1330 521 1370 586; x_wconf 44' lang='lat' dir='ltr'><strong>wiu</strong></span> <span class='ocrx_word' id='word_1_16' title='bbox 1394 530 1464 586; x_wconf 87' lang='lat' dir='ltr'><strong>rna·</strong></span> 
     </span>
     <span class='ocr_line' id='line_1_3' title="bbox 278 626 1170 715; baseline 0.003 -23"><span class='ocrx_word' id='word_1_17' title='bbox 278 626 345 694; x_wconf 90' lang='lat' dir='ltr'><strong>lam&#39;</strong></span> <span class='ocrx_word' id='word_1_18' title='bbox 368 644 498 693; x_wconf 87' lang='lat' dir='ltr'><strong>crucem</strong></span> <span class='ocrx_word' id='word_1_19' title='bbox 522 626 632 707; x_wconf 91' lang='lat' dir='ltr'><strong>abeat,</strong></span> <span class='ocrx_word' id='word_1_20' title='bbox 657 646 720 695; x_wconf 89' lang='lat' dir='ltr'><strong>uon</strong></span> <span class='ocrx_word' id='word_1_21' title='bbox 744 629 932 696; x_wconf 76' lang='lat' dir='ltr'><strong>dubitanter</strong></span> <span class='ocrx_word' id='word_1_22' title='bbox 953 628 1048 695; x_wconf 88' lang='lat' dir='ltr'><strong>debet</strong></span> <span class='ocrx_word' id='word_1_23' title='bbox 1070 627 1170 715; x_wconf 86' lang='lat' dir='ltr'><strong>loqui.</strong></span> 
     </span>
    </p>

    <p class='ocr_par' dir='ltr' id='par_1_3' title="bbox 382 731 1202 820">
     <span class='ocr_line' id='line_1_4' title="bbox 382 731 1202 820; baseline 0 -23"><span class='ocrx_word' id='word_1_24' title='bbox 382 734 435 798; x_wconf 86' lang='grc'><strong>16.</strong></span> <span class='ocrx_word' id='word_1_25' title='bbox 455 731 614 800; x_wconf 84' lang='lat' dir='ltr'><strong>Concedat</strong></span> <span class='ocrx_word' id='word_1_26' title='bbox 634 733 757 800; x_wconf 89' lang='lat' dir='ltr'><strong>homini</strong></span> <span class='ocrx_word' id='word_1_27' title='bbox 776 734 809 800; x_wconf 93' lang='lat' dir='ltr'><strong>id</strong></span> <span class='ocrx_word' id='word_1_28' title='bbox 829 732 912 820; x_wconf 85' lang='lat' dir='ltr'><strong>quud</strong></span> <span class='ocrx_word' id='word_1_29' title='bbox 932 731 1023 812; x_wconf 81' lang='lat' dir='ltr'><strong>velit,</strong></span> <span class='ocrx_word' id='word_1_30' title='bbox 1045 731 1202 808; x_wconf 87' lang='lat' dir='ltr'><strong>deleniat,</strong></span> 
     </span>
    </p>

    <p class='ocr_par' dir='ltr' id='par_1_4' title="bbox 374 837 1193 925">
     <span class='ocr_line' id='line_1_5' title="bbox 374 837 1193 925; baseline 0 -23"><span class='ocrx_word' id='word_1_31' title='bbox 374 846 562 923; x_wconf 88' lang='lat' dir='ltr'><strong>corrumpat</strong></span> <span class='ocrx_word' id='word_1_32' title='bbox 580 857 729 925; x_wconf 88' lang='lat' dir='ltr'><strong>prorsum</strong></span> <span class='ocrx_word' id='word_1_33' title='bbox 755 858 792 905; x_wconf 92' lang='lat' dir='ltr'><strong>ac</strong></span> <span class='ocrx_word' id='word_1_34' title='bbox 818 857 932 904; x_wconf 84' lang='lat' dir='ltr'><strong>nervos</strong></span> <span class='ocrx_word' id='word_1_35' title='bbox 955 840 1061 904; x_wconf 91' lang='lat' dir='ltr'><strong>omnis</strong></span> <span class='ocrx_word' id='word_1_36' title='bbox 1084 837 1193 923; x_wconf 87' lang='lat' dir='ltr'><strong>eligat.</strong></span> 
     </span>
    </p>

    <p class='ocr_par' dir='ltr' id='par_1_5' title="bbox 279 937 1468 1322">
     <span class='ocr_line' id='line_1_6' title="bbox 323 937 1465 1031; baseline -0.004 -23"><span class='ocrx_word' id='word_1_37' title='bbox 323 939 424 1008; x_wconf 85' lang='lat' dir='ltr'><strong>Usum</strong></span> <span class='ocrx_word' id='word_1_38' title='bbox 455 940 545 1007; x_wconf 83' lang='lat' dir='ltr'><strong>verbi</strong></span> <span class='ocrx_word' id='word_1_39' title='bbox 578 943 694 1029; x_wconf 79' lang='lat' dir='ltr'><strong>eligere</strong></span> <span class='ocrx_word' id='word_1_40' title='bbox 710 941 756 1013; x_wconf 89' lang='lat' dir='ltr'><strong>ab</strong></span> <span class='ocrx_word' id='word_1_41' title='bbox 780 943 848 1028; x_wconf 84' lang='lat' dir='ltr'><strong>agri</strong></span> <span class='ocrx_word' id='word_1_42' title='bbox 882 941 1009 1008; x_wconf 91' lang='lat' dir='ltr'><strong>cultura</strong></span> <span class='ocrx_word' id='word_1_43' title='bbox 1036 942 1088 1031; x_wconf 78' lang='lat' dir='ltr'><strong>(z</strong></span> <span class='ocrx_word' id='word_1_44' title='bbox 1110 940 1305 1028; x_wconf 80' lang='lat' dir='ltr'><strong>expurgare)</strong></span> <span class='ocrx_word' id='word_1_45' title='bbox 1327 937 1368 1005; x_wconf 85' lang='lat' dir='ltr'><strong>ad</strong></span> <span class='ocrx_word' id='word_1_46' title='bbox 1395 954 1465 1004; x_wconf 89' lang='lat' dir='ltr'><strong>ner·</strong></span> 
     </span>
     <span class='ocr_line' id='line_1_7' title="bbox 280 1044 1466 1128; baseline -0.003 -18"><span class='ocrx_word' id='word_1_47' title='bbox 280 1064 335 1111; x_wconf 82' lang='lat' dir='ltr'><strong>ros</strong></span> <span class='ocrx_word' id='word_1_48' title='bbox 358 1044 510 1112; x_wconf 75' lang='lat' dir='ltr'><strong>translati</strong></span> <span class='ocrx_word' id='word_1_49' title='bbox 535 1044 677 1113; x_wconf 91' lang='lat' dir='ltr'><strong>illustrat</strong></span> <span class='ocrx_word' id='word_1_50' title='bbox 706 1046 811 1115; x_wconf 80' lang='lat' dir='ltr'><strong>Madv.</strong></span> <span class='ocrx_word' id='word_1_51' title='bbox 837 1045 875 1113; x_wconf 90' lang='lat' dir='ltr'><strong>ad</strong></span> <span class='ocrx_word' id='word_1_52' title='bbox 900 1046 968 1112; x_wconf 88' lang='lat' dir='ltr'><strong>Liv.</strong></span> <span class='ocrx_word' id='word_1_53' title='bbox 994 1046 1063 1112; x_wconf 88' lang='lat' dir='ltr'><strong>Vll.</strong></span> <span class='ocrx_word' id='word_1_54' title='bbox 1088 1050 1151 1124; x_wconf 77' lang='lat'><strong>39,</strong></span> <span class='ocrx_word' id='word_1_55' title='bbox 1181 1044 1316 1113; x_wconf 84' lang='lat' dir='ltr'><strong>Emend.</strong></span> <span class='ocrx_word' id='word_1_56' title='bbox 1340 1044 1408 1110; x_wconf 81' lang='lat' dir='ltr'><strong>biv.</strong></span> <span class='ocrx_word' id='word_1_57' title='bbox 1432 1063 1466 1128; x_wconf 87' lang='lat' dir='ltr'><strong>p.</strong></span> 
     </span>
     <span class='ocr_line' id='line_1_8' title="bbox 283 1148 1468 1237; baseline -0.002 -22"><span class='ocrx_word' id='word_1_58' title='bbox 283 1152 357 1217; x_wconf 82' lang='lat' dir='ltr'><strong>iiiii.</strong></span> <span class='ocrx_word' id='word_1_59' title='bbox 392 1149 458 1215; x_wconf 86' lang='lat' dir='ltr'><strong>Nec</strong></span> <span class='ocrx_word' id='word_1_60' title='bbox 482 1148 614 1229; x_wconf 87' lang='lat' dir='ltr'><strong>dubito,</strong></span> <span class='ocrx_word' id='word_1_61' title='bbox 636 1152 715 1237; x_wconf 89' lang='lat' dir='ltr'><strong>quin</strong></span> <span class='ocrx_word' id='word_1_62' title='bbox 739 1150 929 1218; x_wconf 87' lang='lat' dir='ltr'><strong>vocobulum</strong></span> <span class='ocrx_word' id='word_1_63' title='bbox 954 1170 991 1216; x_wconf 86' lang='lat' dir='ltr'><strong>ex</strong></span> <span class='ocrx_word' id='word_1_64' title='bbox 1015 1150 1165 1217; x_wconf 87' lang='lat' dir='ltr'><strong>omnibns</strong></span> <span class='ocrx_word' id='word_1_65' title='bbox 1189 1168 1289 1237; x_wconf 89' lang='lat' dir='ltr'><strong>paene</strong></span> <span class='ocrx_word' id='word_1_66' title='bbox 1307 1148 1399 1215; x_wconf 93' lang='lat' dir='ltr'><strong>codd.</strong></span> <span class='ocrx_word' id='word_1_67' title='bbox 1425 1149 1468 1213; x_wconf 86' lang='lat' dir='ltr'><strong>sit</strong></span> 
     </span>
     <span class='ocr_line' id='line_1_9' title="bbox 279 1252 1027 1322; baseline -0.001 -3"><span class='ocrx_word' id='word_1_68' title='bbox 279 1252 516 1320; x_wconf 89' lang='lat' dir='ltr'><strong>restituendum</strong></span> <span class='ocrx_word' id='word_1_69' title='bbox 543 1253 687 1320; x_wconf 84' lang='lat' dir='ltr'><strong>Ciceroni</strong></span> <span class='ocrx_word' id='word_1_70' title='bbox 713 1256 828 1322; x_wconf 83' lang='lat' dir='ltr'><strong>Tuscc.</strong></span> <span class='ocrx_word' id='word_1_71' title='bbox 853 1254 898 1322; x_wconf 93' lang='lat' dir='ltr'><strong>lll</strong></span> <span class='ocrx_word' id='word_1_72' title='bbox 921 1253 981 1320; x_wconf 89' lang='lat' dir='ltr'><strong>sub</strong></span> <span class='ocrx_word' id='word_1_73' title='bbox 1006 1254 1027 1319; x_wconf 87' lang='lat' dir='ltr'><strong>l.-</strong></span> 
     </span>
    </p>

    <p class='ocr_par' dir='ltr' id='par_1_6' title="bbox 281 1357 1467 1970">
     <span class='ocr_line' id='line_1_10' title="bbox 372 1357 1375 1447; baseline -0.001 -24"><span class='ocrx_word' id='word_1_74' title='bbox 372 1362 424 1424; x_wconf 73' lang='lat'><strong>25.</strong></span> <span class='ocrx_word' id='word_1_75' title='bbox 449 1357 500 1423; x_wconf 90' lang='lat' dir='ltr'><strong>Nil</strong></span> <span class='ocrx_word' id='word_1_76' title='bbox 525 1378 623 1445; x_wconf 84' lang='lat' dir='ltr'><strong>parvo</strong></span> <span class='ocrx_word' id='word_1_77' title='bbox 647 1359 723 1427; x_wconf 92' lang='lat' dir='ltr'><strong>huic</strong></span> <span class='ocrx_word' id='word_1_78' title='bbox 747 1361 849 1447; x_wconf 88' lang='lat' dir='ltr'><strong>pensi.</strong></span> <span class='ocrx_word' id='word_1_79' title='bbox 874 1359 954 1425; x_wconf 88' lang='lat' dir='ltr'><strong>haut</strong></span> <span class='ocrx_word' id='word_1_80' title='bbox 977 1358 1103 1425; x_wconf 85' lang='lat' dir='ltr'><strong>litteras</strong></span> <span class='ocrx_word' id='word_1_81' title='bbox 1123 1358 1238 1427; x_wconf 91' lang='lat' dir='ltr'><strong>doceas</strong></span> <span class='ocrx_word' id='word_1_82' title='bbox 1257 1357 1375 1424; x_wconf 89' lang='lat' dir='ltr'><strong>lutum.</strong></span> 
     </span>
     <span class='ocr_line' id='line_1_11' title="bbox 282 1461 1467 1554; baseline 0 -26"><span class='ocrx_word' id='word_1_83' title='bbox 282 1461 405 1528; x_wconf 82' lang='lat' dir='ltr'><strong>Porrus</strong></span> <span class='ocrx_word' id='word_1_84' title='bbox 428 1462 629 1530; x_wconf 86' lang='lat' dir='ltr'><strong>substantive</strong></span> <span class='ocrx_word' id='word_1_85' title='bbox 652 1467 792 1551; x_wconf 88' lang='lat' dir='ltr'><strong>positum</strong></span> <span class='ocrx_word' id='word_1_86' title='bbox 816 1464 950 1554; x_wconf 88' lang='lat' dir='ltr'><strong>(diesem</strong></span> <span class='ocrx_word' id='word_1_87' title='bbox 971 1462 1124 1540; x_wconf 87' lang='lat' dir='ltr'><strong>llleincn,</strong></span> <span class='ocrx_word' id='word_1_88' title='bbox 1149 1465 1262 1553; x_wconf 90' lang='lat' dir='ltr'><strong>puero)</strong></span> <span class='ocrx_word' id='word_1_89' title='bbox 1280 1483 1343 1529; x_wconf 92' lang='lat' dir='ltr'><strong>nou</strong></span> <span class='ocrx_word' id='word_1_90' title='bbox 1362 1471 1467 1549; x_wconf 90' lang='lat' dir='ltr'><strong>potest</strong></span> 
     </span>
     <span class='ocr_line' id='line_1_12' title="bbox 281 1551 1465 1655; baseline -0.002 -22"><span class='ocrx_word' id='word_1_91' title='bbox 281 1567 373 1653; x_wconf 88' lang='lat' dir='ltr'><strong>iungi</strong></span> <span class='ocrx_word' id='word_1_92' title='bbox 398 1584 473 1634; x_wconf 89' lang='lat' dir='ltr'><strong>cum</strong></span> <span class='ocrx_word' id='word_1_93' title='bbox 499 1570 698 1654; x_wconf 90' lang='lat' dir='ltr'><strong>pronomine.</strong></span> <span class='ocrx_word' id='word_1_94' title='bbox 723 1568 768 1636; x_wconf 82' lang='lat' dir='ltr'><strong>dt.</strong></span> <span class='ocrx_word' id='word_1_95' title='bbox 793 1571 821 1635; x_wconf 92' lang='lat' dir='ltr'><strong>si</strong></span> <span class='ocrx_word' id='word_1_96' title='bbox 844 1551 926 1635; x_wconf 86' lang='lat' dir='ltr'><strong>tanti</strong></span> <span class='ocrx_word' id='word_1_97' title='bbox 945 1568 1180 1655; x_wconf 77' lang='lat' dir='ltr'><strong>Naegelsbach,</strong></span> <span class='ocrx_word' id='word_1_98' title='bbox 1204 1570 1274 1635; x_wconf 85' lang='lat' dir='ltr'><strong>Lat.</strong></span> <span class='ocrx_word' id='word_1_99' title='bbox 1297 1567 1413 1633; x_wconf 90' lang='lat' dir='ltr'><strong>Stilist.</strong></span> <span class='ocrx_word' id='word_1_100' title='bbox 1434 1587 1465 1653; x_wconf 90' lang='lat' dir='ltr'><strong>p.</strong></span> 
     </span>
     <span class='ocr_line' id='line_1_13' title="bbox 282 1671 1467 1761; baseline -0.001 -24"><span class='ocrx_word' id='word_1_101' title='bbox 282 1676 336 1738; x_wconf 72' lang='lat'><strong>82.</strong></span> <span class='ocrx_word' id='word_1_102' title='bbox 361 1672 469 1738; x_wconf 83' lang='lat' dir='ltr'><strong>Libri:</strong></span> <span class='ocrx_word' id='word_1_103' title='bbox 496 1673 583 1738; x_wconf 81' lang='lat' dir='ltr'><strong>nibil</strong></span> <span class='ocrx_word' id='word_1_104' title='bbox 601 1676 692 1761; x_wconf 89' lang='lat' dir='ltr'><strong>poroi</strong></span> <span class='ocrx_word' id='word_1_105' title='bbox 716 1695 753 1741; x_wconf 88' lang='lat' dir='ltr'><strong>oc</strong></span> <span class='ocrx_word' id='word_1_106' title='bbox 771 1697 805 1761; x_wconf 87' lang='lat' dir='ltr'><strong>p.</strong></span> <span class='ocrx_word' id='word_1_107' title='bbox 829 1675 877 1740; x_wconf 86' lang='lat' dir='ltr'><strong>uti</strong></span> <span class='ocrx_word' id='word_1_108' title='bbox 898 1673 1003 1739; x_wconf 84' lang='lat' dir='ltr'><strong>littero</strong></span> <span class='ocrx_word' id='word_1_109' title='bbox 1026 1674 1056 1739; x_wconf 87' lang='lat' dir='ltr'><strong>d.</strong></span> <span class='ocrx_word' id='word_1_110' title='bbox 1081 1674 1105 1738; x_wconf 86' lang='lat' dir='ltr'><strong>l.</strong></span> <span class='ocrx_word' id='word_1_111' title='bbox 1141 1673 1226 1741; x_wconf 84' lang='lat' dir='ltr'><strong>Nihil</strong></span> <span class='ocrx_word' id='word_1_112' title='bbox 1245 1673 1338 1761; x_wconf 82' lang='lat' dir='ltr'><strong>parui</strong></span> <span class='ocrx_word' id='word_1_113' title='bbox 1362 1671 1467 1738; x_wconf 86' lang='lat' dir='ltr'><strong>iacere</strong></span> 
     </span>
     <span class='ocr_line' id='line_1_14' title="bbox 283 1775 1467 1867; baseline 0 -26"><span class='ocrx_word' id='word_1_114' title='bbox 283 1775 319 1866; x_wconf 92' lang='lat' dir='ltr'><strong>(i.</strong></span> <span class='ocrx_word' id='word_1_115' title='bbox 346 1797 373 1843; x_wconf 91' lang='lat' dir='ltr'><strong>e.</strong></span> <span class='ocrx_word' id='word_1_116' title='bbox 399 1777 479 1843; x_wconf 90' lang='lat' dir='ltr'><strong>nihil</strong></span> <span class='ocrx_word' id='word_1_117' title='bbox 504 1777 685 1867; x_wconf 78' lang='lat' dir='ltr'><strong>neglegere)</strong></span> <span class='ocrx_word' id='word_1_118' title='bbox 710 1788 742 1846; x_wconf 89' lang='lat' dir='ltr'><strong>et</strong></span> <span class='ocrx_word' id='word_1_119' title='bbox 766 1777 846 1844; x_wconf 88' lang='lat' dir='ltr'><strong>nibil</strong></span> <span class='ocrx_word' id='word_1_120' title='bbox 871 1779 961 1864; x_wconf 88' lang='lat' dir='ltr'><strong>pensi</strong></span> <span class='ocrx_word' id='word_1_121' title='bbox 984 1777 1090 1845; x_wconf 88' lang='lat' dir='ltr'><strong>iacere</strong></span> <span class='ocrx_word' id='word_1_122' title='bbox 1117 1778 1150 1866; x_wconf 84' lang='lat' dir='ltr'><strong>(i.</strong></span> <span class='ocrx_word' id='word_1_123' title='bbox 1176 1799 1202 1846; x_wconf 91' lang='lat' dir='ltr'><strong>c.</strong></span> <span class='ocrx_word' id='word_1_124' title='bbox 1228 1778 1335 1844; x_wconf 89' lang='lat' dir='ltr'><strong>omnia</strong></span> <span class='ocrx_word' id='word_1_125' title='bbox 1359 1775 1467 1861; x_wconf 91' lang='lat' dir='ltr'><strong>negle-</strong></span> 
     </span>
     <span class='ocr_line' id='line_1_15' title="bbox 282 1881 1467 1970; baseline -0.002 -23"><span class='ocrx_word' id='word_1_126' title='bbox 282 1882 370 1970; x_wconf 84' lang='lat' dir='ltr'><strong>gere)</strong></span> <span class='ocrx_word' id='word_1_127' title='bbox 395 1891 543 1968; x_wconf 83' lang='lat' dir='ltr'><strong>pugnant</strong></span> <span class='ocrx_word' id='word_1_128' title='bbox 561 1882 648 1948; x_wconf 89' lang='lat' dir='ltr'><strong>iuter</strong></span> <span class='ocrx_word' id='word_1_129' title='bbox 667 1904 710 1950; x_wconf 90' lang='lat' dir='ltr'><strong>sc.</strong></span> <span class='ocrx_word' id='word_1_130' title='bbox 747 1884 859 1970; x_wconf 85' lang='lat' dir='ltr'><strong>ltaque</strong></span> <span class='ocrx_word' id='word_1_131' title='bbox 878 1881 990 1948; x_wconf 81' lang='lat' dir='ltr'><strong>ordine</strong></span> <span class='ocrx_word' id='word_1_132' title='bbox 1010 1882 1180 1949; x_wconf 86' lang='lat' dir='ltr'><strong>verborum</strong></span> <span class='ocrx_word' id='word_1_133' title='bbox 1203 1890 1328 1948; x_wconf 90' lang='lat' dir='ltr'><strong>mutato</strong></span> <span class='ocrx_word' id='word_1_134' title='bbox 1347 1881 1467 1949; x_wconf 85' lang='lat' dir='ltr'><strong>scribo:</strong></span> 
     </span>
    </p>

    <p class='ocr_par' dir='ltr' id='par_1_7' title="bbox 463 1984 1291 2074">
     <span class='ocr_line' id='line_1_16' title="bbox 463 1984 1291 2074; baseline 0.005 -23"><span class='ocrx_word' id='word_1_135' title='bbox 463 1987 555 2073; x_wconf 86' lang='lat' dir='ltr'><strong>parvi</strong></span> <span class='ocrx_word' id='word_1_136' title='bbox 580 1986 617 2052; x_wconf 72' lang='lat' dir='ltr'><strong>dc</strong></span> <span class='ocrx_word' id='word_1_137' title='bbox 641 1987 687 2054; x_wconf 91' lang='lat' dir='ltr'><strong>nil</strong></span> <span class='ocrx_word' id='word_1_138' title='bbox 712 1984 801 2074; x_wconf 85' lang='lat' dir='ltr'><strong>pensi</strong></span> <span class='ocrx_word' id='word_1_139' title='bbox 827 1997 863 2054; x_wconf 90' lang='lat' dir='ltr'><strong>ut</strong></span> <span class='ocrx_word' id='word_1_140' title='bbox 886 1984 1013 2053; x_wconf 86' lang='lat' dir='ltr'><strong>litteras</strong></span> <span class='ocrx_word' id='word_1_141' title='bbox 1036 1986 1151 2054; x_wconf 82' lang='lat' dir='ltr'><strong>doccds</strong></span> <span class='ocrx_word' id='word_1_142' title='bbox 1174 1987 1291 2055; x_wconf 87' lang='lat' dir='ltr'><strong>lutum.</strong></span> 
     </span>
    </p>

    <p class='ocr_par' dir='ltr' id='par_1_8' title="bbox 284 2089 1468 2369">
     <span class='ocr_line' id='line_1_17' title="bbox 329 2089 1468 2180; baseline -0.001 -23"><span class='ocrx_word' id='word_1_143' title='bbox 329 2089 442 2157; x_wconf 85' lang='lat' dir='ltr'><strong>Sermo</strong></span> <span class='ocrx_word' id='word_1_144' title='bbox 466 2098 515 2158; x_wconf 89' lang='lat' dir='ltr'><strong>est</strong></span> <span class='ocrx_word' id='word_1_145' title='bbox 538 2090 578 2157; x_wconf 90' lang='lat' dir='ltr'><strong>de</strong></span> <span class='ocrx_word' id='word_1_146' title='bbox 601 2090 749 2172; x_wconf 89' lang='lat' dir='ltr'><strong>bomine,</strong></span> <span class='ocrx_word' id='word_1_147' title='bbox 782 2095 838 2180; x_wconf 85' lang='lat' dir='ltr'><strong>qui</strong></span> <span class='ocrx_word' id='word_1_148' title='bbox 862 2091 1065 2179; x_wconf 84' lang='lat' dir='ltr'><strong>disciplinam</strong></span> <span class='ocrx_word' id='word_1_149' title='bbox 1098 2095 1188 2179; x_wconf 86' lang='lat' dir='ltr'><strong>parri</strong></span> <span class='ocrx_word' id='word_1_150' title='bbox 1211 2114 1249 2160; x_wconf 92' lang='lat' dir='ltr'><strong>ac</strong></span> <span class='ocrx_word' id='word_1_151' title='bbox 1273 2091 1366 2157; x_wconf 90' lang='lat' dir='ltr'><strong>nihili</strong></span> <span class='ocrx_word' id='word_1_152' title='bbox 1389 2110 1468 2177; x_wconf 90' lang='lat' dir='ltr'><strong>peu-</strong></span> 
     </span>
     <span class='ocr_line' id='line_1_18' title="bbox 284 2194 1467 2284; baseline -0.001 -23"><span class='ocrx_word' id='word_1_153' title='bbox 284 2194 353 2274; x_wconf 90' lang='lat' dir='ltr'><strong>dit,</strong></span> <span class='ocrx_word' id='word_1_154' title='bbox 386 2196 420 2260; x_wconf 92' lang='lat' dir='ltr'><strong>in</strong></span> <span class='ocrx_word' id='word_1_155' title='bbox 444 2215 507 2282; x_wconf 88' lang='lat' dir='ltr'><strong>quo</strong></span> <span class='ocrx_word' id='word_1_156' title='bbox 538 2194 714 2263; x_wconf 84' lang='lat' dir='ltr'><strong>erudiendo</strong></span> <span class='ocrx_word' id='word_1_157' title='bbox 744 2216 845 2284; x_wconf 85' lang='lat' dir='ltr'><strong>ecque</strong></span> <span class='ocrx_word' id='word_1_158' title='bbox 875 2216 1003 2284; x_wconf 80' lang='lat' dir='ltr'><strong>operam</strong></span> <span class='ocrx_word' id='word_1_159' title='bbox 1036 2196 1173 2283; x_wconf 86' lang='lat' dir='ltr'><strong>perdas,</strong></span> <span class='ocrx_word' id='word_1_160' title='bbox 1206 2216 1243 2264; x_wconf 88' lang='lat' dir='ltr'><strong>ac</strong></span> <span class='ocrx_word' id='word_1_161' title='bbox 1272 2198 1300 2263; x_wconf 89' lang='lat' dir='ltr'><strong>si</strong></span> <span class='ocrx_word' id='word_1_162' title='bbox 1324 2197 1467 2283; x_wconf 85' lang='lat' dir='ltr'><strong>stipitem</strong></span> 
     </span>
     <span class='ocr_line' id='line_1_19' title="bbox 286 2300 412 2369; baseline 0.024 -3"><span class='ocrx_word' id='word_1_163' title='bbox 286 2300 412 2369; x_wconf 90' lang='lat' dir='ltr'><strong>doceas.</strong></span> 
     </span>
    </p>

    <p class='ocr_par' dir='ltr' id='par_1_9' title="bbox 422 2406 1023 2579">
     <span class='ocr_line' id='line_1_20' title="bbox 422 2406 1023 2475; baseline 0 -4"><span class='ocrx_word' id='word_1_164' title='bbox 422 2410 475 2472; x_wconf 69' lang='grc'><strong>49.</strong></span> <span class='ocrx_word' id='word_1_165' title='bbox 503 2433 690 2460; x_wconf 75' lang='grc' dir='ltr'><strong>ν·ν-ν-ν</strong></span> <span class='ocrx_word' id='word_1_166' title='bbox 717 2407 794 2475; x_wconf 90' lang='lat' dir='ltr'><strong>hino</strong></span> <span class='ocrx_word' id='word_1_167' title='bbox 816 2427 836 2473; x_wconf 90' lang='lat' dir='ltr'><strong>a</strong></span> <span class='ocrx_word' id='word_1_168' title='bbox 859 2427 911 2473; x_wconf 90' lang='lat' dir='ltr'><strong>me</strong></span> <span class='ocrx_word' id='word_1_169' title='bbox 934 2406 1023 2473; x_wconf 90' lang='lat' dir='ltr'><strong>ilicet</strong></span> 
     </span>
     <span class='ocr_line' id='line_1_21' title="bbox 501 2512 973 2579; baseline 0.006 -3"><span class='ocrx_word' id='word_1_170' title='bbox 501 2514 708 2578; x_wconf 87' lang='lat' dir='ltr'><strong>ann’russum</strong></span> <span class='ocrx_word' id='word_1_171' title='bbox 733 2512 773 2578; x_wconf 92' lang='lat' dir='ltr'><strong>ad</strong></span> <span class='ocrx_word' id='word_1_172' title='bbox 798 2512 973 2579; x_wconf 85' lang='lat' dir='ltr'><strong>armillum.</strong></span> 
     </span>
    </p>
   </div>
   <div class='ocr_carea' id='block_1_3' title="bbox 279 2611 1469 3121">
    <p class='ocr_par' dir='ltr' id='par_1_10' title="bbox 279 2611 1469 3121">
     <span class='ocr_line' id='line_1_22' title="bbox 328 2611 1468 2701; baseline 0 -22"><span class='ocrx_word' id='word_1_173' title='bbox 328 2611 446 2683; x_wconf 88' lang='lat' dir='ltr'><strong>Notum</strong></span> <span class='ocrx_word' id='word_1_174' title='bbox 479 2615 687 2701; x_wconf 82' lang='lat' dir='ltr'><strong>proverbium</strong></span> <span class='ocrx_word' id='word_1_175' title='bbox 715 2625 765 2683; x_wconf 89' lang='lat' dir='ltr'><strong>est</strong></span> <span class='ocrx_word' id='word_1_176' title='bbox 796 2615 835 2683; x_wconf 91' lang='lat' dir='ltr'><strong>de</strong></span> <span class='ocrx_word' id='word_1_177' title='bbox 866 2618 926 2695; x_wconf 88' lang='lat' dir='ltr'><strong>iis,</strong></span> <span class='ocrx_word' id='word_1_178' title='bbox 962 2616 1017 2701; x_wconf 82' lang='lat' dir='ltr'><strong>qui</strong></span> <span class='ocrx_word' id='word_1_179' title='bbox 1040 2613 1081 2681; x_wconf 90' lang='lat' dir='ltr'><strong>ad</strong></span> <span class='ocrx_word' id='word_1_180' title='bbox 1106 2615 1275 2701; x_wconf 87' lang='lat' dir='ltr'><strong>antiquum</strong></span> <span class='ocrx_word' id='word_1_181' title='bbox 1301 2614 1468 2700; x_wconf 87' lang='lat' dir='ltr'><strong>ingenium</strong></span> 
     </span>
     <span class='ocr_line' id='line_1_23' title="bbox 281 2717 1469 2807; baseline -0.003 -22"><span class='ocrx_word' id='word_1_182' title='bbox 281 2719 428 2787; x_wconf 88' lang='lat' dir='ltr'><strong>redeunt.</strong></span> <span class='ocrx_word' id='word_1_183' title='bbox 477 2719 538 2786; x_wconf 88' lang='lat' dir='ltr'><strong>Sed</strong></span> <span class='ocrx_word' id='word_1_184' title='bbox 569 2722 710 2807; x_wconf 84' lang='lat' dir='ltr'><strong>priorem</strong></span> <span class='ocrx_word' id='word_1_185' title='bbox 743 2740 872 2787; x_wconf 86' lang='lat' dir='ltr'><strong>versum</strong></span> <span class='ocrx_word' id='word_1_186' title='bbox 901 2740 963 2786; x_wconf 92' lang='lat' dir='ltr'><strong>non</strong></span> <span class='ocrx_word' id='word_1_187' title='bbox 991 2719 1149 2805; x_wconf 89' lang='lat' dir='ltr'><strong>intellego.</strong></span> <span class='ocrx_word' id='word_1_188' title='bbox 1197 2718 1304 2785; x_wconf 85' lang='lat' dir='ltr'><strong>bibri:</strong></span> <span class='ocrx_word' id='word_1_189' title='bbox 1332 2719 1405 2785; x_wconf 81' lang='lat' dir='ltr'><strong>birro</strong></span> <span class='ocrx_word' id='word_1_190' title='bbox 1427 2717 1469 2783; x_wconf 84' lang='lat' dir='ltr'><strong>aci</strong></span> 
     </span>
     <span class='ocr_line' id='line_1_24' title="bbox 279 2822 1469 2909; baseline -0.002 -19"><span class='ocrx_word' id='word_1_191' title='bbox 279 2847 330 2891; x_wconf 84' lang='lat' dir='ltr'><strong>rue</strong></span> <span class='ocrx_word' id='word_1_192' title='bbox 354 2826 427 2891; x_wconf 82' lang='lat' dir='ltr'><strong>binc</strong></span> <span class='ocrx_word' id='word_1_193' title='bbox 452 2826 533 2891; x_wconf 85' lang='lat' dir='ltr'><strong>iicet.</strong></span> <span class='ocrx_word' id='word_1_194' title='bbox 582 2825 780 2892; x_wconf 87' lang='lat' dir='ltr'><strong>Palmerios:</strong></span> <span class='ocrx_word' id='word_1_195' title='bbox 815 2825 857 2891; x_wconf 86' lang='lat' dir='ltr'><strong>od</strong></span> <span class='ocrx_word' id='word_1_196' title='bbox 878 2846 929 2890; x_wconf 87' lang='lat' dir='ltr'><strong>me</strong></span> <span class='ocrx_word' id='word_1_197' title='bbox 954 2824 1026 2891; x_wconf 81' lang='lat' dir='ltr'><strong>biae</strong></span> <span class='ocrx_word' id='word_1_198' title='bbox 1049 2825 1149 2902; x_wconf 79' lang='lat' dir='ltr'><strong>ilicet,</strong></span> <span class='ocrx_word' id='word_1_199' title='bbox 1182 2843 1200 2888; x_wconf 95' lang='lat' dir='ltr'><strong>a</strong></span> <span class='ocrx_word' id='word_1_200' title='bbox 1226 2843 1290 2909; x_wconf 87' lang='lat' dir='ltr'><strong>quo</strong></span> <span class='ocrx_word' id='word_1_201' title='bbox 1318 2822 1469 2891; x_wconf 89' lang='lat' dir='ltr'><strong>receden-</strong></span> 
     </span>
     <span class='ocr_line' id='line_1_25' title="bbox 279 2929 1467 3016; baseline 0 -22"><span class='ocrx_word' id='word_1_202' title='bbox 279 2929 356 2995; x_wconf 94' lang='lat' dir='ltr'><strong>dum</strong></span> <span class='ocrx_word' id='word_1_203' title='bbox 390 2950 453 2995; x_wconf 91' lang='lat' dir='ltr'><strong>non</strong></span> <span class='ocrx_word' id='word_1_204' title='bbox 487 2936 583 2996; x_wconf 81' lang='lat' dir='ltr'><strong>erat..</strong></span> <span class='ocrx_word' id='word_1_205' title='bbox 618 2929 730 2996; x_wconf 88' lang='lat' dir='ltr'><strong>Verbis</strong></span> <span class='ocrx_word' id='word_1_206' title='bbox 758 2949 816 3016; x_wconf 91' lang='lat' dir='ltr'><strong>per</strong></span> <span class='ocrx_word' id='word_1_207' title='bbox 837 2949 874 2997; x_wconf 88' lang='lat' dir='ltr'><strong>sc</strong></span> <span class='ocrx_word' id='word_1_208' title='bbox 897 2929 1022 3006; x_wconf 87' lang='lat' dir='ltr'><strong>dubiis,</strong></span> <span class='ocrx_word' id='word_1_209' title='bbox 1046 2929 1206 2996; x_wconf 88' lang='lat' dir='ltr'><strong>sententia</strong></span> <span class='ocrx_word' id='word_1_210' title='bbox 1230 2938 1337 2995; x_wconf 88' lang='lat' dir='ltr'><strong>tamctt</strong></span> <span class='ocrx_word' id='word_1_211' title='bbox 1359 2947 1467 2995; x_wconf 87' lang='lat' dir='ltr'><strong>neces·</strong></span> 
     </span>
     <span class='ocr_line' id='line_1_26' title="bbox 283 3033 541 3121; baseline -0.004 -21"><span class='ocrx_word' id='word_1_212' title='bbox 283 3034 368 3100; x_wconf 89' lang='lat' dir='ltr'><strong>saria</strong></span> <span class='ocrx_word' id='word_1_213' title='bbox 393 3033 541 3121; x_wconf 91' lang='lat' dir='ltr'><strong>suppleo:</strong></span> 
     </span>
    </p>
   </div>
   <div class='ocr_carea' id='block_1_4' title="bbox 280 3137 1469 4487">
    <p class='ocr_par' dir='ltr' id='par_1_11' title="bbox 516 3137 1225 3310">
     <span class='ocr_line' id='line_1_27' title="bbox 522 3137 1225 3206; baseline 0.003 -3"><span class='ocrx_word' id='word_1_214' title='bbox 522 3162 624 3190; x_wconf 78' lang='grc' dir='ltr'>ν-ν-</span> <span class='ocrx_word' id='word_1_215' title='bbox 652 3137 727 3204; x_wconf 89' lang='lat' dir='ltr'><strong>hinc</strong></span> <span class='ocrx_word' id='word_1_216' title='bbox 752 3137 792 3205; x_wconf 80' lang='lat' dir='ltr'><strong>tu</strong></span> <span class='ocrx_word' id='word_1_217' title='bbox 817 3158 869 3205; x_wconf 88' lang='lat' dir='ltr'><strong>mc</strong></span> <span class='ocrx_word' id='word_1_218' title='bbox 892 3138 967 3204; x_wconf 89' lang='lat' dir='ltr'><strong>hinc</strong></span> <span class='ocrx_word' id='word_1_219' title='bbox 991 3156 1096 3206; x_wconf 83' lang='lat' dir='ltr'><strong>omres</strong></span> <span class='ocrx_word' id='word_1_220' title='bbox 1121 3138 1225 3205; x_wconf 84' lang='lat' dir='ltr'><strong>ilicet:</strong></span> 
     </span>
     <span class='ocr_line' id='line_1_28' title="bbox 516 3242 993 3310; baseline 0 -1"><span class='ocrx_word' id='word_1_221' title='bbox 516 3243 728 3310; x_wconf 88' lang='lat' dir='ltr'><strong>anu’rdrsum</strong></span> <span class='ocrx_word' id='word_1_222' title='bbox 753 3242 793 3309; x_wconf 89' lang='lat' dir='ltr'><strong>ad</strong></span> <span class='ocrx_word' id='word_1_223' title='bbox 817 3242 993 3310; x_wconf 89' lang='lat' dir='ltr'><strong>armillum.</strong></span> 
     </span>
    </p>

    <p class='ocr_par' dir='ltr' id='par_1_12' title="bbox 280 3345 1469 4045">
     <span class='ocr_line' id='line_1_29' title="bbox 327 3345 1468 3435; baseline 0.001 -23"><span class='ocrx_word' id='word_1_224' title='bbox 327 3345 514 3412; x_wconf 89' lang='lat' dir='ltr'><strong>Occlamant</strong></span> <span class='ocrx_word' id='word_1_225' title='bbox 545 3348 675 3435; x_wconf 86' lang='lat' dir='ltr'><strong>qnidam</strong></span> <span class='ocrx_word' id='word_1_226' title='bbox 706 3349 754 3425; x_wconf 90' lang='lat' dir='ltr'><strong>ci,</strong></span> <span class='ocrx_word' id='word_1_227' title='bbox 786 3350 841 3435; x_wconf 86' lang='lat' dir='ltr'><strong>qui</strong></span> <span class='ocrx_word' id='word_1_228' title='bbox 871 3349 949 3415; x_wconf 88' lang='lat' dir='ltr'><strong>baec</strong></span> <span class='ocrx_word' id='word_1_229' title='bbox 980 3357 1109 3427; x_wconf 87' lang='lat' dir='ltr'><strong>narret,</strong></span> <span class='ocrx_word' id='word_1_230' title='bbox 1143 3364 1245 3416; x_wconf 78' lang='lat' dir='ltr'><strong>»anus</strong></span> <span class='ocrx_word' id='word_1_231' title='bbox 1272 3366 1402 3415; x_wconf 90' lang='lat' dir='ltr'><strong>rursum</strong></span> <span class='ocrx_word' id='word_1_232' title='bbox 1427 3347 1468 3414; x_wconf 93' lang='lat' dir='ltr'><strong>ad</strong></span> 
     </span>
     <span class='ocr_line' id='line_1_30' title="bbox 281 3449 1466 3543; baseline 0.001 -26"><span class='ocrx_word' id='word_1_233' title='bbox 281 3449 485 3520; x_wconf 78' lang='lat' dir='ltr'><strong>armillum&#39;&#39;.</strong></span> <span class='ocrx_word' id='word_1_234' title='bbox 519 3453 654 3520; x_wconf 79' lang='lat' dir='ltr'><strong>Rursum</strong></span> <span class='ocrx_word' id='word_1_235' title='bbox 677 3453 710 3519; x_wconf 93' lang='lat' dir='ltr'><strong>in</strong></span> <span class='ocrx_word' id='word_1_236' title='bbox 736 3453 824 3521; x_wconf 80' lang='lat' dir='ltr'><strong>Leid.</strong></span> <span class='ocrx_word' id='word_1_237' title='bbox 847 3460 874 3519; x_wconf 89' lang='lat' dir='ltr'><strong>l.</strong></span> <span class='ocrx_word' id='word_1_238' title='bbox 896 3462 963 3533; x_wconf 91' lang='lat' dir='ltr'><strong>est,</strong></span> <span class='ocrx_word' id='word_1_239' title='bbox 987 3465 1170 3521; x_wconf 85' lang='lat' dir='ltr'><strong>correctum</strong></span> <span class='ocrx_word' id='word_1_240' title='bbox 1192 3454 1310 3543; x_wconf 87' lang='lat' dir='ltr'><strong>(prima</strong></span> <span class='ocrx_word' id='word_1_241' title='bbox 1331 3452 1466 3540; x_wconf 81' lang='lat' dir='ltr'><strong>manui)</strong></span> 
     </span>
     <span class='ocr_line' id='line_1_31' title="bbox 280 3556 1469 3637; baseline 0.002 -16"><span class='ocrx_word' id='word_1_242' title='bbox 280 3557 313 3622; x_wconf 89' lang='lat' dir='ltr'><strong>in</strong></span> <span class='ocrx_word' id='word_1_243' title='bbox 338 3577 477 3623; x_wconf 82' lang='lat' dir='ltr'><strong>rursum.</strong></span> <span class='ocrx_word' id='word_1_244' title='bbox 527 3556 560 3624; x_wconf 88' lang='lat' dir='ltr'><strong>Si</strong></span> <span class='ocrx_word' id='word_1_245' title='bbox 584 3559 743 3625; x_wconf 90' lang='lat' dir='ltr'><strong>correctio</strong></span> <span class='ocrx_word' id='word_1_246' title='bbox 765 3567 815 3625; x_wconf 90' lang='lat' dir='ltr'><strong>est</strong></span> <span class='ocrx_word' id='word_1_247' title='bbox 839 3578 954 3626; x_wconf 89' lang='lat' dir='ltr'><strong>manus</strong></span> <span class='ocrx_word' id='word_1_248' title='bbox 978 3560 1188 3637; x_wconf 87' lang='lat' dir='ltr'><strong>recentioris,</strong></span> <span class='ocrx_word' id='word_1_249' title='bbox 1212 3566 1299 3625; x_wconf 90' lang='lat' dir='ltr'><strong>certe</strong></span> <span class='ocrx_word' id='word_1_250' title='bbox 1323 3557 1469 3624; x_wconf 70' lang='lat' dir='ltr'><strong>scriben⁴</strong></span> 
     </span>
     <span class='ocr_line' id='line_1_32' title="bbox 281 3660 1469 3750; baseline 0.001 -24"><span class='ocrx_word' id='word_1_251' title='bbox 281 3660 358 3727; x_wconf 91' lang='lat' dir='ltr'><strong>dum</strong></span> <span class='ocrx_word' id='word_1_252' title='bbox 393 3683 531 3729; x_wconf 70' lang='lat' dir='ltr'><strong>rosetum</strong></span> <span class='ocrx_word' id='word_1_253' title='bbox 579 3662 717 3748; x_wconf 82' lang='lat' dir='ltr'><strong>Vulgata</strong></span> <span class='ocrx_word' id='word_1_254' title='bbox 748 3663 842 3731; x_wconf 89' lang='lat' dir='ltr'><strong>lectio</strong></span> <span class='ocrx_word' id='word_1_255' title='bbox 872 3673 922 3731; x_wconf 90' lang='lat' dir='ltr'><strong>est</strong></span> <span class='ocrx_word' id='word_1_256' title='bbox 952 3665 984 3730; x_wconf 93' lang='lat' dir='ltr'><strong>in</strong></span> <span class='ocrx_word' id='word_1_257' title='bbox 1017 3663 1166 3731; x_wconf 89' lang='lat' dir='ltr'><strong>omnibus</strong></span> <span class='ocrx_word' id='word_1_258' title='bbox 1198 3664 1352 3749; x_wconf 89' lang='lat' dir='ltr'><strong>reliquis,</strong></span> <span class='ocrx_word' id='word_1_259' title='bbox 1388 3682 1469 3750; x_wconf 90' lang='lat' dir='ltr'><strong>quos</strong></span> 
     </span>
     <span class='ocr_line' id='line_1_33' title="bbox 281 3767 1467 3846; baseline 0.003 -16"><span class='ocrx_word' id='word_1_260' title='bbox 281 3768 374 3846; x_wconf 85' lang='lat' dir='ltr'><strong>novi,</strong></span> <span class='ocrx_word' id='word_1_261' title='bbox 408 3767 510 3833; x_wconf 85' lang='lat' dir='ltr'><strong>libris.</strong></span> <span class='ocrx_word' id='word_1_262' title='bbox 558 3768 603 3834; x_wconf 85' lang='lat' dir='ltr'><strong>Dc</strong></span> <span class='ocrx_word' id='word_1_263' title='bbox 633 3790 743 3834; x_wconf 85' lang='lat' dir='ltr'><strong>rusum</strong></span> <span class='ocrx_word' id='word_1_264' title='bbox 773 3778 805 3836; x_wconf 88' lang='lat' dir='ltr'><strong>et</strong></span> <span class='ocrx_word' id='word_1_265' title='bbox 833 3790 959 3835; x_wconf 82' lang='lat' dir='ltr'><strong>rursum</strong></span> <span class='ocrx_word' id='word_1_266' title='bbox 982 3768 1022 3835; x_wconf 88' lang='lat' dir='ltr'><strong>ci.</strong></span> <span class='ocrx_word' id='word_1_267' title='bbox 1047 3769 1180 3837; x_wconf 79' lang='lat' dir='ltr'><strong>Luchm.</strong></span> <span class='ocrx_word' id='word_1_268' title='bbox 1214 3768 1254 3835; x_wconf 90' lang='lat' dir='ltr'><strong>ad</strong></span> <span class='ocrx_word' id='word_1_269' title='bbox 1287 3770 1384 3836; x_wconf 86' lang='lat' dir='ltr'><strong>Lucr.</strong></span> <span class='ocrx_word' id='word_1_270' title='bbox 1408 3767 1467 3835; x_wconf 85' lang='grc' dir='ltr'><strong>ΙΙΙ.</strong></span> 
     </span>
     <span class='ocr_line' id='line_1_34' title="bbox 285 3871 1468 3961; baseline 0.003 -25"><span class='ocrx_word' id='word_1_271' title='bbox 285 3876 345 3949; x_wconf 87' lang='grc'><strong>44,</strong></span> <span class='ocrx_word' id='word_1_272' title='bbox 370 3871 506 3940; x_wconf 87' lang='lat' dir='ltr'><strong>liitschl.</strong></span> <span class='ocrx_word' id='word_1_273' title='bbox 532 3871 667 3960; x_wconf 84' lang='lat' dir='ltr'><strong>Opuscc.</strong></span> <span class='ocrx_word' id='word_1_274' title='bbox 692 3873 721 3940; x_wconf 92' lang='lat' dir='ltr'><strong>ll</strong></span> <span class='ocrx_word' id='word_1_275' title='bbox 742 3895 773 3961; x_wconf 92' lang='lat' dir='ltr'><strong>p.</strong></span> <span class='ocrx_word' id='word_1_276' title='bbox 799 3878 882 3951; x_wconf 78' lang='lat' dir='ltr'><strong>bie,</strong></span> <span class='ocrx_word' id='word_1_277' title='bbox 907 3872 1059 3940; x_wconf 81' lang='lat' dir='ltr'><strong>Ribbeck.</strong></span> <span class='ocrx_word' id='word_1_278' title='bbox 1083 3875 1117 3939; x_wconf 92' lang='lat' dir='ltr'><strong>in</strong></span> <span class='ocrx_word' id='word_1_279' title='bbox 1142 3872 1286 3961; x_wconf 83' lang='lat' dir='ltr'><strong>prolegg.</strong></span> <span class='ocrx_word' id='word_1_280' title='bbox 1312 3874 1410 3958; x_wconf 89' lang='lat' dir='ltr'><strong>Verg.</strong></span> <span class='ocrx_word' id='word_1_281' title='bbox 1437 3893 1468 3959; x_wconf 86' lang='lat' dir='ltr'><strong>p.</strong></span> 
     </span>
     <span class='ocr_line' id='line_1_35' title="bbox 284 3981 505 4045; baseline 0.009 -4"><span class='ocrx_word' id='word_1_282' title='bbox 284 3981 348 4042; x_wconf 89' lang='grc'><strong>444</strong></span> <span class='ocrx_word' id='word_1_283' title='bbox 372 3987 405 4045; x_wconf 84' lang='lat' dir='ltr'><strong>et</strong></span> <span class='ocrx_word' id='word_1_284' title='bbox 430 3983 505 4044; x_wconf 77' lang='grc'>445.</span> 
     </span>
    </p>

    <p class='ocr_par' dir='ltr' id='par_1_13' title="bbox 420 4083 1169 4172">
     <span class='ocr_line' id='line_1_36' title="bbox 420 4083 1169 4172; baseline 0.003 -24"><span class='ocrx_word' id='word_1_285' title='bbox 420 4089 472 4148; x_wconf 86' lang='grc'><strong>41.</strong></span> <span class='ocrx_word' id='word_1_286' title='bbox 498 4083 678 4151; x_wconf 88' lang='lat' dir='ltr'><strong>Praetreito</strong></span> <span class='ocrx_word' id='word_1_287' title='bbox 701 4084 808 4170; x_wconf 88' lang='lat' dir='ltr'><strong>tepido</strong></span> <span class='ocrx_word' id='word_1_288' title='bbox 830 4083 1009 4169; x_wconf 89' lang='lat' dir='ltr'><strong>glutinator</strong></span> <span class='ocrx_word' id='word_1_289' title='bbox 1032 4085 1169 4172; x_wconf 84' lang='lat' dir='ltr'><strong>glutino.</strong></span> 
     </span>
    </p>

    <p class='ocr_par' dir='ltr' id='par_1_14' title="bbox 281 4186 1467 4487">
     <span class='ocr_line' id='line_1_37' title="bbox 328 4186 1467 4278; baseline 0.004 -27"><span class='ocrx_word' id='word_1_290' title='bbox 328 4186 431 4272; x_wconf 87' lang='lat' dir='ltr'><strong>Legas</strong></span> <span class='ocrx_word' id='word_1_291' title='bbox 456 4195 492 4253; x_wconf 91' lang='lat' dir='ltr'><strong>ut</strong></span> <span class='ocrx_word' id='word_1_292' title='bbox 514 4196 565 4255; x_wconf 88' lang='lat' dir='ltr'><strong>eut</strong></span> <span class='ocrx_word' id='word_1_293' title='bbox 588 4191 620 4255; x_wconf 90' lang='lat' dir='ltr'><strong>in</strong></span> <span class='ocrx_word' id='word_1_294' title='bbox 646 4189 739 4256; x_wconf 90' lang='lat' dir='ltr'><strong>libris</strong></span> <span class='ocrx_word' id='word_1_295' title='bbox 759 4190 943 4274; x_wconf 76' lang='lat' dir='ltr'><strong>praeterita,</strong></span> <span class='ocrx_word' id='word_1_296' title='bbox 966 4191 1238 4278; x_wconf 79' lang='lat' dir='ltr'><strong>imperativuma</strong></span> <span class='ocrx_word' id='word_1_297' title='bbox 1261 4189 1358 4256; x_wconf 85' lang='lat' dir='ltr'><strong>verbo</strong></span> <span class='ocrx_word' id='word_1_298' title='bbox 1382 4188 1467 4276; x_wconf 84' lang='lat' dir='ltr'><strong>qnod</strong></span> 
     </span>
     <span class='ocr_line' id='line_1_38' title="bbox 281 4294 1466 4383; baseline 0.003 -26"><span class='ocrx_word' id='word_1_299' title='bbox 281 4298 330 4357; x_wconf 89' lang='lat' dir='ltr'><strong>cst</strong></span> <span class='ocrx_word' id='word_1_300' title='bbox 348 4302 539 4377; x_wconf 86' lang='lat' dir='ltr'><strong>praeterere,</strong></span> <span class='ocrx_word' id='word_1_301' title='bbox 570 4294 655 4381; x_wconf 82' lang='lat' dir='ltr'><strong>quod</strong></span> <span class='ocrx_word' id='word_1_302' title='bbox 686 4294 797 4362; x_wconf 82' lang='lat' dir='ltr'><strong>lexicis</strong></span> <span class='ocrx_word' id='word_1_303' title='bbox 826 4294 1019 4362; x_wconf 88' lang='lat' dir='ltr'><strong>addendum.</strong></span> <span class='ocrx_word' id='word_1_304' title='bbox 1067 4296 1204 4382; x_wconf 77' lang='lat' dir='ltr'><strong>Aucupii</strong></span> <span class='ocrx_word' id='word_1_305' title='bbox 1237 4305 1406 4383; x_wconf 87' lang='lat' dir='ltr'><strong>praecepte</strong></span> <span class='ocrx_word' id='word_1_306' title='bbox 1431 4294 1466 4360; x_wconf 92' lang='lat' dir='ltr'><strong>in</strong></span> 
     </span>
     <span class='ocr_line' id='line_1_39' title="bbox 282 4396 1465 4487; baseline 0.003 -25"><span class='ocrx_word' id='word_1_307' title='bbox 282 4396 380 4464; x_wconf 86' lang='lat' dir='ltr'><strong>satira</strong></span> <span class='ocrx_word' id='word_1_308' title='bbox 405 4398 522 4467; x_wconf 87' lang='lat' dir='ltr'><strong>merito</strong></span> <span class='ocrx_word' id='word_1_309' title='bbox 543 4402 616 4487; x_wconf 84' lang='lat' dir='ltr'><strong>quia</strong></span> <span class='ocrx_word' id='word_1_310' title='bbox 640 4400 795 4479; x_wconf 87' lang='lat' dir='ltr'><strong>miretur,</strong></span> <span class='ocrx_word' id='word_1_311' title='bbox 822 4399 878 4469; x_wconf 88' lang='lat' dir='ltr'><strong>scd</strong></span> <span class='ocrx_word' id='word_1_312' title='bbox 900 4399 985 4469; x_wconf 87' lang='lat' dir='ltr'><strong>houd</strong></span> <span class='ocrx_word' id='word_1_313' title='bbox 1005 4402 1071 4470; x_wconf 84' lang='lat' dir='ltr'><strong>scio</strong></span> <span class='ocrx_word' id='word_1_314' title='bbox 1089 4422 1129 4469; x_wconf 90' lang='lat' dir='ltr'><strong>an</strong></span> <span class='ocrx_word' id='word_1_315' title='bbox 1144 4400 1222 4469; x_wconf 87' lang='lat' dir='ltr'><strong>ltacc</strong></span> <span class='ocrx_word' id='word_1_316' title='bbox 1235 4400 1465 4468; x_wconf 87' lang='lat' dir='ltr'><strong>obcenoscnsu</strong></span> 
     </span>
    </p>
   </div>
   <div class='ocr_carea' id='block_1_5' title="bbox 0 0 1709 5010">
    <p class='ocr_par' dir='ltr' id='par_1_15' title="bbox 0 0 1709 5010">
     <span class='ocr_line' id='line_1_40' title="bbox 0 0 1709 5010; baseline 0 0"><span class='ocrx_word' id='word_1_317' title='bbox 0 0 1709 5010; x_wconf 95' lang='lat' dir='ltr'><strong> </strong></span> 
     </span>
    </p>
   </div>
  </div>
 </body>
</html>
