3296 5022
267 308 310 372 32
640 329 683 376 su
707 328 883 377 rmuoumfl
906 327 1027 379 ararim
1048 329 1080 375 x.

268 497 444 569 τηλικοῦτος
469 493 525 558 ῶν·
557 495 608 559 καὶ
633 496 696 578 γάρ
724 498 818 569 αὖτις
850 498 1016 576 έμαντοῶ.”
1049 498 1085 564 In
1118 496 1232 564 Codice
1262 504 1311 600 est
1332 510 1456 567 κΑΔΛ·

269 597 464 677 γελάσαντος
488 598 544 664 sed
566 609 622 664 ΚΑ
650 600 773 668 duobus
802 606 928 688 punctis
950 605 1169 688 superscriptis
1190 610 1229 669 ut
1251 606 1460 693 expungenda

267 707 377 768 notata
399 703 524 769 videbis
546 709 579 769 et
601 713 614 769 Ι
637 707 722 771 inter
744 716 772 770 Δ
796 713 829 772 et
851 717 880 771 Α
905 707 1069 784 additum,
1099 714 1137 772 ut
1159 711 1202 773 sit
1225 710 1456 787 ΔΙΑγελάσαν-

267 830 337 884 τος,
361 808 445 893 quod
467 811 560 874 unice
586 830 700 875 verum
733 816 798 888 est,
830 832 968 896 namque
990 816 1178 890 καταγελῶν
1202 815 1332 898 quidem
1354 819 1459 900 impu-

267 913 373 978 dentis
395 920 444 978 est
466 918 499 978 et
517 916 683 979 rusticum.

315 1123 507 1189 Rectissime
530 1122 607 1188 fecit
628 1122 742 1190 Editor
763 1126 847 1211 quod
877 1127 969 1194 haece
992 1129 1175 1197 Philodemi
1196 1130 1327 1197 lacinias
1348 1150 1458 1215 quam-

267 1249 367 1314 quam
406 1227 525 1292 laceras
555 1233 588 1292 et
620 1233 740 1313 passim
776 1234 892 1316 ineptis
926 1234 1156 1317 supplementis
1188 1235 1392 1319 interpolatas
1421 1239 1459 1301 ut

269 1339 434 1417 tamquam
464 1335 499 1396 in
520 1331 672 1419 paludoso
702 1335 768 1401 solo
789 1339 846 1403 rix
876 1339 920 1400 sit
941 1336 998 1399 ubi
1026 1333 1161 1397 firmiter
1183 1338 1349 1411 consistes,
1383 1361 1459 1405 cum

270 1428 480 1520 Theophrasti
502 1437 646 1523 reliquiis
664 1442 852 1524 composuit.
887 1433 1078 1500 Luculenter
1099 1432 1185 1493 enim
1201 1448 1240 1490 ex
1262 1433 1303 1494 iis
1325 1450 1457 1516 apparet

269 1561 331 1625 quc
354 1546 447 1626 pacto
470 1540 591 1609 Rhetor
613 1546 717 1608 nascio
740 1546 811 1628 quis
833 1561 871 1605 cx
893 1541 1017 1620 integro
1039 1531 1249 1616 Theophrasti
1268 1532 1350 1599 libro
1376 1536 1454 1601 heco

270 1651 416 1732 excerpta
449 1646 646 1714 delibaverit.
704 1640 911 1727 Theophrasti
944 1639 1045 1722 ipsius
1079 1638 1176 1704 verba
1206 1644 1244 1703 ut
1276 1639 1395 1724 plurim

270 1754 423 1827 resecuit,
455 1751 511 1817 sed
534 1751 590 1815 ubi
612 1753 657 1825 is,
681 1751 772 1812 cuius
796 1744 962 1829 ingenium
985 1742 1190 1822 describitur,
1222 1745 1325 1812 veluti
1347 1747 1453 1833 agitur

270 1857 304 1920 in
327 1875 419 1920 scena
442 1859 475 1918 et
497 1873 593 1940 agens
615 1849 736 1934 aliquid
765 1854 821 1913 aut
842 1846 973 1931 loquens
995 1849 1174 1927 inducitur,
1206 1870 1245 1915 ee
1273 1852 1380 1917 omnia
1410 1871 1457 1914 se-

271 1958 348 2023 dulo
379 1956 499 2043 delegit
532 1962 565 2019 et
598 1955 775 2037 composuit
807 1954 843 2017 in
876 1973 978 2017 unum
1010 1955 1137 2019 εινυσιῖι
1167 1955 1328 2035 sitirem
1360 1956 1457 2040 (quod

270 2062 407 2127 maximi
436 2059 592 2123 momenti
621 2061 682 2136 est)
704 2056 779 2139 ὄρεα
809 2057 1019 2138 εθοραιιιιιιιιαῖ
1044 2058 1198 2141 captoria
1219 2060 1324 2123 uerbis.
1358 2059 1458 2125 Nullo

267 2165 398 2249 ¹negotio
419 2160 535 2244 aliquis
546 2181 585 2225 ex
604 2159 792 2227 Philodemo
811 2161 978 2226 simillima
994 2161 1235 2246 Theophrosteis
1250 2166 1456 2247 excerpserit:

270 2266 390 2333 veluti:
427 2266 441 2328 θ
472 2263 503 2328 δὲ
534 2262 668 2338 αὐθάδης
700 2264 833 2338 τοιοῦτός
865 2290 913 2339 τις
945 2260 1003 2339 οἶος
1032 2266 1063 2329 έν
1085 2275 1124 2347 τῇ
1151 2263 1279 2348 μάκτρρι
1309 2265 1456 2346 θερμδνῆ

271 2369 392 2451 ψυχρὸν
414 2369 514 2433 αἰτεῖν
544 2369 589 2447 μὴ
612 2370 835 2450 προανακρθνας
856 2370 906 2434 τὸν
938 2367 1153 2449 συμβεβηκότ’
1177 2371 1203 2434 εἰ
1228 2370 1356 2449 κάκεένιρ
1381 2368 1456 2435 οὕτω

270 2473 369 2538 δοκεῖ.
390 2472 445 2536 ’καὶ
467 2472 568 2539 παῖδα
588 2473 752 2554 πριάμενος
773 2475 852 2554 μηδὲ
868 2475 1003 2551 τοῦνομα
1016 2479 1246 2555 προσερωτῆσαι
1266 2475 1342 2551 μήτ’
1364 2475 1457 2547 αὐτὸς

270 2576 390 2653 θέσθαι,
421 2586 529 2643 καλεῖν
553 2580 585 2645 δὲ
608 2580 710 2645 ταῖδα
731 2579 783 2645 και
807 2580 900 2658 μηδὲν
929 2578 1026 2644 ἄλλο.
1059 2579 1110 2644 καὶ
1144 2579 1194 2645 τὸν
1222 2578 1459 2658 ονναλεθφαντα

271 2682 316 2760 μὴ
341 2683 627 2765 άντισυναλεέφειν.
654 2684 707 2748 καὶ
728 2683 869 2762 ξενισθεὶς
888 2686 932 2762 μὴ
952 2683 1156 2760 άντιξενέσαι.
1181 2680 1233 2745 καὶ
1258 2679 1347 2761 θθραν
1366 2682 1460 2746 άλλο-

271 2788 358 2869 τρέαν
381 2787 501 2855 κόπτων
525 2790 770 2870 ἐπερωτήσαντος
793 2791 849 2861 τίς·
865 2788 926 2858 ἕτιν
949 2789 1044 2867 μηδὲν
1066 2785 1280 2866 ἀποκρίνεσθαι
1303 2785 1397 2864 μέχρι
1421 2784 1461 2850 θον

272 2892 393 2974 θξέλθρ.
418 2894 471 2959 καὶ
495 2895 674 2974 άρρωςοῶντ’
697 2895 791 2960 αὐτὸν
811 2895 1070 2970 ἐπισκεπτομένου
1092 2891 1186 2971 φιλου
1209 2892 1253 2967 μὴ
1273 2889 1377 2969 λέγειν
1397 2897 1459 2963 πῶς

270 2997 339 3079 ἔχει
370 2998 441 3075 μηδ’
476 2998 568 3070 αὐτὸς
601 2996 860 3076 ἐπισκεπτόμενος
888 3022 957 3064 τινα
987 2994 1104 3061 τοιοῶτθ
1133 3017 1163 3058 τι
1193 3003 1459 3076 προσεπερωτιῑσαι

270 3101 324 3166 και
345 3102 476 3180 γράφων
497 3103 640 3176 έπεςολιιν
658 3102 693 3167 ri
715 3104 836 3184 χαίρειν
859 3104 903 3181 μὴ
926 3099 1127 3182 προσγράψαι
1151 3099 1223 3176 μηδ’
1246 3100 1386 3179 έρρῶσθαι
1408 3122 1458 3164 τε·

272 3212 426 3268 λευταῖον.
461 3205 504 3269 Iit
526 3210 596 3288 post
618 3224 735 3289 pauca:
1203 3208 1207 3215 ⁴

316 3311 355 3371 Ὀ
381 3308 407 3372 δ’
431 3306 599 3379 αὖθέκαςος
630 3310 745 3375 τοιάσδε
774 3332 820 3382 τις
844 3305 902 3382 οέος
930 3308 1036 3386 μηδενὶ
1059 3306 1318 3389 προσαναθέμεκος
1343 3307 1460 3382 άποδιι·

271 3421 342 3492 μεῖν
365 3412 528 3494 ἀγοράζειν
548 3421 663 3478 πωλεῖν
681 3414 780 3494 ἀρχὴν
803 3413 939 3491 μετιέναι
963 3409 1073 3479 τᾶλλα
1093 3423 1267 3490 συντελεῖν,
1291 3413 1349 3479 κάν
1370 3435 1479 3492 προσ··

270 3518 404 3600 apertius
430 3542 478 3592 τις
510 3518 542 3583 τι
565 3516 676 3596 μέλλει
708 3524 802 3584 ποιεῖν
835 3567 852 3595 „
866 3512 936 3584 Οέδ’
958 3518 1057 3597 έγῶ.”
1079 3518 1183 3597 λέγειν
1206 3516 1265 3583 κάν
1290 3515 1461 3597 μέμψηται

270 3647 318 3697 τις
343 3624 521 3700 ὑπομειδιῶν
547 3624 652 3701 „uss
676 3622 752 3698 σάς”
775 3628 808 3689 et
829 3626 937 3708 paucis
958 3625 1169 3709 interpositis:
1543 3610 1551 3619 ⁸

315 3731 354 3793 ‘0
378 3729 406 3793 δ’
429 3728 511 3809 εἴρων
533 3727 650 3794 τοιάσδε
672 3751 720 3800 τις
744 3728 807 3797 έςιν
829 3722 886 3799 οἶος
910 3729 1173 3809 προσκαλούμενος
1196 3728 1239 3797 εἷς
1269 3722 1461 3803 κοινολογίαν

270 3834 440 3917 φοβεῖσθαι
464 3834 516 3899 καὶ
540 3833 709 3916 τάλάχιςα
732 3835 868 3916 φάσκειν
888 3830 991 3912 ἄπορα
1013 3831 1240 3914 καταφαινεσθ
1264 3831 1380 3910 ἑαυτῷ.
1405 3828 1459 3893 καὶ

272 3938 520 4018 διαγελάσαντες
547 3988 564 4017 ,,
576 3937 689 4019 Ὀρθῶς
711 3961 770 4016 μιν
797 3944 1002 4019 καταφρονεῖς
1030 3941 1207 4013 τηλικοῦτος
1233 3936 1288 4008 ῶν,
1319 3934 1372 3999 καὶ
1395 3933 1459 4011 γάρ

272 4045 366 4116 αθτθς
391 4044 526 4121 ἐμαυτοῦ
539 4043 566 4110 .”
589 4044 643 4110 και
668 4041 775 4121 υΝέος
797 4043 915 4125 ὤφελον
939 4038 1016 4107 εἶναι
1043 4040 1095 4106 καὶ
1119 4043 1164 4119 μέγ
1188 4040 1282 4120 γέρων
1304 4037 1340 4103 ἵν’
1365 4038 1460 4114 spas-

271 4149 323 4213 τθν
342 4147 487 4225 θπέταξά
507 4171 571 4215 σοι.
592 4148 644 4213 και
664 4154 723 4213 τῶν
749 4147 968 4228 συμπαρέντονν
986 4170 1039 4212 του
1060 4144 1238 4223 erasm
1258 4141 1392 4212 εέπθντος
1417 4178 1460 4188 ·-

271 4253 434 4333 ἐπιφωνεῖν
453 4253 512 4324 τὰς
534 4260 643 4332 χεῖρας
664 4251 825 4323 άνατεθναι
851 4257 944 4328 »Ὣς
968 4252 1055 4329 ταχὺ
1080 4259 1235 4324 συνῆκας,
1260 4248 1335 4313 αλλ’
1354 4246 1460 4329 άφνθιε

272 4356 334 4433 ἐγὼ
358 4357 411 4420 καὶ
434 4356 549 4435 βραδὺς
574 4356 626 4422 και
649 4355 887 4429 δυοαέσθιιτος.”
907 4355 959 4419 καὶ
985 4353 1146 4435 προσέχειν
1169 4357 1225 4431 μέν
1249 4351 1460 4430 διαλεγομένῳ
