3340 5014
625 359 817 408 enrsonoorcn
850 359 885 405 nr
908 358 1035 406 carries.
1361 346 1424 408 119

278 526 385 596 Pacilo
409 526 617 613 agnoscimus
646 530 782 595 ’λττικδ
812 530 952 609 ὀνόματα
975 548 1014 597 ex
1038 529 1252 599 [tracontidae
1278 528 1422 618 psephis-

232 643 339 712 mate,
365 642 401 700 ul
434 634 466 699 iu
492 631 558 700 his:
591 635 616 700 oi
648 633 679 699 δὲ
699 634 824 705 timet
856 637 911 712 τῆν
933 642 1040 720 ψῆφον
1064 635 1127 703 ιἰπδ
1151 641 1204 703 τοῦ
1228 637 1338 718 βωμοῦ
1361 635 1422 720 φέ-

230 765 330 825 ροντες
360 742 391 807 ίν
425 739 492 829 [τῆ]
527 737 615 805 πόλει
646 740 785 820 κρίνοιεν,
816 740 871 807 ubi
910 741 1142 829 expungendus
1172 750 1221 809 est
1251 740 1420 809 articulus

230 846 444 916 Athenienses
472 846 504 911 ἐν
536 846 624 912 πόλει
648 843 817 925 dicebant,
843 855 879 914 ut
909 850 940 915 lv
970 847 1053 919 δτει.
1102 847 1209 916 Etiam
1233 851 1288 926 τῆν
1314 853 1420 934 ψῆφον

231 953 295 1021 ἀπὸ
316 958 371 1019 τοῦ
395 953 503 1032 βωμοῦ
527 951 670 1034 φέροντες
693 953 800 1019 Attica
831 953 928 1021 verha
951 962 1029 1020 sunt
1052 961 1084 1021 et
1108 973 1176 1022 mos
1200 956 1354 1043 antiquus
1387 954 1419 1020 in

231 1078 269 1126 re
291 1058 383 1146 gravi
409 1066 442 1124 et
464 1057 558 1145 plena
580 1055 767 1143 religionis,
800 1067 837 1125 ut
859 1058 946 1147 apud
970 1059 1215 1128 Demosthenem
1239 1061 1278 1126 de
1302 1060 1422 1128 Omana

232 1185 264 1252 p.
292 1169 351 1231 271
389 1163 442 1229 καί
473 1168 579 1229 ταῦτα
609 1165 626 1238 sl
658 1161 693 1240 ἒξ
723 1165 841 1245 Ἀρείου
871 1167 978 1246 rupen
1007 1166 1106 1245 βουλῆ
1138 1167 1201 1234 aial
1232 1172 1285 1234 τοῦ
1308 1168 1418 1247 βωμοῦ

231 1271 369 1355 φέρουσα
398 1272 453 1347 τῆν
480 1274 586 1353 ψῆφον
618 1266 768 1351 ἔπραξεν,
800 1280 833 1337 et
856 1272 928 1353 πρὸς
951 1271 1165 1354 Μακάρτατον
1190 1295 1220 1361 p.
1245 1278 1341 1340 1054.
1366 1270 1418 1338 καί

231 1380 259 1445 oi
281 1377 434 1461 φράτερες
456 1415 498 1426 -
514 1374 671 1456 λαβόντες
692 1378 747 1452 τῆν
765 1382 873 1460 ψῆφον
896 1379 1052 1459 καομένων
1075 1385 1134 1447 τῦν
1154 1381 1265 1462 ἱερείων
1285 1380 1348 1445 oiri
1363 1382 1417 1445 τοῦ

231 1485 341 1565 βωμοῦ
363 1485 506 1566 φέροντες
530 1488 584 1548 τοῦ
609 1484 682 1555 urla
704 1487 758 1549 τοῦ
782 1485 929 1567 φρατρίου
951 1525 992 1537 -
1013 1486 1210 1569 ἐψηφίσαντο
1233 1486 1277 1552 τοὶ
1299 1486 1418 1553 δίκαια.

232 1592 323 1657 llano
346 1609 422 1655 vero
445 1587 632 1674 religionem
656 1589 775 1655 exemit
796 1589 927 1676 linguon
947 1597 979 1657 et
1001 1590 1077 1657 tulit
1097 1599 1132 1657 ut
1151 1611 1248 1658 causa
1269 1599 1420 1678 ageretur

231 1699 262 1762 ίν
285 1698 430 1768 δικαςαῒς
452 1695 565 1775 χιλίοις
589 1693 642 1761 καί
666 1696 876 1770 πεντακοσίοις
909 1706 940 1763 et
964 1705 1050 1764 esset
1076 1697 1231 1763 iudicium
1256 1698 1323 1764 sive
1347 1712 1420 1763 κλο-

230 1812 291 1881 πῆς
317 1802 371 1869 καί
393 1802 488 1882 δώρων
510 1802 578 1867 sive
601 1799 729 1866 οδδικίου.
779 1801 864 1868 Haeo
887 1803 997 1869 omniu
1020 1812 1097 1870 sunt
1121 1802 1256 1871 Ἀττικοὶ
1279 1800 1419 1883 ίνοίματα

228 1929 270 1978 ex
295 1911 364 1996 ipso
387 1907 551 1993 Hagnonis
574 1904 792 1994 psephismate
813 1906 985 1995 descripta.
1034 1908 1216 1976 Andocides
1237 1910 1303 1993 rapi
1323 1934 1422 1989 pora·

229 2017 297 2098 ρίων
329 2036 359 2103 p.
397 2017 450 2088 10,
486 2017 540 2079 20.
574 2008 655 2079 οὖτοι
685 2014 712 2080 δ’
744 2008 784 2078 οιῦ
819 2008 897 2087 ἦσαν
928 2012 1031 2081 δπίσοι
1067 2024 1218 2092 κλοπῆς
1254 2016 1421 2096 ῆδοίρων

228 2121 371 2205 ὄφλοιεν·
395 2118 520 2191 τούτους
544 2114 603 2183 ἔδει
625 2118 678 2183 καὶ
698 2119 811 2192 αὐτοῦς
829 2118 882 2184 καί
902 2120 972 2194 τοὺς
994 2120 1029 2184 ἐκ
1048 2120 1161 2187 τούτων
1180 2122 1311 2202 ἀτίμους
1331 2118 1419 2189 εἶναι.

231 2227 463 2315 Aristophanes
487 2227 519 2289 in
545 2220 757 2288 Nobiliacus.
783 2229 844 2291 tter

367 2334 403 2413 ἣν
425 2329 550 2398 Κλέωνα
573 2328 625 2394 τδν
648 2327 741 2409 λοίρον
763 2329 888 2409 δώρων
912 2330 1033 2404 ἑλόντες
1056 2332 1108 2397 καὶ
1133 2342 1283 2411 κλοπῆς

367 2434 437 2504 εἶτα
458 2435 622 2519 φιμώσητε
646 2437 754 2502 τοῦτον
775 2438 801 2499 ’ν
825 2437 867 2518 τῷ
891 2435 974 2518 ξύλῳ
997 2436 1049 2502 τὸν
1073 2438 1208 2520 αὐχένα.

230 2544 316 2634 quod
340 2553 448 2610 autem
480 2539 604 2607 addidit
635 2540 697 2607 eins
728 2541 845 2608 ἀδικίου
875 2550 908 2609 et
939 2562 990 2607 res
1017 2551 1048 2608 at
1075 2562 1189 2610 nomen
1215 2545 1419 2610 rarissimum

230 2663 290 2720 est.
338 2648 588 2736 Harpocration,
619 2649 811 2714 ’Λδικίουε
845 2643 902 2714 οίον
936 2648 1145 2726 οὶδικῆματος.
1180 2647 1225 2718 ἔτι
1260 2649 1292 2715 δὲ
1322 2648 1419 2729 ὄνομα

230 2758 330 2833 δίκης.
355 2755 539 2823 ιδποτίνυται
564 2753 594 2819 δὲ
618 2756 707 2819 τοῦτο
727 2753 847 2819 οἱπλοῦν
869 2753 924 2819 ε’ῦν
948 2755 1003 2836 πρδ
1024 2763 1079 2830 τῆς
1103 2754 1212 2829 ἐνοίτης
1232 2757 1417 2836 πρυτανείας

229 2864 376 2946 οῦτοδοίῆ·
401 2863 427 2927 εί
452 2860 483 2927 δὲ
504 2862 548 2938 μῆ
568 2859 694 2926 διπλοῦν
716 2859 986 2938 καταβάλλεται,
1012 2860 1065 2927 ubi
1085 2858 1291 2927 scribendum
1312 2860 1420 2927 ῦποτί-

230 2994 316 3037 νιται
336 2988 394 3055 pro
414 2966 537 3054 poetico
556 2966 752 3032 οὶποτίνυται.
788 2964 908 3033 Nomen
930 2966 1064 3044 ἀδικίου,
1092 2974 1222 3032 notante
1241 2965 1421 3044 hindorlio,

231 3096 293 3143 non
318 3073 439 3161 legitur
459 3071 543 3161 apud
566 3070 717 3140 Oratores
737 3074 792 3159 qui
812 3081 1000 3159 supersunt.
1037 3073 1072 3139 ln
1095 3093 1159 3138 uno
1179 3072 1247 3138 loco
1267 3070 1421 3137 Dinarchi

230 3182 316 3249 κατδ
335 3178 517 3252 Φιλοκλέους
538 3199 569 3265 p.
588 3184 671 3254 108,
685 3184 728 3246 ὅθ
741 3178 889 3264 suspicor
909 3177 940 3244 id
960 3179 993 3245 in
1017 3177 1133 3244 oriendo
1151 3177 1261 3244 latere.
1286 3175 1418 3243 Editur:

230 3289 284 3355 iria
306 3309 354 3359 τις
376 3285 510 3351 ἐναντίον
534 3287 593 3351 σῦν
616 3291 748 3350 πολιτῶν
767 3285 964 3364 δμολογῆσας
984 3309 1015 3352 τι
1039 3285 1171 3368 παραβῆ
1191 3288 1297 3349 τοῦτον
1315 3281 1418 3363 ἔνοχον

230 3391 307 3461 είναι
330 3392 449 3459 κελεύει
474 3392 501 3480 (ὅ
523 3389 688 3479 νόμος)τῷ
711 3390 848 3469 ἀδικεῖν,
873 3389 928 3458 sed
953 3390 1058 3472 ἔνοχος
1077 3393 1119 3473 τῦ
1141 3390 1257 3457 οὶδικεῑν
1276 3407 1338 3454 uon
1357 3408 1420 3454 uno

230 3499 359 3566 nomine
383 3496 560 3565 absurdum
578 3504 627 3562 est
647 3503 679 3561 et
699 3495 846 3583 suspicor
864 3495 967 3578 ἔνοχος
992 3500 1034 3580 τῷ
1054 3497 1197 3578 οὶδικίρ
1222 3495 1297 3561 olim
1319 3492 1419 3560 luisse

230 3605 407 3692 scriptum,
441 3602 472 3668 id
503 3609 553 3668 est
583 3601 699 3668 οἰδικίου
730 3601 863 3668 crimine
893 3604 1009 3681 ιοκονὶ,
1035 3611 1072 3670 ut
1095 3602 1199 3684 ἔνοχος
1228 3610 1291 3674 τοῖς
1310 3601 1418 3681 ψευδο-

229 3712 402 3794 μαρτυρίοις
417 3716 451 3776 et
473 3708 546 3773 sim.
594 3706 656 3788 Qui
676 3715 784 3774 autern
805 3706 884 3794 quid
901 3709 944 3773 sit
964 3709 1078 3776 οὶδίκιιν
1098 3708 1296 3795 perscrutari
1311 3704 1417 3773 volent

230 3817 438 3884 meminerint
461 3813 524 3881 είτε
542 3818 658 3886 κλοπῆς
676 3813 729 3879 καί
748 3813 843 3894 δώρων
862 3813 926 3879 είτε
945 3814 1061 3880 οὶδικίου
1081 3833 1145 3880 non
1164 3832 1234 3880 esse
1253 3810 1416 3879 Plutarchi

230 3922 343 4000 verba,
367 3920 423 3989 sed
454 3918 529 3985 olim
555 3920 585 3984 to
612 3921 654 4000 τῦ
677 3925 731 3985 τοῦ
758 3920 914 3998 Ἅγνωνος
945 3921 1133 4004 ψηφίσματι
1158 3918 1258 3984 luisse
1282 3917 1415 4003 scripta.

231 4028 427 4096 Vocabulum
453 4027 624 4110 antiquum
647 4033 679 4092 et
703 4024 908 4092 rarissimum
934 4023 1420 4109 nu11<1orneapourtmar-

229 4134 326 4200 chum
341 4130 472 4219 quidem
492 4132 562 4197 sine
581 4129 650 4198 laha
669 4132 785 4199 evasit:
812 4130 950 4199 inlibris
968 4131 1118 4198 omnihus
1137 4140 1186 4197 est
1199 4132 1316 4209 οδδίκου,
1333 4129 1419 4217 quod

228 4238 322 4306 docte
334 4236 689 4305 Reishiusemendarit.
715 4237 751 4304 ln
765 4236 928 4304 Plutarchi
950 4239 1094 4305 oratione
1113 4257 1150 4305 eo
1170 4238 1273 4324 magis
1292 4237 1419 4321 διαφαί·

228 4370 314 4412 νεται
333 4345 377 4411 τὰ
390 4343 523 4411 Ἀττικοὶ
541 4342 679 4423 ὀνόματα
693 4345 785 4430 quasi
801 4363 966 4429 gemmae,
989 4344 1064 4430 quia
1085 4344 1155 4432 ipse
1177 4343 1370 4410 Plutarchus
1388 4344 1420 4410 in

229 4452 326 4520 rahus
339 4451 455 4519 Atticis
468 4470 530 4518 non
546 4451 685 4522 δττικιςί
703 4448 863 4536 loquitur,
876 4449 930 4516 sed
944 4449 1126 4536 aequalium
1145 4450 1273 4519 dicendi
1287 4471 1422 4518 consue·
