3200 5066
333 306 398 373 400
835 323 1006 377 uouemus.

365 528 371 533 ·
479 491 610 569 θθσομσι
636 493 678 565 ειί
703 492 810 559 'Aldus
834 496 887 560 sal
912 496 943 560 έν
965 495 1103 561 νεκύεσσι
1127 496 1290 576 Φωεθνω.

333 600 502 683 antiquum
530 596 674 662 obtinent
703 595 933 677 Grammatici,
966 603 1022 685 qui
1049 601 1141 665 nobis
1166 603 1315 667 occinunt
1343 616 1444 664 suum:
1461 598 1486 663 sl

332 704 487 785 Φοιεθνω
521 701 663 775 ένεςῶσθο
698 701 760 771 έςιν
794 704 863 769 cieri
894 708 947 770 τοῦ
977 703 1163 783 μέλλοντος,
1199 706 1291 771 scrib.
1322 703 1421 775 ένεςθς
1443 703 1487 770 leo

331 808 402 875 θεοὶ
432 807 620 886 μέλλοντος.
644 830 788 890 praem
809 834 868 893 pro
881 812 1014 896 futuro,
1046 812 1137 895 quasi
1159 809 1242 875 nihil
1264 829 1302 874 ea
1322 830 1371 874 res
1391 807 1488 874 dubita

331 916 429 980 tionis
450 912 590 979 haberet.
631 911 694 980 Sed
718 915 802 1000 apud
824 916 980 981 nossetis
1002 920 1124 980 constat
1145 935 1247 1000 neque
1269 913 1438 981 Homerum
1451 931 1488 976 rc·

332 1039 394 1104 que
424 1016 526 1084 alium
549 1037 742 1102 quemquam
766 1021 824 1084 ubi
836 1021 984 1105 sucrum
1007 1021 1050 1084 sit
1071 1021 1284 1084 necessarium
1306 1019 1408 1103 inepte
1422 1037 1489 1103 ριω

330 1146 398 1190 scos
424 1125 455 1190 ei
478 1122 679 1189 substituere.
715 1123 753 1188 In
774 1127 906 1191 caeteris
926 1125 1030 1190 forms
1049 1123 1140 1191 verbi
1158 1125 1326 1210 magistris
1346 1122 1488 1208 imposuit,

331 1236 370 1295 ut
392 1227 561 1304 τελέουσιν,
589 1227 736 1308 ἐρύουσιν,
761 1229 889 1308 γαμέω,
917 1228 1045 1295 καλέων.
1080 1227 1118 1293 Iu
1140 1230 1257 1311 φοοεθνω
1280 1226 1371 1294 nulls
1391 1231 1433 1292 est
1449 1223 1490 1289 d·

331 1335 446 1399 bitatio
468 1334 545 1417 quin
567 1335 611 1397 sit
632 1354 670 1399 es
684 1336 855 1418 ρσνωοιιιίι
873 1337 1025 1421 temporis
1043 1334 1155 1399 forma.
1186 1334 1348 1399 Futurum
1368 1337 1412 1398 mt
1426 1327 1489 1415 apud

330 1437 511 1504 Homerum
533 1435 658 1518 Φιινέω,
682 1438 808 1521 φονέει,
831 1444 941 1520 Φινεῖ,
965 1437 1142 1520 Φοινεῖσθοιι.
1162 1437 1275 1525 Odyss.
1299 1447 1347 1503 M.
1370 1435 1438 1502 230.

513 1540 593 1606 ένθιν
616 1541 680 1624 γάρ
702 1552 756 1622 μιν
778 1543 914 1621 ἐδέγμην
937 1550 1042 1624 sotira
1065 1544 1310 1624 φθονεῖσθαι.

215 1648 220 1659 ’
332 1654 365 1714 et
386 1646 479 1713 Iliad.
502 1655 543 1711 Τ.
569 1644 645 1711 104.
767 1680 776 1693 ι

514 1748 611 1831 sutis
633 1748 753 1833 φθωσδε
775 1752 944 1832 μογοςθιιοι
967 1753 1125 1819 Εἰλεθθνιοι
1148 1756 1359 1838 Ἑνφοινεῖ.
1427 1759 1434 1768 ”

378 1856 463 1937 Quid
493 1852 618 1921 mults?
644 1855 682 1920 In
704 1855 839 1924 Homeri
858 1857 926 1924 loeo
947 1858 1068 1923 vitium
1089 1858 1169 1924 latet
1192 1858 1279 1924 facili
1304 1859 1426 1946 negotio
1442 1855 1489 1919 exi·

332 1961 495 2029 mendum.
529 1960 580 2027 Ad
597 1961 631 2025 id
652 1960 948 2046 deprehendendum
967 1983 1060 2047 opem
1079 1963 1159 2028 ferat
1175 1962 1411 2048 Homerusipse
1420 1957 1489 2026 Iliad.

331 2078 371 2133 11.
397 2064 472 2132 129.

488 2170 575 2236 θθσεο
597 2170 719 2252 σεθχενι
742 2175 867 2247 θᾶσσον,
892 2174 953 2251 ἐγὼ
976 2172 1009 2238 δέ
1032 2198 1066 2237 κε
1090 2174 1165 2239 Aulo
1186 2174 1312 2253 θνεθριι.

330 2277 387 2343 ubi
410 2281 593 2342 annotatur:
625 2278 796 2357 θγεθρωτ
829 2278 935 2356 ὁμοίως
957 2281 1000 2359 τῷ
1023 2279 1137 2359 airzipa
1162 2279 1237 2367 (leg.
1261 2276 1387 2363 θγερῶ).
1408 2270 1490 2342 torric

330 2382 394 2464 γάρ
416 2383 463 2450 dcc
486 2382 643 2458 σιρμνιθνων
665 2380 842 2460 μέλλοιτο.
867 2381 966 2462 θσσερ
989 2368 1119 2448 ιιιι1’έσ’
1144 2380 1248 2449 ἄλλων
1272 2380 1463 2466 παρεθέμεθα.

467 2488 528 2565 ἐγὼ
554 2485 586 2551 δέ
609 2489 637 2552 κ’
662 2486 732 2565 ἄγω
756 2488 898 2568 Βρισιρΐθιι
924 2486 974 2574 (ll.
999 2499 1039 2553 A.
1067 2487 1157 2565 184.)

467 2588 485 2666 sl
507 2590 598 2670 μέγνο
621 2591 725 2665 πένθος
750 2591 904 2671 'Ascurida
928 2600 1025 2671 νοιῖοιν
1050 2592 1146 2659 incisus
1169 2594 1273 2673 (Iliad.
1299 2602 1339 2658 H.
1370 2588 1449 2674 124).

330 2696 406 2764 οὕτω
429 2697 482 2761 xxi
507 2699 541 2763 σθ
565 2697 748 2776 έρθονσιν
763 2696 855 2779 ἔχει.
881 2696 955 2764 οὕτω
979 2699 1011 2763 δὲ
1034 2699 1087 2763 sal
1111 2698 1307 2780 'Aoiscpxca
1344 2690 1490 2761 Heracliani

329 2804 407 2869 haec
439 2806 531 2880 sunt,
567 2804 624 2888 qui
649 2800 758 2868 'multo
788 2803 861 2888 plus
891 2802 1067 2868 eruditione
1096 2823 1191 2888 quam
1225 2804 1346 2869 iudicio
1377 2797 1490 2867 vestu

329 2907 411 2974 Vide
432 2907 516 2973 mihi
537 2911 575 2970 ut
596 2909 731 2972 misceat
753 2911 876 2973 omnia:
908 2907 1040 2987 έρθονσιν
1064 2913 1112 2974 est
1125 2910 1292 2993 fcturum:
1314 2905 1409 2972 ἱκάνει
1425 2922 1491 2986 otoo

329 3035 396 3077 εοιιε
419 3017 467 3078 est
489 3012 572 3096 quod
595 3014 751 3077 sententia
773 3012 930 3096 postulat:
955 3014 1039 3077 odeat
1060 3013 1184 3078 malum
1206 3034 1242 3078 sc
1266 3012 1399 3078 dedecus
1417 3004 1492 3074 Achi-

330 3138 463 3193 vorum,
496 3121 528 3181 et
558 3117 592 3180 in
623 3117 683 3194 έγθι
716 3115 748 3180 δέ
772 3119 808 3179 K'
831 3113 917 3195 ἄγω,
942 3123 975 3181 et
997 3117 1059 3195 έγθι
1082 3116 1115 3181 δέ
1139 3126 1194 3181 ΚΕ
1216 3116 1292 3181 salv
1313 3116 1492 3195 ciyslpmpt

330 3221 497 3289 tentielem
528 3221 676 3286 voculam
700 3221 867 3305 rue-plane
891 3221 1044 3308 neglexit.
1080 3221 1247 3287 Praeterea
1268 3223 1493 3306 apparetque

330 3326 414 3393 nihil
445 3328 600 3411 excerptis
628 3324 802 3391 Herodiani
832 3326 870 3390 ds
889 3325 1070 3391 Aristarcho
1092 3328 1136 3391 sit
1158 3320 1359 3391 credendum.
1383 3319 1450 3388 οθσν
1469 3316 1492 3379 δὲ

329 3431 381 3497 καὶ
413 3431 613 3512 Ἀρθςιιρχοι,
644 3433 759 3514 inquit.
795 3430 971 3496 Aristarchi
1001 3433 1157 3496 sententis
1187 3431 1270 3515 apud
1298 3428 1493 3495 Aristonicum

328 3538 405 3603 haec
429 3543 493 3603 est:
518 3536 558 3602 ad
581 3533 618 3599 u.
643 3543 682 3600 A.
697 3532 773 3599 184.
799 3537 816 3611 ἡ
839 3536 935 3609 διπλῆ
957 3531 1003 3599 θτι
1027 3536 1071 3611 σθ,
1087 3533 1172 3614 slya
1192 3534 1261 3600 citri
1283 3539 1336 3600 τοῦ
1356 3532 1492 3610 ἄγοιμι·

328 3646 361 3708 et
383 3640 422 3707 Il.
448 3650 487 3706 Π.
515 3638 589 3706 129.
623 3643 640 3714 ἦ
665 3639 759 3715 διπλῆ
783 3637 828 3706 θσι
853 3640 922 3705 cieri
946 3644 998 3705 τοῦ
1022 3641 1255 3720 οὶγεθρνιιμι.
1291 3638 1342 3705 Ad
1363 3639 1438 3702 hauc
1455 3630 1494 3696 lu·

329 3766 398 3811 cem
422 3743 514 3812 facile
537 3749 585 3808 est
608 3745 788 3811 emendare:
1030 3765 1032 3770 ·

464 3848 594 3927 θύσομοιι
618 3851 662 3921 εἰς
685 3850 822 3915 Ἀ’θδΕΩ
846 3850 902 3916 real
919 3852 957 3916 K’
981 3852 1012 3915 ἕν
1035 3850 1172 3916 νεκύεσσι
1195 3848 1324 3932 φαείνω.

329 3956 514 4043 planissime
536 3960 574 4020 ut
599 3954 691 4020 Iliad.
716 3967 754 4021 Α.
781 3954 856 4021 184.

599 4060 738 4141 πέμψω,
764 4061 825 4139 tyci
848 4060 882 4127 δέ
905 4065 941 4127 Κ’
965 4061 1050 4142 ἄγω,

328 4167 474 4232 futurum
505 4170 537 4231 et
569 4175 623 4230 ΚΕ
655 4186 728 4231 cum
751 4167 936 4232 coriunotico
959 4174 997 4233 ut
1018 4167 1111 4254 plane
1134 4167 1302 4246 θσοδθνιιμω
1326 4159 1493 4249 composuit·

326 4270 392 4336 Ubi
415 4270 514 4338 semel
536 4274 570 4335 in
593 4272 648 4336 κοιθ
672 4273 707 4335 Κ’
731 4273 761 4336 έν
786 4271 922 4338 νεκύεσσι
941 4272 1186 4360 negligentiald'
1205 4272 1381 4347 intercidit,
1399 4265 1493 4334 statim

326 4375 523 4442 tralaticium
548 4378 589 4449 εἰς
616 4375 749 4442 ’ΔΐθΑΟ
774 4379 910 4463 irrepsit.
