3340 5014
592 359 785 407 esrnocourcu
809 359 996 407 1111111111.
1332 343 1390 404 111

197 525 356 595 serendos
385 523 509 609 οίανπερ
539 528 554 593 ά
584 528 767 612 ίεροφάντης
800 527 892 611 ἔχων.
942 529 1024 597 Tum
1056 527 1256 597 Πουλυτίωνα
1281 547 1398 615 repone

198 653 258 721 pro
281 632 479 711 Πολυτίωνος,
511 653 651 722 nonique
684 635 769 703 illam
793 655 863 702 esse
886 636 1061 720 genuinam
1088 635 1227 700 nominis
1258 633 1395 700 turinum

199 759 288 807 nunc
311 739 397 806 docti
422 741 645 819 consentiunt,
669 752 702 809 el
726 741 876 825 Θεύδωρον
900 745 1028 821 Φηγαιῶ
1053 760 1110 827 uro
1135 740 1242 827 inepto
1262 737 1398 805 lectione

201 844 343 925 Φηγεία,
374 865 456 932 qnae
486 866 525 911 ex
557 850 702 928 Φηγαιία
737 857 813 915 nata
843 856 914 926 est,
948 846 1002 914 sed
1040 845 1252 913 Athenienses
1283 856 1400 911 octemr

202 971 266 1017 nou
291 948 386 1017 aliter
409 950 559 1019 dicebant
592 974 688 1041 quam
722 958 867 1036 Στειριῶ,
900 957 1049 1035 Πειραιᾶ,
1073 955 1225 1019 literani
1236 1001 1245 1032 ,
1271 954 1400 1028 Μηλιά,

201 1065 236 1123 et
260 1054 413 1123 similiter
433 1057 465 1122 iu
484 1059 636 1143 genitivis
658 1068 821 1143 Στειριῶς,
844 1066 992 1141 Πειραιῶς
1009 1067 1073 1127 sel.
1111 1058 1281 1145 Sequiores
1302 1057 1400 1123 utrici

203 1161 284 1229 haec
309 1161 490 1239 solvebant,
520 1162 596 1230 hinc
631 1166 764 1232 turbant
795 1165 932 1233 librarii.
982 1167 1150 1232 Praeterea
1175 1165 1397 1250 importunum

204 1269 262 1335 καί
283 1267 455 1335 delendum
488 1270 521 1335 111
555 1270 661 1337 verbis
688 1273 776 1354 παρά
809 1272 851 1339 τά
884 1272 1002 1352 νύμιμα
1029 1271 1109 1361 [καί]
1137 1270 1180 1337 τά
1203 1269 1399 1344 καύετηκύτα

206 1373 268 1442 dud
289 1401 326 1442 τε
348 1376 551 1454 Εὐμολπιδῶν
574 1379 626 1443 καί
650 1381 808 1460 Κηρύκων,
833 1379 922 1448 etin
949 1376 1171 1444 licentiosum
1205 1377 1399 1460 interpreto-

206 1489 354 1548 meulum
379 1482 432 1548 καί
456 1487 514 1548 τῶν
537 1483 637 1564 ιἐρίων
659 1493 717 1553 τῶν
741 1485 776 1563 ἐξ
798 1488 972 1558 Ἐλευσῖνος
993 1483 1110 1559 sciolo,
1136 1482 1192 1570 qui
1211 1480 1402 1567 adscripsit,

206 1586 418 1653 reddendum.
466 1587 535 1654 Non
558 1598 651 1655 erent
673 1589 728 1657 elii
762 1589 966 1669 sacerdotes,
998 1590 1053 1677 qui
1091 1588 1194 1655 sacris
1227 1585 1402 1653 Eleusiniis

206 1702 393 1780 praeessent
430 1695 494 1760 nisi
525 1697 724 1774 uiolentior
758 1698 811 1763 καί
852 1696 997 1777 Κύρυκες.
1050 1693 1141 1781 Apud
1179 1690 1400 1780 Thucydidem

205 1799 293 1866 Vlll.
325 1803 367 1866 113
403 1799 541 1886 tegimus
573 1821 672 1888 quoru
704 1802 743 1869 de
779 1800 942 1868 Alcibiade
974 1801 1006 1866 in
1044 1801 1183 1887 patrium
1223 1795 1401 1863 revocando

205 1914 360 1992 ageretur
383 1925 479 1991 aegre
502 1914 535 1972 et
557 1907 611 1973 uin
636 1908 847 1995 impetratum
872 1927 942 1974 esse
964 1908 1168 1987 Εὐμολπιδῶν
1187 1904 1241 1972 καί
1262 1904 1402 1986 Κηρύκων

204 2011 275 2093 περί
298 2018 358 2078 τῶν
381 2018 535 2092 μυςικῶν,
560 2013 598 2080 δι’
621 2011 701 2095 άπερ
724 2012 861 2097 ἔφευγε,
886 2012 1119 2094 μαρτυρομένων
1143 2011 1195 2078 καί
1220 2009 1405 2093 ε’πιύειαζύν·

204 2143 267 2185 των
286 2120 331 2197 ul
350 2117 522 2198 κατάγειν,
544 2126 576 2184 et
604 2120 732 2185 etiarnsi
758 2119 839 2185 torte
865 2128 992 2205 rrrseter
1015 2138 1070 2185 eos
1089 2126 1121 2184 et
1140 2118 1194 2184 olii
1215 2116 1402 2183 sacerdotes

206 2244 300 2291 sacro
324 2221 487 2291 Eleusinis
520 2224 735 2311 procurabant
766 2226 810 2292 τῶ
840 2225 958 2305 νύμιςια
982 2234 1071 2292 certe
1093 2223 1259 2299 sardienses
1284 2221 1344 2289 ὐπί
1369 2246 1404 2287 σε

207 2331 412 2410 Εὐμολπιδῶν
440 2330 493 2397 καί
525 2329 677 2412 Κηρύκων.
727 2331 946 2419 Proponamus
982 2330 1083 2415 igitur
1115 2349 1202 2396 nnnc
1233 2330 1403 2416 antiquom

208 2435 438 2505 documentum
464 2435 672 2503 emendatum
697 2446 730 2504 et
753 2438 943 2525 expolitum.

439 2542 599 2617 Θέσσαλος
630 2546 764 2624 Κίμωνος
788 2542 951 2620 Λακιάδης
973 2542 1179 2622 Ἀλκιβιάδην

436 2649 573 2716 Κλεινίου
597 2650 825 2730 Σκαμβωνίδην
847 2652 1044 2730 εἰσήγγειλεν
1063 2650 1179 2717 άδικεῑν

437 2755 504 2836 περί
539 2757 581 2821 σύ
615 2757 668 2823 ὐεῶ
702 2755 954 2836 cinomannensis
974 2756 1018 2822 τά
1044 2758 1181 2839 μυςύρια

438 2861 491 2928 καί
521 2862 681 2929 δεικνύντα
710 2870 773 2935 τοῖς
797 2863 908 2929 ἑαυτοῦ
932 2862 1060 2943 ἑταίροις
1084 2863 1115 2928 ἐν
1139 2871 1177 2945 τῇ

439 2968 519 3052 οίκίρι
550 2976 588 3049 τῇ
621 2968 730 3034 ἑαυτοῦ
762 2967 880 3051 ἔχοντα
902 2971 994 3045 τολύην
1017 2966 1178 3050 οίανπερύ

439 3074 621 3158 ίεροφάντης
661 3072 742 3154 ἔχων
780 3073 911 3141 δείκνυσι
944 3074 987 3139 τά
1021 3074 1089 3156 ἱερά
1124 3073 1178 3139 καί

441 3179 629 3260 ύνομάζοντα
653 3179 762 3247 ἑαυτὸν
786 3182 844 3259 μὲν
871 3178 1069 3263 ἱεροφάντην,
1102 3190 1182 3246 Που·

442 3286 576 3352 λυτίωνα
596 3286 627 3352 δὲ
656 3287 823 3371 δᾳδοῦχον,
848 3288 964 3368 κήρυκα
985 3285 1016 3352 δὲ
1037 3285 1184 3366 Θέοδωρον

444 3396 586 3471 Φηγαιῶ,
617 3392 688 3465 τούς
719 3393 750 3459 δὲ
774 3391 889 3466 άλλους
920 3393 1054 3475 ἑταίρους
1078 3394 1184 3472 μύσας

442 3497 709 3581 προσαγορεύοντα
751 3499 804 3565 καὶ
839 3499 981 3573 ίπύπτας
1015 3501 1101 3582 παρά
1142 3500 1186 3565 τῶ

444 3603 562 3685 νύμιμα
579 3605 623 3671 τά
639 3604 833 3681 καύετηκίτα
846 3606 905 3673 ὐπύ
923 3631 957 3672 τε
981 3605 1184 3685 Εὐμολπιδῶν

445 3712 497 3778 καί
521 3710 672 3792 Κηρύκων.

262 3819 401 3907 lioperto
421 3818 523 3904 igitur
544 3820 579 3883 ἐκ
602 3825 658 3894 τῆς
673 3821 827 3900 Κρατεροῦ
847 3824 1033 3899 συναγωγῆς
1055 3825 1120 3883 lam
1142 3814 1305 3883 loculento
1325 3815 1411 3903 irog-

217 3934 326 3991 mento
349 3921 517 3990 videamus
541 3943 581 3990 on
606 3924 703 3990 etiam
727 3923 819 4011 plura
844 3923 986 3992 indidem
1007 3931 1112 3990 sumto
1134 3922 1270 3989 indicari
1289 3924 1412 4009 possint

215 4050 297 4117 quoe
322 4049 410 4095 nunc
441 4029 566 4095 incerto
597 4038 730 4096 auctore
762 4038 795 4095 el
826 4030 949 4095 incerta
982 4028 1043 4096 fide
1076 4036 1243 4114 rogentur.
1292 4028 1412 4096 Scribit

216 4135 412 4204 Plutarchus
436 4135 468 4201 in
494 4136 559 4201 rita
585 4134 718 4201 Periclis
742 4155 814 4222 cop.
841 4140 872 4202 8.
896 4132 1060 4217 ἔγγραφον
1082 4136 1139 4214 μὲν
1160 4130 1209 4201 οὐν
1229 4135 1312 4202 οὐδὲν
1332 4137 1411 4203 ὐπο-

215 4240 360 4310 λίλοιπεν
376 4242 403 4329 (d
420 4240 583 4330 Περικλῆς)
605 4250 728 4309 ΠΛΗΝ
744 4251 842 4309 ΤΩΝ
860 4250 1174 4325 ΨΗΦΙΣΜΑΤΩΝ.
1203 4242 1411 4328 Perspicuum

217 4348 277 4416 hoo
301 4347 433 4436 quidem
458 4368 528 4414 esse
560 4346 701 4415 arbitror
728 4355 761 4414 et
789 4357 932 4424 eertum,
964 4347 1097 4415 Periclis
1120 4349 1319 4433 ψηφίσματα
1349 4370 1411 4417 non

217 4453 348 4523 aliunde
394 4472 492 4541 quum
528 4455 563 4520 ἐκ
595 4460 652 4529 πῶς
689 4458 841 4536 Κρατεροῦ
878 4460 937 4521 τῶν
969 4453 1192 4541 ,ψηφισμάτων
1226 4465 1412 4538 συναγωγῆς
