<?xml version="1.0" encoding="UTF-8"?>
<!DOCTYPE html PUBLIC "-//W3C//DTD XHTML 1.0 Transitional//EN"
    "http://www.w3.org/TR/xhtml1/DTD/xhtml1-transitional.dtd">
<html xmlns="http://www.w3.org/1999/xhtml" xml:lang="en" lang="en">
 <head>
  <title>
</title>
<meta http-equiv="Content-Type" content="text/html;charset=utf-8" />
  <meta name='ocr-system' content='tesseract 3.04.00' />
  <meta name='ocr-capabilities' content='ocr_page ocr_carea ocr_par ocr_line ocrx_word'/>
</head>
<body>
  <div class='ocr_page' id='page_1' title='image "./mnemosynebiblio00servgoog_0531.png"; bbox 0 0 3276 5006; ppageno 0'>
   <div class='ocr_carea' id='block_1_1' title="bbox 281 310 1161 386">
    <p class='ocr_par' dir='ltr' id='par_1_1' title="bbox 281 310 1161 386">
     <span class='ocr_line' id='line_1_1' title="bbox 281 310 1161 386; baseline 0.003 -10"><span class='ocrx_word' id='word_1_1' title='bbox 281 310 325 376; x_wconf 84' lang='grc'><strong>84</strong></span> <span class='ocrx_word' id='word_1_2' title='bbox 561 328 749 378; x_wconf 68' lang='lat' dir='ltr'><strong>maurosus</strong></span> <span class='ocrx_word' id='word_1_3' title='bbox 774 327 921 386; x_wconf 75' lang='lat' dir='ltr'><strong>ossuum</strong></span> <span class='ocrx_word' id='word_1_4' title='bbox 944 329 978 376; x_wconf 85' lang='lat' dir='ltr'><strong>ru</strong></span> <span class='ocrx_word' id='word_1_5' title='bbox 1000 329 1161 379; x_wconf 77' lang='lat' dir='ltr'><strong>moruoms</strong></span> 
     </span>
    </p>
   </div>
   <div class='ocr_carea' id='block_1_2' title="bbox 281 496 1561 591">
    <p class='ocr_par' dir='ltr' id='par_1_2' title="bbox 281 496 1561 591">
     <span class='ocr_line' id='line_1_2' title="bbox 281 496 1561 591; baseline 0.002 -25"><span class='ocrx_word' id='word_1_6' title='bbox 281 497 467 566; x_wconf 79' lang='lat' dir='ltr'><strong>Sermonem</strong></span> <span class='ocrx_word' id='word_1_7' title='bbox 501 497 596 563; x_wconf 91' lang='lat' dir='ltr'><strong>illum</strong></span> <span class='ocrx_word' id='word_1_8' title='bbox 630 518 705 563; x_wconf 88' lang='lat' dir='ltr'><strong>oum</strong></span> <span class='ocrx_word' id='word_1_9' title='bbox 734 497 839 563; x_wconf 87' lang='lat' dir='ltr'><strong>iudice</strong></span> <span class='ocrx_word' id='word_1_10' title='bbox 870 496 981 563; x_wconf 84' lang='lat' dir='ltr'><strong>lictum</strong></span> <span class='ocrx_word' id='word_1_11' title='bbox 1012 500 1051 564; x_wconf 92' lang='lat' dir='ltr'><strong>ab</strong></span> <span class='ocrx_word' id='word_1_12' title='bbox 1080 504 1217 577; x_wconf 85' lang='lat' dir='ltr'><strong>oratore,</strong></span> <span class='ocrx_word' id='word_1_13' title='bbox 1250 520 1269 567; x_wconf 92' lang='lat' dir='ltr'><strong>a</strong></span> <span class='ocrx_word' id='word_1_14' title='bbox 1298 500 1465 591; x_wconf 81' lang='lat' dir='ltr'><strong>Madvigio</strong></span> <span class='ocrx_word' id='word_1_15' title='bbox 1554 533 1561 545; x_wconf 91' lang='lat'><strong>·</strong></span> 
     </span>
    </p>
   </div>
   <div class='ocr_carea' id='block_1_3' title="bbox 280 603 1467 1089">
    <p class='ocr_par' dir='ltr' id='par_1_3' title="bbox 280 603 1107 693">
     <span class='ocr_line' id='line_1_3' title="bbox 280 603 1107 693; baseline -0.005 -22"><span class='ocrx_word' id='word_1_16' title='bbox 280 606 409 693; x_wconf 85' lang='lat' dir='ltr'><strong>egregie</strong></span> <span class='ocrx_word' id='word_1_17' title='bbox 430 608 631 680; x_wconf 73' lang='lat' dir='ltr'><strong>moestum,</strong></span> <span class='ocrx_word' id='word_1_18' title='bbox 654 606 702 668; x_wconf 90' lang='lat' dir='ltr'><strong>ita</strong></span> <span class='ocrx_word' id='word_1_19' title='bbox 723 605 870 689; x_wconf 78' lang='lat' dir='ltr'>prosequi</span> <span class='ocrx_word' id='word_1_20' title='bbox 891 603 974 668; x_wconf 88' lang='lat' dir='ltr'><strong>mihi</strong></span> <span class='ocrx_word' id='word_1_21' title='bbox 995 603 1107 670; x_wconf 89' lang='lat' dir='ltr'><strong>liceat:</strong></span> 
     </span>
    </p>

    <p class='ocr_par' dir='ltr' id='par_1_4' title="bbox 329 708 1467 996">
     <span class='ocr_line' id='line_1_4' title="bbox 329 708 1467 796; baseline 0.002 -22"><span class='ocrx_word' id='word_1_22' title='bbox 329 711 401 787; x_wconf 84' lang='lat' dir='ltr'><strong>„At</strong></span> <span class='ocrx_word' id='word_1_23' title='bbox 423 710 484 774; x_wconf 89' lang='lat' dir='ltr'><strong>iste</strong></span> <span class='ocrx_word' id='word_1_24' title='bbox 506 708 582 773; x_wconf 92' lang='lat' dir='ltr'><strong>ordo</strong></span> <span class='ocrx_word' id='word_1_25' title='bbox 605 708 677 795; x_wconf 86' lang='lat' dir='ltr'><strong>lege</strong></span> <span class='ocrx_word' id='word_1_26' title='bbox 701 729 738 773; x_wconf 89' lang='lat' dir='ltr'><strong>ca</strong></span> <span class='ocrx_word' id='word_1_27' title='bbox 759 729 822 774; x_wconf 91' lang='lat' dir='ltr'><strong>non</strong></span> <span class='ocrx_word' id='word_1_28' title='bbox 844 713 979 774; x_wconf 88' lang='lat' dir='ltr'><strong>tenetur.</strong></span> <span class='ocrx_word' id='word_1_29' title='bbox 1004 746 1046 757; x_wconf 92' lang='lat'><em>-</em></span> <span class='ocrx_word' id='word_1_30' title='bbox 1070 708 1175 775; x_wconf 91' lang='lat' dir='ltr'><strong>Immo</strong></span> <span class='ocrx_word' id='word_1_31' title='bbox 1197 709 1254 776; x_wconf 92' lang='lat' dir='ltr'><strong>illo</strong></span> <span class='ocrx_word' id='word_1_32' title='bbox 1272 712 1376 796; x_wconf 89' lang='lat' dir='ltr'><strong>capite</strong></span> <span class='ocrx_word' id='word_1_33' title='bbox 1397 709 1467 791; x_wconf 78' lang='lat' dir='ltr'><strong>Quo</strong></span> 
     </span>
     <span class='ocr_line' id='line_1_5' title="bbox 372 790 1467 891; baseline -0.001 -11"><span class='ocrx_word' id='word_1_34' title='bbox 372 813 421 880; x_wconf 85' lang='lat' dir='ltr'><strong>m</strong></span> <span class='ocrx_word' id='word_1_35' title='bbox 451 813 594 878; x_wconf 74' lang='lat' dir='ltr'><strong>escum</strong></span> <span class='ocrx_word' id='word_1_36' title='bbox 617 798 832 878; x_wconf 66' lang='lat' dir='ltr'><strong>Potuisse.</strong></span> <span class='ocrx_word' id='word_1_37' title='bbox 858 852 900 861; x_wconf 90' lang='grc'>-</span> <span class='ocrx_word' id='word_1_38' title='bbox 924 813 961 877; x_wconf 81' lang='lat' dir='ltr'><strong>u</strong></span> <span class='ocrx_word' id='word_1_39' title='bbox 983 814 1193 891; x_wconf 75' lang='lat' dir='ltr'><strong>Postumum,</strong></span> <span class='ocrx_word' id='word_1_40' title='bbox 1217 835 1291 880; x_wconf 71' lang='lat' dir='ltr'><strong>eum</strong></span> <span class='ocrx_word' id='word_1_41' title='bbox 1314 817 1350 879; x_wconf 80' lang='lat' dir='ltr'><strong>sn</strong></span> <span class='ocrx_word' id='word_1_42' title='bbox 1370 790 1467 881; x_wconf 65' lang='lat' dir='ltr'><strong>aas:</strong></span> 
     </span>
     <span class='ocr_line' id='line_1_6' title="bbox 366 916 1465 996; baseline 0.001 -14"><span class='ocrx_word' id='word_1_43' title='bbox 366 919 459 982; x_wconf 88' lang='lat' dir='ltr'><strong>nium</strong></span> <span class='ocrx_word' id='word_1_44' title='bbox 474 916 571 982; x_wconf 82' lang='lat' dir='ltr'><strong>iudex</strong></span> <span class='ocrx_word' id='word_1_45' title='bbox 583 937 682 993; x_wconf 88' lang='lat' dir='ltr'><strong>esses,</strong></span> <span class='ocrx_word' id='word_1_46' title='bbox 696 918 841 981; x_wconf 61' lang='lat' dir='ltr'><strong>amiculi</strong></span> <span class='ocrx_word' id='word_1_47' title='bbox 852 918 934 981; x_wconf 76' lang='lat' dir='ltr'><strong>nihil</strong></span> <span class='ocrx_word' id='word_1_48' title='bbox 939 965 948 996; x_wconf 91' lang='lat'><strong>,</strong></span> <span class='ocrx_word' id='word_1_49' title='bbox 959 918 1043 983; x_wconf 87' lang='lat' dir='ltr'><strong>nihil</strong></span> <span class='ocrx_word' id='word_1_50' title='bbox 1055 917 1193 985; x_wconf 85' lang='lat' dir='ltr'><strong>Gabinio</strong></span> <span class='ocrx_word' id='word_1_51' title='bbox 1204 919 1381 986; x_wconf 85' lang='lat' dir='ltr'><strong>dumnato.”</strong></span> <span class='ocrx_word' id='word_1_52' title='bbox 1392 924 1465 986; x_wconf 86' lang='lat' dir='ltr'><strong>cett.</strong></span> 
     </span>
    </p>

    <p class='ocr_par' dir='ltr' id='par_1_5' title="bbox 327 1020 841 1089">
     <span class='ocr_line' id='line_1_7' title="bbox 327 1020 841 1089; baseline -0.004 0"><span class='ocrx_word' id='word_1_53' title='bbox 327 1023 419 1089; x_wconf 79' lang='lat' dir='ltr'><strong>Immo</strong></span> <span class='ocrx_word' id='word_1_54' title='bbox 442 1021 481 1088; x_wconf 89' lang='lat' dir='ltr'><strong>de</strong></span> <span class='ocrx_word' id='word_1_55' title='bbox 503 1020 630 1087; x_wconf 89' lang='lat' dir='ltr'><strong>Halmii</strong></span> <span class='ocrx_word' id='word_1_56' title='bbox 652 1024 841 1087; x_wconf 85' lang='lat' dir='ltr'><strong>coniectura.</strong></span> 
     </span>
    </p>
   </div>
   <div class='ocr_carea' id='block_1_4' title="bbox 326 1229 1469 1613">
    <p class='ocr_par' dir='ltr' id='par_1_6' title="bbox 326 1229 1469 1613">
     <span class='ocr_line' id='line_1_8' title="bbox 326 1229 1466 1318; baseline -0.002 -20"><span class='ocrx_word' id='word_1_57' title='bbox 326 1229 403 1318; x_wconf 75' lang='lat' dir='ltr'><strong>(lap.</strong></span> <span class='ocrx_word' id='word_1_58' title='bbox 426 1231 523 1311; x_wconf 82' lang='lat' dir='ltr'><strong>vm,</strong></span> <span class='ocrx_word' id='word_1_59' title='bbox 544 1231 597 1297; x_wconf 81' lang='lat'><strong>21.</strong></span> <span class='ocrx_word' id='word_1_60' title='bbox 625 1238 676 1309; x_wconf 82' lang='lat'><strong>,†</strong></span> <span class='ocrx_word' id='word_1_61' title='bbox 697 1232 781 1296; x_wconf 78' lang='lat' dir='ltr'><strong>Huic</strong></span> <span class='ocrx_word' id='word_1_62' title='bbox 802 1232 953 1298; x_wconf 85' lang='lat' dir='ltr'><strong>videlicet</strong></span> <span class='ocrx_word' id='word_1_63' title='bbox 969 1234 1153 1316; x_wconf 79' lang='lat' dir='ltr'><strong>perblandus</strong></span> <span class='ocrx_word' id='word_1_64' title='bbox 1174 1232 1366 1316; x_wconf 78' lang='lat' dir='ltr'><strong>reperiendus</strong></span> <span class='ocrx_word' id='word_1_65' title='bbox 1387 1231 1466 1309; x_wconf 82' lang='lat' dir='ltr'><strong>fuit,</strong></span> 
     </span>
     <span class='ocr_line' id='line_1_9' title="bbox 377 1337 1469 1422; baseline -0.001 -21"><span class='ocrx_word' id='word_1_66' title='bbox 377 1339 433 1422; x_wconf 88' lang='lat' dir='ltr'><strong>qui</strong></span> <span class='ocrx_word' id='word_1_67' title='bbox 454 1337 636 1413; x_wconf 90' lang='lat' dir='ltr'><strong>hominem,</strong></span> <span class='ocrx_word' id='word_1_68' title='bbox 659 1340 698 1401; x_wconf 93' lang='lat' dir='ltr'><strong>ut</strong></span> <span class='ocrx_word' id='word_1_69' title='bbox 720 1341 758 1401; x_wconf 91' lang='lat' dir='ltr'><strong>tu</strong></span> <span class='ocrx_word' id='word_1_70' title='bbox 776 1339 844 1415; x_wconf 86' lang='lat' dir='ltr'><strong>vis,</strong></span> <span class='ocrx_word' id='word_1_71' title='bbox 864 1338 1089 1403; x_wconf 76' lang='lat' dir='ltr'><strong>avarissimum</strong></span> <span class='ocrx_word' id='word_1_72' title='bbox 1107 1342 1267 1415; x_wconf 84' lang='lat' dir='ltr'><strong>exoraret,</strong></span> <span class='ocrx_word' id='word_1_73' title='bbox 1286 1338 1469 1402; x_wconf 76' lang='lat' dir='ltr'><strong>sestertium</strong></span> 
     </span>
     <span class='ocr_line' id='line_1_10' title="bbox 377 1441 1467 1529; baseline -0.002 -22"><span class='ocrx_word' id='word_1_74' title='bbox 377 1444 426 1507; x_wconf 87' lang='lat' dir='ltr'><strong>bis</strong></span> <span class='ocrx_word' id='word_1_75' title='bbox 453 1441 597 1507; x_wconf 82' lang='lat' dir='ltr'><strong>milliens</strong></span> <span class='ocrx_word' id='word_1_76' title='bbox 627 1447 660 1507; x_wconf 90' lang='lat' dir='ltr'><strong>et</strong></span> <span class='ocrx_word' id='word_1_77' title='bbox 688 1441 968 1529; x_wconf 72' lang='lat' dir='ltr'><strong>quadringentiens</strong></span> <span class='ocrx_word' id='word_1_78' title='bbox 997 1462 1036 1507; x_wconf 90' lang='lat' dir='ltr'><strong>ne</strong></span> <span class='ocrx_word' id='word_1_79' title='bbox 1065 1461 1184 1529; x_wconf 88' lang='lat' dir='ltr'><strong>magno</strong></span> <span class='ocrx_word' id='word_1_80' title='bbox 1214 1461 1307 1527; x_wconf 89' lang='lat' dir='ltr'><strong>opere</strong></span> <span class='ocrx_word' id='word_1_81' title='bbox 1329 1446 1467 1506; x_wconf 89' lang='lat' dir='ltr'><strong>contem·</strong></span> 
     </span>
     <span class='ocr_line' id='line_1_11' title="bbox 370 1546 486 1613; baseline 0.009 -2"><span class='ocrx_word' id='word_1_82' title='bbox 370 1546 486 1613; x_wconf 88' lang='lat' dir='ltr'><strong>neret.&#39;’</strong></span> 
     </span>
    </p>
   </div>
   <div class='ocr_carea' id='block_1_5' title="bbox 281 1650 1467 1844">
    <p class='ocr_par' dir='ltr' id='par_1_7' title="bbox 281 1650 1467 1844">
     <span class='ocr_line' id='line_1_12' title="bbox 326 1650 1466 1738; baseline -0.003 -21"><span class='ocrx_word' id='word_1_83' title='bbox 326 1651 438 1719; x_wconf 86' lang='lat' dir='ltr'><strong>Persto</strong></span> <span class='ocrx_word' id='word_1_84' title='bbox 462 1654 496 1717; x_wconf 93' lang='lat' dir='ltr'><strong>in</strong></span> <span class='ocrx_word' id='word_1_85' title='bbox 522 1650 718 1720; x_wconf 86' lang='lat' dir='ltr'><strong>restituenda</strong></span> <span class='ocrx_word' id='word_1_86' title='bbox 739 1652 798 1717; x_wconf 88' lang='lat' dir='ltr'><strong>hac</strong></span> <span class='ocrx_word' id='word_1_87' title='bbox 821 1654 994 1730; x_wconf 88' lang='lat' dir='ltr'><strong>sententie,</strong></span> <span class='ocrx_word' id='word_1_88' title='bbox 1019 1651 1177 1738; x_wconf 88' lang='lat' dir='ltr'><strong>quomodo</strong></span> <span class='ocrx_word' id='word_1_89' title='bbox 1198 1651 1374 1715; x_wconf 83' lang='lat' dir='ltr'><strong>restituisse</strong></span> <span class='ocrx_word' id='word_1_90' title='bbox 1395 1669 1466 1715; x_wconf 85' lang='lat' dir='ltr'><strong>eam</strong></span> 
     </span>
     <span class='ocr_line' id='line_1_13' title="bbox 281 1753 1467 1844; baseline -0.003 -21"><span class='ocrx_word' id='word_1_91' title='bbox 281 1758 365 1823; x_wconf 90' lang='lat' dir='ltr'><strong>mihi</strong></span> <span class='ocrx_word' id='word_1_92' title='bbox 395 1757 506 1823; x_wconf 83' lang='lat' dir='ltr'><strong>videor</strong></span> <span class='ocrx_word' id='word_1_93' title='bbox 534 1759 568 1820; x_wconf 91' lang='lat' dir='ltr'><strong>in</strong></span> <span class='ocrx_word' id='word_1_94' title='bbox 599 1754 769 1843; x_wconf 89' lang='lat' dir='ltr'><strong>Philologo</strong></span> <span class='ocrx_word' id='word_1_95' title='bbox 799 1753 1005 1844; x_wconf 86' lang='lat' dir='ltr'><strong>Gottingensi</strong></span> <span class='ocrx_word' id='word_1_96' title='bbox 1034 1756 1092 1820; x_wconf 87' lang='lat' dir='ltr'><strong>XI.</strong></span> <span class='ocrx_word' id='word_1_97' title='bbox 1120 1776 1151 1841; x_wconf 90' lang='lat' dir='ltr'><strong>p.</strong></span> <span class='ocrx_word' id='word_1_98' title='bbox 1176 1754 1219 1819; x_wconf 84' lang='lat'><strong>95</strong></span> <span class='ocrx_word' id='word_1_99' title='bbox 1234 1774 1296 1840; x_wconf 69' lang='lat' dir='ltr'><strong>,sq3</strong></span> <span class='ocrx_word' id='word_1_100' title='bbox 1318 1754 1374 1819; x_wconf 91' lang='lat' dir='ltr'><strong>sed</strong></span> <span class='ocrx_word' id='word_1_101' title='bbox 1395 1759 1467 1820; x_wconf 86' lang='lat' dir='ltr'><strong>aute</strong></span> 
     </span>
    </p>
   </div>
   <div class='ocr_carea' id='block_1_6' title="bbox 281 1856 1560 1948">
    <p class='ocr_par' dir='ltr' id='par_1_8' title="bbox 281 1856 1560 1948">
     <span class='ocr_line' id='line_1_14' title="bbox 281 1856 1560 1948; baseline -0.007 -22"><span class='ocrx_word' id='word_1_102' title='bbox 281 1863 473 1948; x_wconf 72' lang='lat' dir='ltr'><strong>reperiendus</strong></span> <span class='ocrx_word' id='word_1_103' title='bbox 501 1880 586 1926; x_wconf 89' lang='lat' dir='ltr'><strong>nunc</strong></span> <span class='ocrx_word' id='word_1_104' title='bbox 616 1859 748 1945; x_wconf 86' lang='lat' dir='ltr'><strong>suppleo</strong></span> <span class='ocrx_word' id='word_1_105' title='bbox 777 1862 858 1943; x_wconf 64' lang='lat' dir='ltr'><strong>regi,</strong></span> <span class='ocrx_word' id='word_1_106' title='bbox 891 1868 928 1927; x_wconf 88' lang='lat' dir='ltr'><strong>ut</strong></span> <span class='ocrx_word' id='word_1_107' title='bbox 949 1864 997 1927; x_wconf 88' lang='lat' dir='ltr'><strong>ita</strong></span> <span class='ocrx_word' id='word_1_108' title='bbox 1018 1859 1167 1948; x_wconf 86' lang='lat' dir='ltr'><strong>legantur</strong></span> <span class='ocrx_word' id='word_1_109' title='bbox 1189 1856 1349 1926; x_wconf 84' lang='lat' dir='ltr'><strong>Ciceronis</strong></span> <span class='ocrx_word' id='word_1_110' title='bbox 1371 1859 1467 1925; x_wconf 84' lang='lat' dir='ltr'><strong>rerba</strong></span> <span class='ocrx_word' id='word_1_111' title='bbox 1556 1912 1560 1917; x_wconf 81' lang='grc'>,</span> 
     </span>
    </p>
   </div>
   <div class='ocr_carea' id='block_1_7' title="bbox 279 1966 1471 3939">
    <p class='ocr_par' dir='ltr' id='par_1_9' title="bbox 280 1966 438 2033">
     <span class='ocr_line' id='line_1_15' title="bbox 280 1966 438 2033; baseline -0.019 0"><span class='ocrx_word' id='word_1_112' title='bbox 280 1966 438 2033; x_wconf 87' lang='lat' dir='ltr'><strong>ludentis:</strong></span> 
     </span>
    </p>

    <p class='ocr_par' dir='ltr' id='par_1_10' title="bbox 329 2068 1468 2259">
     <span class='ocr_line' id='line_1_16' title="bbox 329 2068 1465 2156; baseline -0.002 -22"><span class='ocrx_word' id='word_1_113' title='bbox 329 2070 421 2148; x_wconf 79' lang='lat' dir='ltr'><strong>,Hie</strong></span> <span class='ocrx_word' id='word_1_114' title='bbox 442 2069 593 2135; x_wconf 83' lang='lat' dir='ltr'><strong>videlicet</strong></span> <span class='ocrx_word' id='word_1_115' title='bbox 615 2070 771 2135; x_wconf 77' lang='lat' dir='ltr'><strong>Postumus</strong></span> <span class='ocrx_word' id='word_1_116' title='bbox 791 2072 856 2152; x_wconf 74' lang='lat' dir='ltr'><strong>repi</strong></span> <span class='ocrx_word' id='word_1_117' title='bbox 877 2070 1078 2156; x_wconf 87' lang='lat' dir='ltr'><strong>reperiendus</strong></span> <span class='ocrx_word' id='word_1_118' title='bbox 1098 2070 1177 2147; x_wconf 89' lang='lat' dir='ltr'><strong>fuit,</strong></span> <span class='ocrx_word' id='word_1_119' title='bbox 1207 2070 1263 2155; x_wconf 89' lang='lat' dir='ltr'><strong>qui</strong></span> <span class='ocrx_word' id='word_1_120' title='bbox 1285 2068 1465 2145; x_wconf 90' lang='lat' dir='ltr'><strong>hominem,</strong></span> 
     </span>
     <span class='ocr_line' id='line_1_17' title="bbox 371 2171 1468 2259; baseline -0.003 -20"><span class='ocrx_word' id='word_1_121' title='bbox 371 2179 410 2240; x_wconf 88' lang='lat' dir='ltr'><strong>ut</strong></span> <span class='ocrx_word' id='word_1_122' title='bbox 440 2179 478 2239; x_wconf 90' lang='lat' dir='ltr'><strong>tu</strong></span> <span class='ocrx_word' id='word_1_123' title='bbox 508 2176 575 2252; x_wconf 81' lang='lat' dir='ltr'><strong>vis,</strong></span> <span class='ocrx_word' id='word_1_124' title='bbox 601 2176 825 2241; x_wconf 83' lang='lat' dir='ltr'><strong>avarissimum</strong></span> <span class='ocrx_word' id='word_1_125' title='bbox 840 2178 1009 2259; x_wconf 67' lang='lat' dir='ltr'><strong>psbleude</strong></span> <span class='ocrx_word' id='word_1_126' title='bbox 1030 2180 1189 2252; x_wconf 84' lang='lat' dir='ltr'><strong>exoraret,</strong></span> <span class='ocrx_word' id='word_1_127' title='bbox 1213 2173 1397 2240; x_wconf 78' lang='lat' dir='ltr'><strong>sestertium</strong></span> <span class='ocrx_word' id='word_1_128' title='bbox 1418 2171 1468 2237; x_wconf 90' lang='lat' dir='ltr'><strong>bis</strong></span> 
     </span>
    </p>

    <p class='ocr_par' dir='ltr' id='par_1_11' title="bbox 281 2277 1315 2370">
     <span class='ocr_line' id='line_1_18' title="bbox 281 2277 1315 2370; baseline -0.003 -24"><span class='ocrx_word' id='word_1_129' title='bbox 281 2278 402 2346; x_wconf 91' lang='lat' dir='ltr'><strong>millies</strong></span> <span class='ocrx_word' id='word_1_130' title='bbox 424 2284 457 2345; x_wconf 91' lang='lat' dir='ltr'><strong>et</strong></span> <span class='ocrx_word' id='word_1_131' title='bbox 479 2279 735 2367; x_wconf 89' lang='lat' dir='ltr'><strong>quadringenties</strong></span> <span class='ocrx_word' id='word_1_132' title='bbox 757 2302 797 2347; x_wconf 94' lang='lat' dir='ltr'><strong>ne</strong></span> <span class='ocrx_word' id='word_1_133' title='bbox 818 2300 937 2370; x_wconf 87' lang='lat' dir='ltr'><strong>magno</strong></span> <span class='ocrx_word' id='word_1_134' title='bbox 959 2300 1051 2367; x_wconf 88' lang='lat' dir='ltr'><strong>opere</strong></span> <span class='ocrx_word' id='word_1_135' title='bbox 1074 2277 1315 2345; x_wconf 88' lang='lat' dir='ltr'><strong>contemneret.&#39;’</strong></span> 
     </span>
    </p>

    <p class='ocr_par' dir='ltr' id='par_1_12' title="bbox 326 2485 1469 2789">
     <span class='ocr_line' id='line_1_19' title="bbox 326 2485 1469 2577; baseline -0.003 -22"><span class='ocrx_word' id='word_1_136' title='bbox 326 2485 403 2575; x_wconf 82' lang='lat' dir='ltr'><strong>Gap.</strong></span> <span class='ocrx_word' id='word_1_137' title='bbox 435 2488 500 2569; x_wconf 87' lang='lat' dir='ltr'><strong>IX,</strong></span> <span class='ocrx_word' id='word_1_138' title='bbox 531 2487 586 2554; x_wconf 80' lang='lat'><strong>23.</strong></span> <span class='ocrx_word' id='word_1_139' title='bbox 620 2488 868 2569; x_wconf 88' lang='lat' dir='ltr'><strong>,Demetrium,</strong></span> <span class='ocrx_word' id='word_1_140' title='bbox 900 2497 933 2557; x_wconf 93' lang='lat' dir='ltr'><strong>et</strong></span> <span class='ocrx_word' id='word_1_141' title='bbox 963 2512 1002 2556; x_wconf 84' lang='lat' dir='ltr'><strong>ex</strong></span> <span class='ocrx_word' id='word_1_142' title='bbox 1024 2490 1204 2577; x_wconf 88' lang='lat' dir='ltr'><strong>republica,</strong></span> <span class='ocrx_word' id='word_1_143' title='bbox 1228 2509 1325 2575; x_wconf 90' lang='lat' dir='ltr'><strong>quam</strong></span> <span class='ocrx_word' id='word_1_144' title='bbox 1348 2487 1469 2573; x_wconf 89' lang='lat' dir='ltr'><strong>optime</strong></span> 
     </span>
     <span class='ocr_line' id='line_1_20' title="bbox 370 2593 1467 2682; baseline -0.003 -23"><span class='ocrx_word' id='word_1_145' title='bbox 370 2599 511 2682; x_wconf 78' lang='lat' dir='ltr'><strong>gesserat</strong></span> <span class='ocrx_word' id='word_1_146' title='bbox 541 2600 573 2659; x_wconf 89' lang='lat' dir='ltr'><strong>et</strong></span> <span class='ocrx_word' id='word_1_147' title='bbox 603 2616 643 2660; x_wconf 85' lang='lat' dir='ltr'><strong>ex</strong></span> <span class='ocrx_word' id='word_1_148' title='bbox 675 2593 819 2661; x_wconf 80' lang='lat' dir='ltr'><strong>doctrine</strong></span> <span class='ocrx_word' id='word_1_149' title='bbox 846 2595 987 2661; x_wconf 89' lang='lat' dir='ltr'><strong>nobilem</strong></span> <span class='ocrx_word' id='word_1_150' title='bbox 1013 2601 1046 2662; x_wconf 91' lang='lat' dir='ltr'><strong>et</strong></span> <span class='ocrx_word' id='word_1_151' title='bbox 1068 2595 1207 2674; x_wconf 88' lang='lat' dir='ltr'><strong>clarum,</strong></span> <span class='ocrx_word' id='word_1_152' title='bbox 1230 2595 1283 2680; x_wconf 80' lang='lat' dir='ltr'><strong>qai</strong></span> <span class='ocrx_word' id='word_1_153' title='bbox 1304 2594 1467 2658; x_wconf 74' lang='lat' dir='ltr'><strong>Phalereus</strong></span> 
     </span>
     <span class='ocr_line' id='line_1_21' title="bbox 370 2699 1398 2789; baseline 0 -27"><span class='ocrx_word' id='word_1_154' title='bbox 370 2699 516 2763; x_wconf 60' lang='lat' dir='ltr'><strong>commas</strong></span> <span class='ocrx_word' id='word_1_155' title='bbox 539 2707 601 2776; x_wconf 82' lang='lat' dir='ltr'><strong>est,</strong></span> <span class='ocrx_word' id='word_1_156' title='bbox 626 2703 660 2766; x_wconf 87' lang='lat' dir='ltr'><strong>in</strong></span> <span class='ocrx_word' id='word_1_157' title='bbox 683 2701 794 2766; x_wconf 91' lang='lat' dir='ltr'><strong>eodem</strong></span> <span class='ocrx_word' id='word_1_158' title='bbox 817 2700 875 2767; x_wconf 93' lang='lat' dir='ltr'><strong>illo</strong></span> <span class='ocrx_word' id='word_1_159' title='bbox 897 2702 1042 2789; x_wconf 85' lang='lat' dir='ltr'><strong>Agyptio</strong></span> <span class='ocrx_word' id='word_1_160' title='bbox 1064 2700 1177 2788; x_wconf 90' lang='lat' dir='ltr'><strong>regnc&#39;’</strong></span> <span class='ocrx_word' id='word_1_161' title='bbox 1199 2737 1243 2748; x_wconf 89' lang='lat'>-</span> <span class='ocrx_word' id='word_1_162' title='bbox 1267 2719 1295 2764; x_wconf 88' lang='lat' dir='ltr'><strong>e.</strong></span> <span class='ocrx_word' id='word_1_163' title='bbox 1319 2719 1349 2783; x_wconf 89' lang='lat' dir='ltr'><strong>q.</strong></span> <span class='ocrx_word' id='word_1_164' title='bbox 1373 2718 1398 2762; x_wconf 88' lang='lat' dir='ltr'><strong>s</strong></span> 
     </span>
    </p>

    <p class='ocr_par' dir='ltr' id='par_1_13' title="bbox 324 2799 1469 2889">
     <span class='ocr_line' id='line_1_22' title="bbox 324 2799 1469 2889; baseline -0.001 -22"><span class='ocrx_word' id='word_1_165' title='bbox 324 2801 428 2870; x_wconf 88' lang='lat' dir='ltr'><strong>Verba</strong></span> <span class='ocrx_word' id='word_1_166' title='bbox 459 2807 536 2889; x_wconf 88' lang='lat' dir='ltr'><strong>„qui</strong></span> <span class='ocrx_word' id='word_1_167' title='bbox 565 2804 738 2871; x_wconf 82' lang='lat' dir='ltr'><strong>Phalereus</strong></span> <span class='ocrx_word' id='word_1_168' title='bbox 759 2808 918 2872; x_wconf 83' lang='lat' dir='ltr'><strong>vocitatus</strong></span> <span class='ocrx_word' id='word_1_169' title='bbox 939 2805 1004 2872; x_wconf 88' lang='lat' dir='ltr'><strong>est&#39;&#39;</strong></span> <span class='ocrx_word' id='word_1_170' title='bbox 1034 2808 1142 2889; x_wconf 90' lang='lat' dir='ltr'><strong>spuria</strong></span> <span class='ocrx_word' id='word_1_171' title='bbox 1166 2810 1251 2870; x_wconf 89' lang='lat' dir='ltr'><strong>recte</strong></span> <span class='ocrx_word' id='word_1_172' title='bbox 1272 2803 1368 2868; x_wconf 87' lang='lat' dir='ltr'><strong>habet</strong></span> <span class='ocrx_word' id='word_1_173' title='bbox 1388 2799 1469 2867; x_wconf 85' lang='lat' dir='ltr'><strong>Hal·</strong></span> 
     </span>
    </p>

    <p class='ocr_par' dir='ltr' id='par_1_14' title="bbox 279 2907 1471 3625">
     <span class='ocr_line' id='line_1_23' title="bbox 279 2907 1467 2998; baseline -0.003 -24"><span class='ocrx_word' id='word_1_174' title='bbox 279 2909 383 2985; x_wconf 89' lang='lat' dir='ltr'><strong>mius,</strong></span> <span class='ocrx_word' id='word_1_175' title='bbox 419 2908 475 2975; x_wconf 88' lang='lat' dir='ltr'><strong>sed</strong></span> <span class='ocrx_word' id='word_1_176' title='bbox 506 2911 655 2989; x_wconf 89' lang='lat' dir='ltr'><strong>retinuit;</strong></span> <span class='ocrx_word' id='word_1_177' title='bbox 692 2914 781 2996; x_wconf 89' lang='lat' dir='ltr'><strong>atqui</strong></span> <span class='ocrx_word' id='word_1_178' title='bbox 814 2910 974 2998; x_wconf 77' lang='lat' dir='ltr'><strong>glossema</strong></span> <span class='ocrx_word' id='word_1_179' title='bbox 1006 2908 1089 2976; x_wconf 91' lang='lat' dir='ltr'><strong>illud</strong></span> <span class='ocrx_word' id='word_1_180' title='bbox 1122 2907 1315 2975; x_wconf 89' lang='lat' dir='ltr'><strong>eiiciendum</strong></span> <span class='ocrx_word' id='word_1_181' title='bbox 1343 2907 1467 2996; x_wconf 76' lang='lat' dir='ltr'><strong>tuerat3</strong></span> 
     </span>
     <span class='ocr_line' id='line_1_24' title="bbox 281 3012 1469 3101; baseline -0.004 -21"><span class='ocrx_word' id='word_1_182' title='bbox 281 3016 375 3080; x_wconf 89' lang='lat' dir='ltr'><strong>eiecit</strong></span> <span class='ocrx_word' id='word_1_183' title='bbox 404 3033 480 3078; x_wconf 83' lang='lat' dir='ltr'><strong>vero</strong></span> <span class='ocrx_word' id='word_1_184' title='bbox 505 3016 648 3093; x_wconf 70' lang='lat' dir='ltr'><strong>Athenis,</strong></span> <span class='ocrx_word' id='word_1_185' title='bbox 680 3015 763 3101; x_wconf 88' lang='lat' dir='ltr'><strong>quod</strong></span> <span class='ocrx_word' id='word_1_186' title='bbox 793 3018 874 3081; x_wconf 91' lang='lat' dir='ltr'><strong>item</strong></span> <span class='ocrx_word' id='word_1_187' title='bbox 904 3018 936 3080; x_wconf 89' lang='lat' dir='ltr'><strong>in</strong></span> <span class='ocrx_word' id='word_1_188' title='bbox 968 3015 1057 3081; x_wconf 84' lang='lat' dir='ltr'><strong>codd.</strong></span> <span class='ocrx_word' id='word_1_189' title='bbox 1081 3018 1226 3099; x_wconf 88' lang='lat' dir='ltr'><strong>apparet,</strong></span> <span class='ocrx_word' id='word_1_190' title='bbox 1249 3012 1305 3077; x_wconf 91' lang='lat' dir='ltr'><strong>sed</strong></span> <span class='ocrx_word' id='word_1_191' title='bbox 1326 3030 1390 3077; x_wconf 92' lang='lat' dir='ltr'><strong>non</strong></span> <span class='ocrx_word' id='word_1_192' title='bbox 1411 3027 1469 3075; x_wconf 88' lang='lat' dir='ltr'><strong>suo</strong></span> 
     </span>
     <span class='ocr_line' id='line_1_25' title="bbox 280 3113 1471 3205; baseline -0.003 -21"><span class='ocrx_word' id='word_1_193' title='bbox 280 3117 367 3185; x_wconf 87' lang='lat' dir='ltr'><strong>loco:</strong></span> <span class='ocrx_word' id='word_1_194' title='bbox 394 3118 556 3195; x_wconf 79' lang='lat' dir='ltr'><strong>„Athenis</strong></span> <span class='ocrx_word' id='word_1_195' title='bbox 577 3140 672 3204; x_wconf 90' lang='lat' dir='ltr'><strong>quam</strong></span> <span class='ocrx_word' id='word_1_196' title='bbox 694 3123 814 3205; x_wconf 90' lang='lat' dir='ltr'><strong>optime</strong></span> <span class='ocrx_word' id='word_1_197' title='bbox 836 3120 1013 3201; x_wconf 61' lang='lat' dir='ltr'><strong>dleesseraffl</strong></span> <span class='ocrx_word' id='word_1_198' title='bbox 1034 3119 1088 3185; x_wconf 83' lang='lat' dir='ltr'><strong>rel</strong></span> <span class='ocrx_word' id='word_1_199' title='bbox 1112 3117 1311 3200; x_wconf 70' lang='lat' dir='ltr'><strong>„epesserot”</strong></span> <span class='ocrx_word' id='word_1_200' title='bbox 1344 3113 1471 3181; x_wconf 63' lang='lat' dir='ltr'><strong>mesas</strong></span> 
     </span>
     <span class='ocr_line' id='line_1_26' title="bbox 280 3222 1468 3310; baseline -0.004 -21"><span class='ocrx_word' id='word_1_201' title='bbox 280 3242 355 3289; x_wconf 83' lang='lat' dir='ltr'><strong>vero</strong></span> <span class='ocrx_word' id='word_1_202' title='bbox 387 3222 494 3287; x_wconf 90' lang='lat' dir='ltr'><strong>abesse</strong></span> <span class='ocrx_word' id='word_1_203' title='bbox 529 3243 592 3288; x_wconf 91' lang='lat' dir='ltr'><strong>non</strong></span> <span class='ocrx_word' id='word_1_204' title='bbox 622 3229 743 3309; x_wconf 89' lang='lat' dir='ltr'><strong>potest,</strong></span> <span class='ocrx_word' id='word_1_205' title='bbox 778 3224 862 3309; x_wconf 90' lang='lat' dir='ltr'><strong>quod</strong></span> <span class='ocrx_word' id='word_1_206' title='bbox 895 3225 1037 3310; x_wconf 71' lang='lat' dir='ltr'><strong>Aeppptio</strong></span> <span class='ocrx_word' id='word_1_207' title='bbox 1067 3246 1155 3305; x_wconf 71' lang='lat' dir='ltr'><strong>regno</strong></span> <span class='ocrx_word' id='word_1_208' title='bbox 1186 3224 1301 3308; x_wconf 90' lang='lat' dir='ltr'><strong>opponi</strong></span> <span class='ocrx_word' id='word_1_209' title='bbox 1330 3222 1468 3287; x_wconf 84' lang='lat' dir='ltr'><strong>ridetur.</strong></span> 
     </span>
     <span class='ocr_line' id='line_1_27' title="bbox 279 3322 1470 3412; baseline -0.003 -19"><span class='ocrx_word' id='word_1_210' title='bbox 279 3326 424 3412; x_wconf 90' lang='lat' dir='ltr'><strong>Denique</strong></span> <span class='ocrx_word' id='word_1_211' title='bbox 455 3328 483 3392; x_wconf 87' lang='lat' dir='ltr'><strong>si</strong></span> <span class='ocrx_word' id='word_1_212' title='bbox 513 3328 575 3393; x_wconf 90' lang='lat' dir='ltr'><strong>duo</strong></span> <span class='ocrx_word' id='word_1_213' title='bbox 605 3328 659 3393; x_wconf 89' lang='lat' dir='ltr'><strong>hic</strong></span> <span class='ocrx_word' id='word_1_214' title='bbox 689 3330 791 3393; x_wconf 87' lang='lat' dir='ltr'><strong>sumis</strong></span> <span class='ocrx_word' id='word_1_215' title='bbox 821 3328 1031 3406; x_wconf 86' lang='lat' dir='ltr'><strong>emblemata,</strong></span> <span class='ocrx_word' id='word_1_216' title='bbox 1063 3325 1173 3394; x_wconf 81' lang='lat' dir='ltr'><strong>Cicero</strong></span> <span class='ocrx_word' id='word_1_217' title='bbox 1195 3325 1387 3391; x_wconf 89' lang='lat' dir='ltr'><strong>Phalereum</strong></span> <span class='ocrx_word' id='word_1_218' title='bbox 1408 3322 1470 3389; x_wconf 92' lang='lat' dir='ltr'><strong>De·</strong></span> 
     </span>
     <span class='ocr_line' id='line_1_28' title="bbox 279 3430 1471 3520; baseline -0.002 -24"><span class='ocrx_word' id='word_1_219' title='bbox 279 3434 433 3497; x_wconf 85' lang='lat' dir='ltr'><strong>metrium</strong></span> <span class='ocrx_word' id='word_1_220' title='bbox 464 3452 526 3497; x_wconf 92' lang='lat' dir='ltr'><strong>non</strong></span> <span class='ocrx_word' id='word_1_221' title='bbox 557 3435 635 3497; x_wconf 91' lang='lat' dir='ltr'><strong>satis</strong></span> <span class='ocrx_word' id='word_1_222' title='bbox 659 3432 806 3497; x_wconf 84' lang='lat' dir='ltr'><strong>distinxit</strong></span> <span class='ocrx_word' id='word_1_223' title='bbox 830 3454 849 3498; x_wconf 90' lang='lat' dir='ltr'><strong>a</strong></span> <span class='ocrx_word' id='word_1_224' title='bbox 871 3433 1063 3511; x_wconf 86' lang='lat' dir='ltr'><strong>Poliorceta;</strong></span> <span class='ocrx_word' id='word_1_225' title='bbox 1087 3453 1164 3520; x_wconf 91' lang='lat' dir='ltr'><strong>ergo</strong></span> <span class='ocrx_word' id='word_1_226' title='bbox 1187 3430 1377 3497; x_wconf 86' lang='lat' dir='ltr'><strong>alterutrum</strong></span> <span class='ocrx_word' id='word_1_227' title='bbox 1400 3435 1471 3495; x_wconf 89' lang='lat' dir='ltr'><strong>tan·</strong></span> 
     </span>
     <span class='ocr_line' id='line_1_29' title="bbox 279 3535 1207 3625; baseline -0.003 -22"><span class='ocrx_word' id='word_1_228' title='bbox 279 3542 352 3603; x_wconf 91' lang='lat' dir='ltr'><strong>tum</strong></span> <span class='ocrx_word' id='word_1_229' title='bbox 375 3535 535 3625; x_wconf 91' lang='lat' dir='ltr'><strong>glossema</strong></span> <span class='ocrx_word' id='word_1_230' title='bbox 559 3557 625 3602; x_wconf 89' lang='lat' dir='ltr'><strong>csse</strong></span> <span class='ocrx_word' id='word_1_231' title='bbox 648 3542 762 3622; x_wconf 90' lang='lat' dir='ltr'><strong>potest.</strong></span> <span class='ocrx_word' id='word_1_232' title='bbox 809 3537 863 3603; x_wconf 80' lang='lat' dir='ltr'><strong>Sic</strong></span> <span class='ocrx_word' id='word_1_233' title='bbox 886 3539 1087 3605; x_wconf 91' lang='lat' dir='ltr'><strong>scribendum</strong></span> <span class='ocrx_word' id='word_1_234' title='bbox 1111 3541 1207 3623; x_wconf 87' lang='lat' dir='ltr'><strong>puto:</strong></span> 
     </span>
    </p>

    <p class='ocr_par' dir='ltr' id='par_1_15' title="bbox 327 3640 1470 3939">
     <span class='ocr_line' id='line_1_30' title="bbox 327 3640 1469 3729; baseline -0.003 -22"><span class='ocrx_word' id='word_1_235' title='bbox 327 3690 345 3719; x_wconf 90' lang='lat'>„</span> <span class='ocrx_word' id='word_1_236' title='bbox 356 3640 576 3719; x_wconf 85' lang='lat' dir='ltr'><strong>Demetrium,</strong></span> <span class='ocrx_word' id='word_1_237' title='bbox 600 3647 633 3706; x_wconf 89' lang='lat' dir='ltr'><strong>et</strong></span> <span class='ocrx_word' id='word_1_238' title='bbox 651 3663 690 3708; x_wconf 84' lang='lat' dir='ltr'><strong>ex</strong></span> <span class='ocrx_word' id='word_1_239' title='bbox 709 3643 887 3728; x_wconf 84' lang='lat' dir='ltr'><strong>republica,</strong></span> <span class='ocrx_word' id='word_1_240' title='bbox 909 3663 1006 3729; x_wconf 87' lang='lat' dir='ltr'><strong>quam</strong></span> <span class='ocrx_word' id='word_1_241' title='bbox 1026 3644 1146 3728; x_wconf 88' lang='lat' dir='ltr'><strong>optime</strong></span> <span class='ocrx_word' id='word_1_242' title='bbox 1164 3641 1300 3707; x_wconf 87' lang='lat' dir='ltr'><strong>Athenis</strong></span> <span class='ocrx_word' id='word_1_243' title='bbox 1310 3644 1469 3728; x_wconf 86' lang='lat' dir='ltr'><strong>gesserat,</strong></span> 
     </span>
     <span class='ocr_line' id='line_1_31' title="bbox 370 3745 1470 3833; baseline -0.003 -21"><span class='ocrx_word' id='word_1_244' title='bbox 370 3752 464 3812; x_wconf 85' lang='lat' dir='ltr'><strong>etex</strong></span> <span class='ocrx_word' id='word_1_245' title='bbox 487 3747 630 3812; x_wconf 87' lang='lat' dir='ltr'><strong>doctrina</strong></span> <span class='ocrx_word' id='word_1_246' title='bbox 653 3746 794 3813; x_wconf 90' lang='lat' dir='ltr'><strong>nobilem</strong></span> <span class='ocrx_word' id='word_1_247' title='bbox 817 3753 850 3813; x_wconf 88' lang='lat' dir='ltr'><strong>et</strong></span> <span class='ocrx_word' id='word_1_248' title='bbox 873 3747 1013 3825; x_wconf 86' lang='lat' dir='ltr'><strong>clarum,</strong></span> <span class='ocrx_word' id='word_1_249' title='bbox 1037 3749 1072 3811; x_wconf 90' lang='lat' dir='ltr'><strong>in</strong></span> <span class='ocrx_word' id='word_1_250' title='bbox 1094 3747 1205 3812; x_wconf 92' lang='lat' dir='ltr'><strong>eodem</strong></span> <span class='ocrx_word' id='word_1_251' title='bbox 1227 3745 1285 3812; x_wconf 91' lang='lat' dir='ltr'><strong>illo</strong></span> <span class='ocrx_word' id='word_1_252' title='bbox 1307 3747 1470 3833; x_wconf 86' lang='lat' dir='ltr'><strong>Aegyptio</strong></span> 
     </span>
     <span class='ocr_line' id='line_1_32' title="bbox 373 3849 653 3939; baseline 0 -23"><span class='ocrx_word' id='word_1_253' title='bbox 373 3849 488 3939; x_wconf 89' lang='lat' dir='ltr'><strong>regno”</strong></span> <span class='ocrx_word' id='word_1_254' title='bbox 512 3888 554 3899; x_wconf 92' lang='lat'><em>-</em></span> <span class='ocrx_word' id='word_1_255' title='bbox 579 3856 653 3916; x_wconf 90' lang='lat' dir='ltr'><strong>cett.</strong></span> 
     </span>
    </p>
   </div>
   <div class='ocr_carea' id='block_1_8' title="bbox 325 4047 1471 4148">
    <p class='ocr_par' dir='ltr' id='par_1_16' title="bbox 325 4047 1471 4148">
     <span class='ocr_line' id='line_1_33' title="bbox 325 4047 1471 4148; baseline 0 -20"><span class='ocrx_word' id='word_1_256' title='bbox 325 4058 448 4148; x_wconf 82' lang='lat' dir='ltr'><strong>Capitis</strong></span> <span class='ocrx_word' id='word_1_257' title='bbox 478 4061 511 4126; x_wconf 90' lang='lat' dir='ltr'>X</span> <span class='ocrx_word' id='word_1_258' title='bbox 542 4047 741 4141; x_wconf 53' lang='lat' dir='ltr'><strong>initiosubi</strong></span> <span class='ocrx_word' id='word_1_259' title='bbox 770 4070 915 4131; x_wconf 83' lang='lat' dir='ltr'><strong>versatur</strong></span> <span class='ocrx_word' id='word_1_260' title='bbox 945 4067 1050 4129; x_wconf 92' lang='lat' dir='ltr'><strong>orator</strong></span> <span class='ocrx_word' id='word_1_261' title='bbox 1075 4065 1110 4128; x_wconf 91' lang='lat' dir='ltr'><strong>in</strong></span> <span class='ocrx_word' id='word_1_262' title='bbox 1131 4083 1185 4140; x_wconf 89' lang='lat' dir='ltr'><strong>eo,</strong></span> <span class='ocrx_word' id='word_1_263' title='bbox 1209 4061 1294 4148; x_wconf 92' lang='lat' dir='ltr'><strong>quod</strong></span> <span class='ocrx_word' id='word_1_264' title='bbox 1315 4060 1471 4128; x_wconf 88' lang='lat' dir='ltr'><strong>Postumo</strong></span> 
     </span>
    </p>
   </div>
   <div class='ocr_carea' id='block_1_9' title="bbox 1474 204 1551 303">
    <p class='ocr_par' dir='ltr' id='par_1_17' title="bbox 1474 204 1551 303">
     <span class='ocr_line' id='line_1_34' title="bbox 1474 204 1551 303; baseline 0 -30"><span class='ocrx_word' id='word_1_265' title='bbox 1474 204 1551 303; x_wconf 46' lang='grc' dir='ltr'><em>Α</em></span> 
     </span>
    </p>
   </div>
   <div class='ocr_carea' id='block_1_10' title="bbox 280 4166 1483 4254">
    <p class='ocr_par' dir='ltr' id='par_1_18' title="bbox 280 4166 1483 4254">
     <span class='ocr_line' id='line_1_35' title="bbox 280 4166 1483 4254; baseline 0 -21"><span class='ocrx_word' id='word_1_266' title='bbox 280 4167 505 4233; x_wconf 89' lang='lat' dir='ltr'><strong>obiiciebatur:</strong></span> <span class='ocrx_word' id='word_1_267' title='bbox 544 4169 732 4251; x_wconf 81' lang='lat' dir='ltr'><strong>„pallielcm</strong></span> <span class='ocrx_word' id='word_1_268' title='bbox 763 4170 878 4248; x_wconf 83' lang='lat' dir='ltr'><strong>fuisse,</strong></span> <span class='ocrx_word' id='word_1_269' title='bbox 914 4169 1022 4254; x_wconf 87' lang='lat' dir='ltr'><strong>aliqua</strong></span> <span class='ocrx_word' id='word_1_270' title='bbox 1055 4168 1203 4235; x_wconf 86' lang='lat' dir='ltr'><strong>habuisse</strong></span> <span class='ocrx_word' id='word_1_271' title='bbox 1236 4190 1299 4235; x_wconf 93' lang='lat' dir='ltr'><strong>non</strong></span> <span class='ocrx_word' id='word_1_272' title='bbox 1332 4166 1483 4251; x_wconf 74' lang='lat' dir='ltr'><strong>Rommi</strong></span> 
     </span>
    </p>
   </div>
   <div class='ocr_carea' id='block_1_11' title="bbox 279 4272 1474 4465">
    <p class='ocr_par' dir='ltr' id='par_1_19' title="bbox 279 4272 1474 4465">
     <span class='ocr_line' id='line_1_36' title="bbox 279 4272 1158 4361; baseline 0 -25"><span class='ocrx_word' id='word_1_273' title='bbox 279 4272 420 4337; x_wconf 89' lang='lat' dir='ltr'><strong>hominis</strong></span> <span class='ocrx_word' id='word_1_274' title='bbox 441 4273 607 4360; x_wconf 89' lang='lat' dir='ltr'><strong>insignie&#39;&#39;,</strong></span> <span class='ocrx_word' id='word_1_275' title='bbox 631 4276 677 4339; x_wconf 89' lang='lat' dir='ltr'><strong>sic</strong></span> <span class='ocrx_word' id='word_1_276' title='bbox 699 4273 840 4361; x_wconf 73' lang='lat' dir='ltr'><strong>legimus</strong></span> <span class='ocrx_word' id='word_1_277' title='bbox 864 4275 949 4360; x_wconf 88' lang='lat' dir='ltr'><strong>apud</strong></span> <span class='ocrx_word' id='word_1_278' title='bbox 971 4272 1158 4338; x_wconf 89' lang='lat' dir='ltr'><strong>Halmium:</strong></span> 
     </span>
     <span class='ocr_line' id='line_1_37' title="bbox 327 4373 1474 4465; baseline 0.003 -26"><span class='ocrx_word' id='word_1_279' title='bbox 327 4373 543 4451; x_wconf 87' lang='lat' dir='ltr'><strong>„Deliciarum</strong></span> <span class='ocrx_word' id='word_1_280' title='bbox 578 4397 672 4444; x_wconf 89' lang='lat' dir='ltr'><strong>causa</strong></span> <span class='ocrx_word' id='word_1_281' title='bbox 703 4384 735 4443; x_wconf 90' lang='lat' dir='ltr'><strong>et</strong></span> <span class='ocrx_word' id='word_1_282' title='bbox 765 4379 942 4465; x_wconf 83' lang='lat' dir='ltr'><strong>voluptatis</strong></span> <span class='ocrx_word' id='word_1_283' title='bbox 971 4400 1030 4443; x_wconf 79' lang='lat' dir='ltr'><strong>con</strong></span> <span class='ocrx_word' id='word_1_284' title='bbox 1060 4379 1143 4442; x_wconf 79' lang='lat' dir='ltr'><strong>mode</strong></span> <span class='ocrx_word' id='word_1_285' title='bbox 1173 4379 1388 4457; x_wconf 75' lang='lat' dir='ltr'><strong>adolescentes,</strong></span> <span class='ocrx_word' id='word_1_286' title='bbox 1417 4379 1474 4443; x_wconf 82' lang='lat' dir='ltr'><strong>sed</strong></span> 
     </span>
    </p>
   </div>
   <div class='ocr_carea' id='block_1_12' title="bbox 0 0 1644 5006">
    <p class='ocr_par' dir='ltr' id='par_1_20' title="bbox 0 0 1644 5006">
     <span class='ocr_line' id='line_1_38' title="bbox 0 0 1644 5006; baseline 0 0"><span class='ocrx_word' id='word_1_287' title='bbox 0 0 1644 5006; x_wconf 95' lang='lat' dir='ltr'><strong> </strong></span> 
     </span>
    </p>
   </div>
  </div>
 </body>
</html>
