3330 5012
691 373 721 418 ur
745 371 942 420 erumnosus.
1341 353 1404 415 517

219 542 318 627 ὥσπερ
342 543 418 610 ὑπὸ
440 544 494 611 roi
516 541 603 608 κασοὺ
625 542 668 608 τοὶ
686 539 778 623 ςέρνκ
801 546 857 616 σοῖο
879 536 964 623 adpre
987 534 1090 621 ἱμέρου
1115 533 1407 621 καπεννοιζοροένονς.

220 648 337 718 itidem
370 649 484 716 vitiose
506 646 628 714 editum
657 667 688 734 p.
709 650 786 713 524.
813 649 854 711 16
877 643 947 723 libe
970 645 1034 726 γὺρ
1057 643 1072 711 ὑ
1096 643 1166 726 epau
1186 647 1331 727 φωρῖισαι
1353 642 1407 709 πὺν

220 755 296 822 ὑπὸ
318 760 378 821 τῶν
397 752 469 820 ἴσων
497 752 600 819 παθῶν
631 749 865 834 κεκρατημένον.
909 748 991 833 Quia
1014 750 1094 830 salis
1117 757 1229 816 nolum
1253 757 1304 817 est
1327 748 1407 815 isias

219 860 474 948 praepositiones
504 857 618 924 crohro
649 854 822 935 conlundi,
854 874 916 921 non
949 853 1069 920 multos
1099 853 1186 921 locos
1209 851 1342 921 aderam
1369 861 1406 921 ot

218 963 349 1052 probem
370 982 435 1049 qna
453 960 492 1028 de
511 981 551 1028 re·
563 980 657 1028 nemo
669 959 815 1039 dubitat,
840 958 895 1026 sed
909 960 989 1027 salis
1011 959 1075 1026 erit
1097 978 1199 1035 unum
1223 979 1262 1029 ex
1285 959 1405 1026 Aristo-

220 1066 324 1157 phaue
346 1068 461 1134 vitium
485 1068 637 1134 eximere.
674 1065 848 1132 annotavit
871 1062 1076 1152 Phrynichus
1092 1064 1126 1129 in
1148 1063 1282 1133 Behlseri
1304 1065 1405 1131 hoec·

218 1173 304 1240 dotis
327 1193 358 1260 p.
383 1177 439 1239 67.
471 1176 530 1238 32:
564 1172 751 1254 ὑποφωνεῖν,
783 1170 831 1235 sio
863 1169 948 1236 enim
973 1167 1178 1236 scribendum
1203 1178 1252 1237 est
1272 1178 1405 1237 auctore

217 1276 334 1345 Cobeto
356 1278 389 1344 in
415 1276 514 1343 variis
533 1273 738 1343 Lectionibus
760 1294 791 1360 p.
816 1278 900 1352 tau,
926 1275 1111 1357 ὑποφωνεῖν·
1142 1274 1177 1342 ri
1200 1274 1411 1359 ὑγορνὺζονσὺο

218 1406 296 1458 σινοο
318 1381 392 1463 ὄψον
412 1379 511 1464 ἕτερον
532 1391 572 1465 rh
595 1390 671 1464 σιμῇ
696 1379 937 1461 ὑπερβάλλοντα
968 1381 1115 1446 ὠνεῖσθαι.
1161 1380 1197 1446 ln
1223 1380 1319 1447 unico
1346 1380 1403 1447 Gu-

216 1487 289 1556 dice
312 1497 362 1555 est
394 1488 564 1569 droddrnr,
596 1484 652 1553 sed
686 1485 886 1567 ὑπεροψωνεῖν
916 1484 1050 1551 Beltlteri
1073 1493 1123 1552 est
1146 1484 1401 1579 παραὺέορὺωσις,

215 1612 292 1660 nam
317 1591 522 1681 Phrynichus
545 1591 677 1678 respicit
700 1588 925 1677 Aristophanis
947 1607 985 1655 ex
1011 1587 1273 1656 hcharnensibuc
1295 1589 1401 1661 locutu

217 1716 249 1765 1.
273 1701 338 1764 842
363 1698 422 1764 οὐδ’
444 1695 541 1771 ἄλλος
565 1697 723 1778 ἀνθρώπων
742 1696 905 1777 ὑποψωνῶν
928 1718 963 1759 σε
980 1700 1122 1774 πημανεῖ
1136 1718 1177 1760 σι.
1224 1692 1402 1763 Scholiasta

216 1801 295 1869 illud
319 1805 482 1884 ὑποψωνῶν
503 1799 589 1868 haud
607 1800 689 1867 male
709 1800 955 1886 interpretatur:
979 1799 1030 1864 ἐπ’
1044 1798 1162 1884 idacio
1178 1805 1354 1881 κακουργῶν
1369 1808 1410 1891 οἱ,

214 1907 383 1990 προστιθεὶς
404 1917 443 1992 τῇ
466 1905 594 1992 ὑψωνέρ·
617 1906 674 1972 εἰσὶ
698 1903 966 1987 sacrosantae
989 1907 1103 1987 μικροῖς
1125 1905 1293 1988 spoliem
1317 1903 1403 1973 drod-

212 2036 308 2092 μενον.
343 2012 462 2080 Eodem
485 2010 581 2078 modo
602 2008 687 2097 apud
711 2008 968 2097 Theophrastum
989 2016 1166 2096 usurpatur
1185 2010 1402 2092 ὑπιπρὺασὺαι.
1443 2006 1446 2011 ’

212 2120 398 2186 ’Τπωνεῖπαι
420 2117 477 2205 qui
500 2118 533 2182 in
557 2114 626 2183 loro
648 2122 803 2183 emtorem
832 2111 956 2182 deludit
979 2113 1122 2181 hiantem
1145 2124 1186 2200 σῇ
1208 2125 1285 2201 σιμῇ
1309 2116 1399 2197 ὑπερ·

211 2223 330 2302 βαλών.
377 2220 542 2289 Nostrates
572 2227 712 2287 utuntur
738 2219 839 2287 simili
868 2219 1046 2306 composito
1082 2217 1180 2287 rerho
1208 2219 1247 2288 de
1281 2221 1398 2308 coqui

211 2325 345 2393 eandem
369 2324 516 2394 fraudem
537 2326 570 2391 in
587 2323 815 2392 conductorem
836 2320 966 2391 adhibet
978 2331 1011 2391 et
1030 2322 1261 2412 Aristophanes
1282 2322 1395 2392 eodem

210 2428 306 2496 modo
329 2450 408 2497 usus
429 2439 479 2498 cst
502 2430 598 2497 verbo
620 2431 738 2497 ὑποὺεῑν
761 2429 793 2496 in
815 2426 999 2516 Equitihus.
1036 2427 1164 2515 Inspice
1191 2429 1254 2495 iam
1273 2428 1395 2495 hristu-

208 2532 325 2621 phanis
357 2534 483 2615 Ranas,
520 2555 568 2603 vs.
603 2538 699 2600 tali.
748 2533 920 2620 Postquam
954 2531 1130 2621 Aeschylus
1165 2536 1295 2620 saepius
1325 2533 1391 2601 iam

152 2628 158 2647 '
208 2640 351 2707 occinuit
380 2659 476 2706 suum
504 2639 643 2714 λκκὺὑιον
669 2637 847 2713 ὑπὺλεσεν,
872 2637 1015 2703 Bacchus
1038 2635 1077 2701 ad
1103 2624 1290 2722 Euripidem
1314 2657 1391 2707 oon·

207 2763 320 2811 versus
342 2742 364 2811 d
388 2742 545 2824 δαιμόνιε,
571 2743 694 2831 iuquit,

411 2847 736 2930 acernaacerna,
760 2848 910 2929 οὶποπρέ
918 2874 939 2913 ω
965 2848 1020 2937 οἷον
1044 2848 1187 2925 λήκυθον,

409 2954 458 3021 ἵνα
482 2958 525 3034 μὴ
550 2954 710 3035 decoratore
732 2956 802 3026 robe
825 2952 992 3034 προλόγους
1016 2955 1110 3031 ἡμῶν.

207 3058 325 3125 Nullibi
345 3068 449 3128 exstat
468 3060 677 3141 scorpiacus
697 3067 729 3124 el
750 3066 914 3144 praestare
931 3058 1082 3124 existimo
1102 3059 1274 3141 ὑποπρὺω.
1304 3058 1393 3142 Quae

206 3173 388 3250 sequuntur
412 3166 458 3230 sic
482 3164 724 3231 constituerim:
1055 3178 1058 3183 ·

928 3271 989 3335 Εὖ.
1012 3270 1047 3336 rb
1070 3272 1121 3347 εἰς

410 3377 472 3455 ἐγὼ
495 3377 648 3457 πρίωμωις
674 3386 732 3440 Δι.
759 3377 793 3450 νὴ
817 3374 868 3440 Δί’
890 3374 945 3440 tau
968 3375 1041 3460 πέὺρ
1064 3379 1098 3457 γ’
1122 3376 1200 3456 duci.

250 3477 362 3546 Nullae
386 3480 639 3567 praepositiones
656 3480 688 3545 in
714 3477 875 3545 heliodori
897 3478 1070 3546 codicibus
1090 3479 1172 3567 milu‘
1191 3479 1393 3570 frequentius

145 3625 157 3642 ·
205 3583 357 3652 conlusae
380 3604 450 3652 esse
467 3585 620 3652 videntur
632 3605 728 3671 quam
747 3587 789 3657 εἰς
805 3592 837 3651 et
850 3584 939 3666 πρός·
964 3583 1035 3651 lieri
1047 3593 1154 3652 tamen
1168 3592 1273 3673 potest
1285 3595 1323 3654 ut
1338 3586 1393 3656 hic

205 3688 272 3756 illic
293 3690 407 3756 citium
422 3690 523 3777 ipsius
542 3691 711 3776 scriptoris
730 3691 787 3765 sit,
812 3709 874 3756 non
889 3687 1106 3756 librariorum.
1139 3689 1192 3757 Sic
1207 3699 1319 3759 notum
1342 3701 1394 3761 est

205 3792 331 3860 lorense
353 3793 486 3860 verbum
511 3794 809 3875 εἰσαγγέλλειν.
859 3792 920 3860 Sed
941 3815 1051 3860 comen
1079 3794 1204 3883 deferre
1227 3820 1394 3880 προσαγ·

205 3897 376 3977 γέλλειν
399 3909 448 3966 est
472 3920 501 3986 p.
524 3903 601 3966 235.
626 3904 669 3965 29
693 3908 725 3966 et
749 3904 825 3965 aas.
851 3904 902 3964 153.
953 3898 1093 3965 Facilius
1114 3897 1180 3967 lero
1203 3921 1234 3988 p.
1249 3904 1326 3970 236.
1348 3907 1391 3971 at

205 4005 286 4081 αὐσέι
308 4006 366 4084 μέν
386 4029 431 4071 σοι
448 4013 681 4088 προσαγγεῖλαι
700 4006 901 4081 sardicences,
926 4004 1000 4090 quia
1020 4003 1212 4091 simpliciter
1235 4008 1392 4076 nunciare

205 4109 385 4195 significat,
410 4111 457 4177 uti
480 4119 513 4177 et
537 4133 568 4199 p.
591 4115 666 4178 282.
692 4115 749 4184 47;
773 4107 828 4175 sed
851 4129 914 4173 non
934 4107 1013 4174 mihi
1035 4109 1210 4195 persuadeo
1229 4109 1390 4183 sinceram

205 4233 275 4281 esse
299 4213 468 4311 lectionem
494 4236 523 4303 p.
543 4222 619 4285 515.
646 4221 664 4280 7
689 4215 758 4281 riva
782 4216 863 4293 ὑμῶν
887 4213 1028 4292 induero
1050 4216 1112 4295 arrh
1135 4218 1390 4298 προσαγγέλ·

206 4334 302 4388 λεια.
350 4321 387 4386 ln
412 4320 485 4386 aula
509 4324 597 4407 regia
619 4320 828 4399 εἷσαγγελεὺς
847 4325 896 4384 est
920 4318 976 4405 qui
996 4317 1212 4398 εἰσαγγέλλει.
1259 4323 1393 4393 Praeter

206 4424 372 4511 scriptoris
385 4433 524 4491 tnenletn
542 4430 658 4512 pass.
675 4428 715 4491 18
728 4426 871 4491 invenio:
898 4425 912 4488 ε’
920 4426 1090 4506 raudera
1108 4426 1198 4507 πρὸς
1216 4427 1392 4508 chordam,
