3276 5006
283 339 325 405 68
708 357 751 402 m
775 354 1041 404 rnnorxxasruu.

160 593 163 598 .
282 548 339 596 sno
362 527 587 614 supponebant.
628 524 810 592 Sexcenties
836 530 881 592 sio
904 533 1045 592 erratum
1073 526 1198 591 ridebis
1229 532 1262 590 st
1286 526 1371 611 apud
1393 524 1473 594 alios

283 639 316 699 et
337 634 372 698 in
392 631 485 698 libris
505 630 649 696 Platonis
672 633 710 695 de
730 631 866 712 Lepidae.
910 629 1020 716 ltaque
1045 630 1085 696 ad
1109 629 1282 713 ὠφληκόσιν
1304 636 1474 696 annotatur

284 760 350 806 esse
382 738 471 811 idem
504 736 588 822 qnod
623 737 801 813 ἡττημένοις
833 743 865 802 et
898 735 1058 825 glossema
1089 736 1128 802 de
1160 755 1251 801 more
1283 738 1410 822 irrepsit
1438 739 1473 802 in

283 851 420 911 textum.
454 842 504 909 Ne
526 846 572 907 sio
594 842 724 928 quidem
748 842 922 922 ὠφληκόσιν
944 843 1101 908 intantum
1129 842 1232 907 evasit
1260 841 1372 907 sedin
1394 843 1472 924 ὧφο·

282 951 407 1026 λνοιοοιν
430 948 528 1015 stulte
551 954 736 1035 oorruptum
758 955 815 1014 est.
1048 930 1055 949 i
1337 940 1346 949 ’

330 1163 412 1230 Ibid.
437 1162 489 1226 κοοὶ
514 1161 637 1238 τὰμὲν
661 1159 749 1226 ἄλλοι
773 1162 935 1238 ὁμολογεῖν
962 1161 1060 1234 ἀληθῆ
1090 1160 1183 1238 ὑπὲρ
1208 1161 1302 1224 adreio
1326 1158 1474 1236 λέγεοδιιι

287 1269 344 1336 ὑπὸ
368 1274 426 1332 τῶν
450 1267 624 1346 ἀνθρώπων·
650 1265 715 1331 ἔνιοι
739 1266 769 1330 δὲ
797 1268 932 1345 ἀγνοεῖν.
965 1272 1066 1348 φῆτοοι
1090 1265 1153 1345 γὰρ
1176 1265 1269 1329 τοῦτὸν
1292 1265 1392 1344 εὐφυῆ
1421 1264 1473 1328 ml

284 1375 461 1458 φιλέταιρον
496 1373 548 1437 κοοὶ
585 1362 755 1459 ἐπιδέξιον]
815 1371 1026 1438 Scribendum
1067 1373 1210 1457 primum
1244 1370 1343 1445 ἀληθῆ
1377 1377 1474 1435 ΠΕΡΙ

285 1483 381 1548 αὑτοῦ
412 1477 579 1557 adportat:
611 1476 733 1562 reliqua
764 1478 921 1562 opprobrio
950 1477 989 1543 de
1018 1497 1054 1543 eo
1086 1499 1158 1541 uero
1185 1498 1246 1540 οεοο
1274 1475 1409 1553 fatetur,
1440 1476 1476 1539 in

285 1607 347 1674 qua
380 1606 414 1650 re
444 1583 517 1660 ὑτέο
548 1586 624 1669 poni
653 1602 716 1648 non
747 1589 860 1669 potest.
908 1582 992 1648 'l'um
1018 1586 1165 1648 revooata
1193 1582 1333 1669 flugitiva
1361 1578 1476 1646 voonla

285 1690 536 1759 emendandum:
567 1696 669 1767 φῆοιιι
692 1688 757 1768 γὰρ
775 1685 852 1753 ”AN
883 1688 977 1753 αὐτὸν
1004 1689 1105 1770 εὐφυῆ
1130 1688 1194 1752 xri.
1237 1685 1339 1752 Plana
1367 1689 1413 1751 sio
1443 1690 1476 1751 et

286 1800 451 1886 perspicua
479 1795 542 1861 looi
565 1797 721 1859 sententia
740 1784 815 1859 est:
849 1817 945 1870 „nora
970 1794 999 1858 εἰ
1029 1814 1104 1859 eum
1125 1794 1249 1876 potitor
1277 1791 1476 1873 ooqsooiaaeat

285 1910 314 1968 et
336 1905 411 1966 bono
433 1900 534 1964 indole
555 1898 729 1983 praeditum
751 1906 779 1963 et
794 1900 918 1982 fidelem
940 1899 1092 1964 eodobidaa
1118 1899 1242 1962 ονοιινννι
1264 1904 1293 1962 et
1313 1897 1419 1962 εοὶιιινοο
1440 1919 1476 1961 uo

286 2008 416 2093 ἱερὶᾱιινι
444 2005 587 2069 dominere
610 2027 670 2069 οεοο
699 2005 832 2069 dicturoa
852 2003 986 2090 faiaae''.
1022 2002 1203 2069 Sexcenties
1229 2008 1301 2088 post
1328 2002 1392 2082 γάρ
1422 2021 1476 2071 vo-

287 2111 393 2178 onlam
416 2108 456 2173 riv
479 2109 631 2175 excidisse
652 2109 786 2176 videbis.

331 2321 413 2387 Ibid.
437 2322 488 2385 aad
510 2319 753 2400 προσκαθήμενος
786 2319 818 2384 δὲ
842 2321 940 2385 εἰπεῖν
968 2319 1060 2390 δεινὸς
1090 2322 1128 2391 ὡς
1162 2320 1194 2384 οὐ
1223 2318 1271 2383 δεῖ
1299 2318 1351 2384 τὸν
1382 2318 1479 2398 ἄνδρα

286 2428 374 2494 οὶλλοὶ
399 2427 433 2493 τὸ
465 2430 603 2506 aprima
635 2425 809 2512 κρίνεσθαι]
847 2424 1027 2490 Emendant
1056 2425 1110 2489 κοοὶ
1143 2425 1214 2503 πρὸς
1244 2433 1360 2489 TOTC
1386 2427 1477 2499 xoiu-

285 2534 428 2613 plvorc
453 2532 483 2597 δὲ
507 2534 603 2597 εἰπεῖν
629 2530 743 2607 δεινός,
775 2532 871 2616 idque
895 2533 985 2596 aiunt
1008 2551 1074 2596 esse
1099 2532 1209 2615 „oprrd
1229 2530 1370 2596 iudica&
1414 2528 1480 2597 Sed

284 2640 478 2728 quemqnam
507 2639 633 2723 proprie
660 2638 781 2703 iudices
808 2639 909 2702 redere
936 2636 1086 2702 dicuntur
1114 2644 1146 2703 et
1171 2639 1338 2712 κοθῆτθοοι.
1374 2643 1412 2703 ut
1441 2639 1477 2703 in

283 2750 352 2813 iooo
374 2744 608 2830 Aristophanis:

533 2850 600 2914 ἐπεὶ
624 2847 756 2920 liudrico
779 2848 840 2929 οὐχ
864 2848 916 2927 ὁρῶ
940 2846 1142 2925 καθημένους,

282 2966 391 3025 tamen
412 2976 506 3021 nemo
528 2975 684 3039 umquam
713 2953 783 3025 τοὺς
808 2954 992 3031 καθημένους
1025 2955 1108 3021 dixit
1137 2976 1194 3041 pro
1224 2956 1294 3026 τοὺς
1321 2956 1475 3034 ernardo.

283 3086 384 3149 neque
414 3063 527 3127 Latine
555 3061 608 3145 qui
637 3061 738 3124 redeat
770 3080 826 3144 pro
861 3060 913 3145 qai
942 3059 976 3122 ιἰι
998 3061 1121 3124 romilio
1152 3061 1263 3125 οοιίοοιλ
1309 3060 1478 3127 Praeterea

283 3173 355 3255 quis
376 3167 504 3232 tandem
522 3167 619 3231 verba
639 3166 717 3231 faoit
735 3166 775 3230 ad
794 3165 916 3230 iudices
934 3171 1058 3249 praeter
1081 3172 1296 3234 aoousatorem
1315 3163 1478 3257 atreum?

283 3272 474 3340 Removebit
507 3293 635 3338 omnem
669 3270 850 3334 molestiam
886 3269 995 3334 addita
1028 3275 1219 3357 praepositio
1253 3272 1324 3352 τοδε
1361 3281 1477 3338 TOTc

284 3379 559 3455 ΕΤΓνοοθοιμένοοι.
603 3375 801 3452 Φιλοτόννοοι
832 3380 937 3439 noster
966 3378 1088 3461 etipse
1112 3379 1146 3441 in
1168 3377 1313 3443 iudicum
1344 3398 1478 3454 numero

282 3492 330 3553 est
353 3490 386 3551 et
409 3485 448 3549 ad
471 3505 523 3550 eos
553 3485 608 3568 qui
630 3501 695 3546 una
715 3483 749 3543 in
775 3480 906 3545 oonsilio
935 3482 1044 3547 sedent
1067 3482 1158 3554 δεινὸς
1190 3485 1285 3548 εἰπεῖν
1308 3485 1346 3555 de
1376 3484 1409 3549 οὐ
1431 3483 1482 3549 δεῖ

282 3596 333 3659 τὸν
356 3590 451 3671 ἄνδρα
475 3592 564 3654 οὶλλοὶ
587 3589 621 3653 τὸ
646 3589 783 3666 aprima
808 3588 968 3665 κρίνεσθαι.

328 3803 409 3869 Ibid.
434 3801 495 3881 οὐχ
519 3797 627 3876 ἕξομεν
649 3797 718 3869 τοὺς
743 3800 815 3879 ὑπὲρ
838 3805 896 3864 τῶν
920 3806 1019 3865 νοννῶν
1043 3802 1410 3881 τννοοχθεΟΘΗσομένονς
1437 3800 1477 3868 ἂν

281 3911 352 3982 τοὺς
375 3905 527 3975 τοιούτους
551 3903 736 3988 προώμεθα]
773 3904 876 3969 Nemo
893 3907 1075 3970 Atticorum
1098 3927 1254 3991 umquam
1274 3908 1358 3973 dixit
1381 3907 1476 3988 οἰχθε-

282 4016 432 4089 aaronem
463 4016 519 4076 aut
555 4009 861 4091 τννοιχθεεθήτοιοοοι.
892 4010 946 4076 sed
980 4032 1090 4077 omnes
1124 4018 1302 4079 constanter
1333 4015 1478 4080 breuiore

282 4124 385 4188 forma
407 4116 584 4197 οὶχθέτομοιι
616 4121 648 4180 et
674 4116 904 4196 τννοιχθέτομοιι
935 4117 1115 4182 utebantur.
1151 4117 1200 4183 Ne
1228 4121 1387 4204 sequiores
1420 4117 1478 4186 So

280 4228 404 4312 phistae
420 4222 550 4308 quidem
572 4229 629 4287 aut
649 4222 821 4299 Rhetores,
846 4226 902 4307 qui
922 4224 1053 4295 οὶττινῶς
1074 4225 1273 4309 scriptitant,
1297 4224 1479 4312 longiorem

279 4331 416 4397 formam
441 4329 649 4413 usurpabant,
675 4330 729 4393 sed
752 4329 875 4394 librarii
899 4327 1049 4393 Graeculi
1071 4349 1128 4413 pro
1154 4329 1331 4410 οὶχθὲοομοοι
1356 4332 1479 4415 passim

280 4435 480 4502 substituunt
510 4441 567 4500 aut
597 4435 778 4516 ιὶχθιὶοοιοοιι
803 4440 859 4500 aut
889 4433 1140 4513 ἄχθετθοὶτομοιι,
1173 4438 1265 4502 ouius
1293 4437 1340 4501 rei
1369 4435 1478 4504 multa
