3244 5012
297 307 365 374 356
813 290 984 375 sommas.

296 497 451 563 librorum
475 501 621 561 vetemm
645 502 707 568 τοῖς
731 495 886 568 Ἀττικοῖς
909 495 1095 576 γροίριμασιν
1118 504 1319 565 exaratorum
1342 499 1485 566 lectioni·
1576 538 1577 551 2

297 602 358 666 bus
378 620 487 667 veram
512 600 648 666 formam
672 620 855 686 recuperare
879 601 1008 667 tandem
1031 608 1188 688 poterunt.

340 706 504 772 Proferam
535 706 638 792 igitur
667 727 750 770 nunc
779 704 864 771 locos
894 705 1028 772 Homeri
1057 709 1114 773 ubi
1153 718 1209 774 OT
1235 714 1267 775 et
1291 718 1327 775 Ω
1351 713 1440 778 inter
1459 732 1489 777 se

295 811 424 877 confusa
445 811 584 876 filerunt.
609 811 726 876 Editur
749 810 840 876 Iliad.
865 822 904 875 Π.
931 809 1006 876 363.

429 917 519 981 ἄλλα
542 915 594 980 καί
618 912 657 989 ὦς
682 914 849 994 νίνίριιρινε,
872 914 952 981 σοίΩ
977 915 1004 981 δ’
1027 916 1143 998 ἐρίηρας
1168 919 1325 1002 ἑταίρους.

295 1027 327 1086 ot
351 1029 387 1087 Φ.
412 1019 491 1087 238.

430 1126 500 1201 τοὺς
525 1127 551 1191 δ’
575 1125 719 1205 ἔκβαλλε
743 1123 850 1207 θύραζε
865 1124 1010 1204 -ζωοὺς
1030 1124 1061 1191 δὲ
1084 1125 1176 1193 crist.

294 1232 405 1299 eadem
428 1233 531 1298 forma
549 1238 598 1297 est
621 1232 806 1316 imperativi
830 1228 944 1316 Odyss.
969 1254 994 1294 ν.
1022 1229 1100 1296 230.

195 1378 200 1381 -
424 1336 514 1402 ἄλλα
536 1334 617 1415 crta
640 1336 697 1414 μὲν
720 1340 847 1413 ταῦτα,
873 1335 953 1400 σοίΩ
978 1335 1004 1399 δ’
1030 1336 1104 1415 ἐμέ.

295 1449 326 1506 et
349 1466 374 1522 ρ.
400 1441 476 1508 595.

430 1549 523 1615 αὑτὸν
546 1547 604 1626 μέν
627 1572 662 1613 σε
686 1554 793 1629 πρῶτα
815 1545 895 1613 crist
921 1546 972 1611 καὶ
994 1545 1110 1627 Φροίζεο
1133 1548 1216 1631 ίνριῷ

427 1655 472 1731 μή
496 1677 527 1719 τι
550 1654 668 1735 aritae.

339 1757 427 1825 Haec
458 1764 506 1825 est
535 1758 670 1846 vulgata
701 1762 733 1825 et
762 1759 903 1842 antiquis
925 1758 1061 1823 testibus
1084 1757 1228 1825 stabilita
1247 1759 1354 1825 lectio.
1380 1759 1483 1846 Hesy-

294 1862 402 1928 chius:
429 1873 538 1929 cast:
562 1862 658 1945 σῶζε,
683 1867 786 1928 σῶσον.
823 1861 1011 1948 Apollonius
1033 1863 1106 1927 hcc.
1128 1863 1215 1928 Ηοιιν.
1243 1873 1353 1931 can.

428 1968 517 2034 ἑλλοὶ
541 1966 606 2033 σοίιι
631 1968 688 2045 μὲν
708 1971 834 2046 ταῦτα,
859 1966 924 2032 σσίισ
950 1967 976 2031 δ’
1000 1965 1077 2044 ἐμὲ.

338 2073 407 2138 olor>
431 2079 484 2139 τοῦ
508 2071 595 2154 σῶζε.
1467 2130 1486 2157 ,

337 2178 401 2244 Sed
433 2199 513 2264 quas
543 2177 691 2257 tandm,
723 2198 855 2264 quaeso,
886 2199 953 2243 esse
980 2180 1087 2264 potuit
1109 2178 1212 2243 forma
1233 2179 1342 2245 eadem
1367 2182 1481 2267 imper

291 2284 367 2350 fecti
396 2290 429 2350 et
458 2286 643 2370 imperativi
677 2280 789 2348 Crini
818 2283 942 2367 Nempe
972 2284 1002 2347 ἐν
1033 2290 1097 2356 τοῖς
1127 2292 1275 2357 παλαιοῖς
1302 2284 1480 2366 ἐγέγραπτο

294 2399 394 2464 CAO,
425 2388 608 2471 παρεΦίσίρν
639 2388 671 2453 δὲ
703 2389 760 2454 ὑπὸ
791 2394 849 2454 τῶν
879 2388 1277 2469 μεσαχαρακσνρισοίνσιιν,
1309 2394 1367 2475 qui
1402 2391 1479 2458 σοίΩ

289 2497 482 2581 seripserunt
512 2514 613 2581 quum
643 2489 745 2558 σιίοτ
772 2492 930 2558 deberent.
966 2492 1044 2557 Hrat
1066 2493 1201 2559 verbum
1223 2494 1360 2579 Epirum
1385 2501 1479 2562 σαιῦν

287 2621 344 2687 pro
375 2597 496 2680 σώζειν,
526 2603 617 2666 cuius
647 2596 806 2684 plurimas
828 2597 949 2663 formas
970 2600 1090 2682 passim
1113 2601 1147 2662 in
1169 2596 1303 2665 Homeri
1327 2604 1475 2666 carmini·

288 2706 349 2770 bus
370 2704 540 2792 leguntur,
565 2704 711 2782 σαώσεις,
739 2709 879 2779 σαῶσαι,
905 2704 1055 2775 σαωθῆναι
1081 2708 1140 2769 eet.
1175 2702 1363 2790 Imperativi
1384 2709 1477 2771 aeris

288 2818 340 2876 tus
363 2816 411 2875 est
433 2808 551 2875 σιίιοσιν
572 2809 656 2876 Iliad
677 2818 718 2874 A.
743 2805 821 2873 827.

424 2916 498 2980 αλλ’
522 2916 577 2993 ἐμὲ
599 2915 657 2992 μὲν
679 2913 718 2979 σὺ
738 2911 854 2978 σοίιοσσν
877 2909 964 2991 ἄγαν
988 2912 1038 2977 ἐπὶ
1064 2922 1120 2988 νῆα
1145 2913 1316 2993 μέλαιναν.

288 3029 320 3087 et
343 3022 456 3108 Odyss.
481 3019 508 3085 δ.
533 3018 609 3086 765.
985 3016 991 3031 “

422 3132 481 3190 σῶν
506 3131 555 3190 νῦν
577 3148 629 3203 μοι
653 3132 770 3202 μνῆσαι
793 3124 847 3189 καί
869 3147 921 3201 μοι
934 3109 1036 3205 ιΦίκιον
1060 3120 1111 3188 νία
1135 3121 1263 3189 σιίνισον.

323 3229 438 3307 -Satis,
474 3230 582 3309 credo,
618 3231 822 3315 perspicuum
854 3232 902 3294 est
932 3232 1047 3295 aoristo
1078 3227 1196 3295 σοίινσσν
1225 3250 1372 3315 praesens
1401 3229 1477 3297 σνίοιι

290 3335 475 3420 respondere
498 3340 531 3401 et
553 3335 777 3420 imperfectum
800 3332 895 3399 σιίινι

421 3439 587 3506 ἀλλὰκαὶ
612 3435 649 3512 ὦς
674 3438 841 3517 ιίνίριιμνε,
866 3437 967 3505 σοίΟΤ
990 3439 1017 3503 δ’
1041 3439 1157 3519 ἐρίηρας
1182 3438 1338 3518 ἑταίρους.

286 3546 359 3613 Nisi
388 3546 601 3612 vetustissimi
623 3546 736 3610 erroris
759 3547 850 3631 origo
872 3550 939 3610 tam
961 3543 1084 3630 liquido
1105 3548 1244 3630 pateret,
1268 3544 1477 3612 haesitaverit

287 3651 403 3737 aliquis
430 3656 553 3717 ettam
577 3654 740 3716 vetustam
763 3651 953 3735 scripturam
977 3648 1152 3715 convellere
1174 3651 1231 3714 vix
1253 3651 1348 3714 ausit.
1382 3649 1477 3716 Nunc

284 3756 392 3823 labem
422 3754 626 3822 manifestam
657 3752 758 3820 veluti
784 3752 885 3820 oculis
908 3757 1066 3819 cernimus
1088 3755 1299 3839 manibusque
1320 3759 1476 3821 tenemus

331 3966 420 4033 Male
450 3965 687 4033 contruduntur
714 3966 748 4030 in
770 3963 905 4032 Homeri
927 3965 1131 4033 Editionibus
1154 3966 1218 4031 δύο
1244 3972 1276 4031 et
1299 3954 1383 4032 δνὨῖ
1417 3964 1479 4030 Ve

285 4080 339 4140 tus
365 4074 522 4158 scriptura
554 4080 642 4136 ATO
667 4091 723 4155 pro
746 4092 780 4136 re
803 4076 878 4136 nata
900 4073 933 4134 in
956 4072 1085 4137 brevem
1108 4070 1252 4137 vocalem
1274 4076 1332 4136 sut
1354 4074 1388 4135 in
1409 4068 1478 4134 lon·

283 4198 363 4266 gam
395 4178 512 4244 exibat.
548 4176 703 4241 Peccator
724 4178 828 4263 igitur
850 4176 906 4240 ubi
929 4176 980 4240 δύο
1004 4176 1175 4242 secondom
1198 4176 1359 4262 syllabam
1381 4176 1478 4241 habet

194 4284 197 4291 ’
283 4284 440 4367 positione
465 4282 672 4367 productam,
696 4279 800 4347 veluti
822 4279 914 4346 Iliad.
939 4291 978 4347 0.
1005 4279 1081 4346 324.
1107 4281 1163 4346 δίο
1188 4281 1358 4358 κλονέουσι,
1383 4292 1415 4345 et
1437 4288 1475 4343 Φ.

285 4385 351 4450 269
375 4392 408 4452 et
431 4385 507 4451 614.
531 4385 590 4451 διίω
613 4394 736 4468 χρυσοῖο
759 4383 926 4464 τάλαντα,
948 4391 980 4451 et
1000 4385 1113 4473 Odyss.
1133 4412 1161 4453 κ.
1181 4386 1255 4451 102.
1273 4385 1332 4451 δύω
1354 4385 1475 4464 κρίνας,
