3276 5006
259 323 357 389 ·142
451 320 454 327 ’
687 345 730 392 sn
754 344 909 393 rmrorus
932 343 1084 393 sosoma.

298 535 339 579 cu
367 514 488 578 similia
511 515 566 598 qui
588 513 753 581 Socratem
777 517 941 580 existimat
963 514 1066 583 dicere
1088 513 1230 597 potuisse
1252 512 1349 598 idque
1371 514 1405 577 in
1428 512 1480 577 od·

290 622 468 685 versarium
491 618 655 685 devictum
679 628 712 687 et
733 619 957 708 profligatum,
989 641 1049 685 nae
1071 617 1127 684 ille
1150 617 1290 684 Socratis
1311 617 1483 704 ingenium

288 726 441 790 festivum
464 730 497 790 et
519 724 664 811 lepidum
688 732 720 792 et
741 727 901 792 urbanum
920 725 1063 791 nondum
1082 727 1159 791 satis
1178 727 1346 812 cognitum
1362 728 1394 787 et
1412 742 1482 808 per·

288 835 431 916 spectum
461 829 578 897 habere
608 834 678 897 iure
700 832 871 898 videbitur.
917 830 1086 898 Praeterea
1108 831 1182 897 vide
1205 851 1302 916 quam
1324 832 1481 913 importu-

286 957 361 1003 nam
385 937 493 1002 sedem
516 936 676 1003 emblema
704 937 914 1023 occupaverit.
962 933 1110 1003 Callicles
1131 934 1215 1001 nihil
1237 937 1301 1002 ista
1321 933 1480 1021 petulanti

288 1041 441 1107 derisione
452 1046 561 1107 motus
581 1043 663 1128 quod
683 1043 786 1109 dicere
805 1047 949 1127 coeperat
967 1044 1109 1129 peragdt:
1133 1050 1250 1106 ΟΤΔΕ
1266 1041 1305 1119 γέ
1324 1064 1376 1119 μοι
1388 1038 1479 1119 μέλει

287 1147 370 1213 οὐδὲν
406 1144 444 1212 ὧν
477 1146 515 1212 σὺ
548 1147 652 1227 λέγεις
686 1149 739 1213 aci
770 1148 877 1212 ταῦτά
905 1171 950 1213 τοι
981 1148 1107 1227 Γοργίαν
1136 1149 1231 1227 χάριν
1253 1146 1479 1227 ἀπεκρινάμην.

287 1253 461 1319 Videturne
485 1254 549 1318 tibi
570 1255 730 1320 audivisse
754 1275 793 1319 ex
815 1252 960 1319 Socrate:
985 1249 1071 1318 odrae
1093 1251 1167 1334 strip
1191 1290 1234 1302 -
1254 1248 1479 1333 κελαζόμενεςῗ

286 1359 354 1425 Nec
376 1361 516 1437 mirum,
550 1380 625 1426 nam
656 1361 770 1427 multis
791 1361 870 1427 haec
891 1365 963 1448 post
986 1359 1150 1426 Socratem
1173 1359 1307 1427 saeculis
1329 1365 1406 1426 nata
1426 1358 1479 1425 de-

287 1486 380 1530 mum
400 1467 501 1532 oratio
525 1470 582 1531 est.

331 1569 432 1657 Saepe
474 1568 606 1637 lectores
639 1571 717 1657 quid
752 1572 891 1638 sentiant
925 1574 1008 1637 inter
1041 1571 1215 1659 legendum
1249 1573 1284 1637 in
1317 1591 1373 1638 ora
1402 1570 1479 1635 libri

287 1676 463 1743 adscribere
485 1676 597 1742 solent.
620 1676 701 1765 Peg.
721 1676 796 1742 506.
810 1695 841 1742 Ι).
862 1677 956 1743 Plato
979 1677 1120 1743 dixerat:
1146 1680 1277 1758 capes
1302 1677 1363 1757 οὐχ
1385 1672 1478 1748 οὕτως

287 1784 352 1864 εἰκῇ
377 1781 633 1863 παραγίγνεται,
658 1782 908 1849 admirabundus
930 1782 1089 1849 exclamat
1111 1781 1211 1850 lector
1231 1784 1427 1869 nescioquis
1443 1784 1478 1847 in

286 1888 432 1976 margine
462 1884 622 1956 κάλλιειιῐ
655 1887 765 1974 Itaque
788 1888 941 1954 edebatur
962 1889 1022 1970 οὐχ
1045 1884 1138 1963 οὕτως
1161 1890 1227 1971 εἰκῇ
1250 1888 1392 1957 serica
1413 1910 1478 1953 τιε-

287 1997 493 2076 papauere,
515 1993 614 2059 donec
633 1990 747 2061 corsos
766 1980 887 2079 optime
907 1993 1049 2064 ιιιὶλλιςιι
1069 1997 1240 2081 expunxit,
1260 2015 1357 2081 quom
1367 1993 1479 2060 Editor

287 2103 356 2166 iure
380 2101 534 2184 sequitur.

332 2203 378 2269 Ut
400 2204 527 2270 redeam
551 2204 590 2271 ad
613 2204 791 2270 emblema:
815 2200 900 2278 οὗτος
923 2205 996 2285 ἀνὴρ
1014 2205 1294 2288 -ιιελιιζόμενες,
1315 2225 1411 2293 quam
1434 2206 1478 2269 sit

286 2316 472 2396 protervum
501 2331 537 2376 ac
566 2310 713 2397 petulans
744 2331 781 2377 ea
810 2311 914 2377 forma
944 2311 1092 2398 loquendi
1123 2315 1173 2378 uti
1196 2315 1317 2398 optime
1341 2309 1478 2377 ostendit

286 2416 452 2482 Heindorf.
477 2415 517 2482 ad
539 2406 612 2503 pag.
628 2414 703 2480 499.
722 2434 751 2481 a.
776 2416 875 2481 οὑτοσὶ
901 2416 974 2499 ἀνὴρ
997 2420 1031 2482 οὐ
1055 2420 1213 2484 πεύσεται
1235 2423 1393 2498 φλυαρῶν.
1417 2415 1478 2482 Ρο-

287 2522 338 2588 lus
372 2543 445 2610 pag.
471 2518 547 2586 467.
577 2540 609 2586 a.
646 2521 756 2588 eadem
789 2524 1032 2608 importunitate
1058 2531 1203 2611 coeperat
1234 2524 1356 2590 dicere:
1391 2518 1477 2593 εὖτνε

287 2628 361 2709 ἁνήρ
386 2669 425 2679 -
451 2627 506 2692 sed
535 2627 633 2692 medio
663 2628 697 2691 ι’νε
721 2650 789 2692 voce
810 2629 934 2695 resistit.
981 2629 1111 2716 Optime
1133 2629 1312 2697 Scholiasta
1334 2629 1429 2696 adh.
1452 2627 1475 2693 l.

287 2730 342 2816 ὄρνι
365 2735 420 2809 τὴν
444 2734 516 2813 πρὸς
548 2732 664 2813 ἑτέρους
695 2740 748 2799 τοῦ
773 2734 868 2812 λόγον
892 2736 1070 2819 &respectio
1093 2732 1165 2812 ὅσην
1188 2742 1242 2801 τοῦ
1266 2735 1477 2806 Καλλικλέους

287 2842 339 2905 acl
365 2839 451 2904 κιιτὰ
482 2846 598 2919 σχῆμα
632 2848 890 2905 ΘΡΑΟΤΤΗΤΑ
916 2840 1073 2908 δείκνυσιν.
1122 2841 1312 2907 Rectissime
1336 2846 1370 2906 et
1391 2839 1477 2905 κατὰ

288 2953 403 3025 σχῆμα
435 2944 575 3022 addidit,
610 2965 685 3010 nam
715 2946 771 3029 qui
800 2947 848 3012 ita
870 2945 1010 3031 aliquem
1032 2948 1129 3014 habet
1151 2948 1344 3033 despicatui,
1380 2949 1478 3011 etium

286 3050 400 3117 habitu
431 3057 464 3117 st
494 3070 571 3116 voce
600 3049 767 3116 fastidium
797 3057 830 3116 et
857 3058 1056 3118 contemtum
1086 3054 1226 3119 hominis
1251 3052 1409 3131 ostendit,
1440 3058 1478 3117 ut

287 3156 431 3224 Socrates
452 3157 487 3221 in
510 3155 648 3220 Notitae
670 3177 718 3222 vs.
743 3154 820 3223 492.

514 3259 664 3339 ἅνθρωπος
687 3262 811 3340 dualis
835 3262 935 3328 οὑτοσὶ
958 3264 1010 3329 καὶ
1034 3263 1206 3345 βάρβαροι.

333 3365 433 3454 Saepe
463 3369 508 3434 sic
538 3366 767 3433 Demosthenes
796 3372 829 3433 et
855 3368 1027 3435 Aeschines
1049 3370 1121 3437 odio
1144 3370 1264 3436 incensi
1285 3369 1368 3435 hanc
1389 3369 1473 3435 ιιιιειὶ

286 3481 401 3555 σχῆμα
433 3471 610 3555 θρασύτητα
641 3472 859 3552 ἐνδείκνυνται,
897 3480 930 3541 et
959 3475 1124 3542 credemus
1154 3474 1316 3541 Socratem
1338 3474 1473 3541 hilarem

285 3588 318 3650 et
336 3584 478 3649 iocosum
500 3581 626 3656 virum,
652 3577 794 3664 deposita
809 3586 937 3666 repente
958 3580 1171 3647 urbanissima
1189 3581 1338 3661 εἰρωνείᾳ.
1358 3602 1395 3646 eo
1406 3600 1474 3666 pro·

285 3689 445 3755 territatis
473 3684 640 3772 procedere
667 3686 808 3779 potuisse
830 3686 925 3771 idque
947 3706 981 3751 se
1004 3683 1171 3753 Calliclem
1193 3688 1333 3753 nimium
1355 3690 1473 3774 patieu-

285 3800 333 3861 tcr
356 3789 559 3858 dissimulare
582 3790 751 3857 audivisse.
802 3792 908 3855 Credat
931 3791 1064 3856 ludam
1084 3793 1209 3876 Apella,
1233 3815 1293 3857 ιενιι
1315 3814 1376 3874 cqc.

327 4002 408 4090 Pag.
423 3997 498 4066 505.
511 4018 543 4065 1).
569 4000 622 4065 ἐὰν
647 4001 678 4066 δὲ
701 4002 767 4080 ἐμοὶ
791 4003 878 4086 rrsllp
902 4001 1003 4074 ἐάσεις
1025 4003 1147 4084 χαίρειν
1169 4008 1276 4069 τοῦτον
1299 4004 1350 4069 τὸν
1370 4002 1471 4082 λόγον.

282 4107 391 4173 Etiam
412 4127 496 4172 nunc
518 4105 611 4171 Plato
635 4108 708 4190 rite
733 4108 879 4185 dederat,
903 4129 966 4175 non
988 4109 1085 4191 τείνει.
1133 4109 1169 4175 ln
1192 4110 1244 4175 his
1266 4110 1343 4196 quid
1362 4129 1473 4178 verum

282 4214 326 4279 sit
347 4218 526 4277 monstrant
548 4210 611 4277 loci
633 4218 810 4298 poetarum.
858 4213 1029 4300 Sophocles
1051 4217 1145 4280 Elect.
1169 4213 1248 4284 938.

905 4320 959 4386 ἐὰν
983 4320 1015 4386 δέ
1039 4345 1089 4399 μοι
1114 4322 1186 4402 τίθει

367 4432 372 4439 ’
464 4429 518 4497 τῆς
543 4428 593 4489 νῦν
617 4423 770 4500 resecans
792 4430 959 4508 συμφορᾶς
983 4427 1085 4500 λύσεις
1108 4425 1215 4507 βάρος.
