3296 5022
285 351 351 413 tut
707 368 906 415 courrcrnnrr
931 368 1047 415 carran.

282 536 352 604 sire
375 530 469 600 malis
493 532 799 613 laevem-comum
825 537 848 601 i.
863 555 890 601 e.
906 532 1107 603 extendendo
1126 531 1343 620 pectendoque
1362 534 1471 601 crines

283 639 430 725 laevigat.
486 637 547 719 Qui
580 637 732 706 adiectiri
773 659 850 706 usus
886 639 1124 727 praedicativus
1149 639 1319 724 utriusque
1341 635 1473 724 linguae

283 740 495 831 scriptoribus
519 745 709 829 praesertim
736 746 837 830 poetis
860 755 908 811 est
933 747 966 812 in
986 744 1129 822 deliciis,
1155 742 1242 811 uelut
1261 744 1296 809 in
1320 742 1379 809 bac
1402 744 1469 830 ipsa

282 849 401 916 vicinia
425 868 471 913 va.
486 852 565 915 titia:
591 848 690 914 cltum
710 850 859 938 acdificat
877 860 979 935 capiat.
1027 847 1217 916 Conieratur
1237 846 1327 917 Ouid.
1342 849 1469 943 lletam.

281 953 360 1032 xit,
386 958 450 1020 409
474 973 595 1019 comum
615 954 736 1041 pectine
759 953 887 1021 laevem

670 1055 792 1124 Ibidem
817 1078 881 1125 vss.
906 1063 970 1126 562
995 1079 1075 1144 sqrp:

372 1183 467 1231 nemo
490 1161 740 1229 mathematicus
762 1165 893 1249 genium
919 1163 1126 1230 indemnatus
1150 1162 1295 1229 habebit:

309 1254 313 1261 ’
371 1268 425 1336 scd
449 1270 505 1354 qui
531 1287 629 1354 paene
653 1269 755 1355 perit,
778 1271 832 1335 cui
856 1271 908 1333 rix
935 1271 966 1334 in
993 1268 1132 1357 Cyclada
1158 1271 1243 1335 mitti

371 1372 508 1458 contigit
538 1381 569 1440 et
593 1392 691 1459 parra
712 1373 843 1440 tandem
866 1392 1008 1440 caaurssc
1033 1372 1187 1461 Seripho,

369 1476 509 1546 consulit
532 1478 683 1544 ictericae
707 1476 792 1544 lento
816 1478 855 1544 de
878 1477 991 1545 iuuere
1015 1480 1147 1553 matris,

369 1591 445 1650 ante
469 1591 575 1649 tameo
600 1581 639 1649 de
663 1592 695 1649 te
719 1583 876 1670 Tanaquil
900 1593 975 1659 tua,
1000 1580 1130 1668 quando
1152 1601 1296 1649 sororem

368 1686 481 1756 eberat
503 1697 536 1753 et
561 1697 706 1774 patruos,
730 1707 770 1755 an
796 1691 839 1755 sit
863 1689 1010 1754 victurus
1033 1685 1162 1754 adulter

366 1803 436 1880 port
457 1794 581 1879 ipcom,·
606 1792 794 1880 quidecim
821 1795 926 1860 roraius
947 1793 1025 1859 dure
1050 1793 1183 1857 numina
1207 1796 1359 1878 possunt?

369 1897 448 1965 haec
471 1906 580 1963 tannen
605 1899 774 1982 ignorant,
799 1898 877 1986 quid
901 1896 992 1965 sidus
1017 1898 1111 1963 triste
1135 1898 1278 1965 minetur

369 2000 523 2081 Saturni,
548 2021 611 2088 quo
635 2002 716 2069 laeta
741 2003 850 2070 Venus
873 2023 908 2070 se
931 2002 1071 2090 proterat
1096 2011 1201 2079 astro,

367 2108 425 2194 qui
449 2109 570 2173 mensis
591 2106 738 2186 damnis,
759 2128 841 2194 quae
864 2106 983 2174 dentur
1006 2115 1151 2193 tempora
1174 2106 1285 2186 lucro;
1311 2116 1388 2174 cett.

324 2212 469 2280 Caruisse
487 2210 565 2278 lerri
586 2231 648 2278 non
668 2232 760 2299 posse
781 2211 987 2279 manifestum
1008 2220 1067 2277 est.
1093 2212 1181 2293 Quae
1193 2210 1335 2278 Scholtio
1349 2212 1392 2301 (p.
1406 2215 1465 2300 ua)

276 2317 382 2406 placet
404 2316 575 2384 Schraderi
594 2317 780 2383 coniectura
801 2316 950 2396 latuisse,
975 2316 1055 2382 mibi
1078 2335 1141 2382 non
1162 2315 1339 2397 satisfacit,
1368 2317 1467 2404 idque

277 2421 397 2510 duplici
427 2421 493 2488 lere
525 2421 563 2488 de
587 2441 695 2488 causa.
744 2421 824 2488 Nam
850 2423 877 2487 si
904 2423 947 2488 ita
971 2421 1166 2499 scribimus,
1192 2420 1287 2488 rerba
1308 2443 1466 2508 porco-

276 2528 407 2615 Seripho
439 2526 504 2594 iere
535 2545 733 2613 supervacua
766 2534 881 2601 erunt,
916 2532 1003 2591 certe
1035 2525 1252 2613 languebunt,
1284 2536 1357 2613 post
1387 2527 1462 2593 illa:

276 2635 498 2714 oia-mitti,
523 2643 575 2712 et,
599 2632 684 2719 qood
709 2632 811 2699 molto
834 2634 986 2718 gravius,
1011 2640 1218 2718 exspectatur
1242 2631 1365 2718 aliquid
1378 2631 1466 2698 uude

274 2748 427 2826 appareat
446 2738 712 2806 mathematicum
734 2738 825 2803 illum
844 2756 883 2803 er
899 2736 1120 2822 deportatione
1134 2737 1267 2803 Romam
1279 2738 1463 2804 revertisse.

274 2842 355 2911 Nam
381 2843 500 2910 Romae
525 2842 642 2909 mulier
673 2862 742 2909 earn
768 2839 927 2919 consulit,
954 2862 1016 2907 nou
1042 2840 1185 2928 Seriphi,
1209 2843 1334 2927 opinor.
1380 2840 1465 2907 Hinc

273 2946 367 3034 louge
390 2947 514 3015 malim:
540 2948 592 3013 cui
618 2950 669 3013 vir
694 2948 727 3012 io
754 2944 893 3035 Cyclada
920 2946 1007 3012 mitti
1040 2946 1175 3031 contigit
1208 2954 1241 3012 et
1267 2965 1365 3032 parva
1394 2954 1464 3011 tan·

273 3050 346 3119 dem
361 3072 494 3118 nrnrrssc
515 3050 660 3138 Seripho.
693 3050 829 3117 Tandem
853 3051 874 3116 i.
896 3070 924 3116 e.
950 3059 1021 3137 pust
1043 3049 1174 3136 longum
1198 3049 1343 3117 exilium.
1390 3050 1463 3116 llox

272 3156 390 3223 haereo
413 3157 445 3221 in
470 3156 634 3222 vocabulis
654 3167 725 3242 port
746 3157 868 3242 ipram,
892 3155 968 3241 quia
993 3175 1055 3221 nou
1080 3154 1168 3222 cadit
1191 3156 1223 3221 io
1250 3154 1365 3221 barum
1390 3172 1463 3220 mu·

272 3260 389 3328 lierum
420 3262 631 3348 pravitatem,
668 3270 704 3326 ut
733 3260 782 3328 vel
810 3259 957 3326 adultero
986 3258 1163 3345 longiorem
1199 3271 1310 3347 optent
1338 3261 1461 3339 vitam,

272 3385 369 3453 quam
394 3364 457 3434 sibi
481 3366 569 3453 ipsis.
605 3368 672 3451 dn,
699 3374 734 3431 ut
758 3385 793 3431 sc
816 3365 925 3450 lugeat
949 3370 1111 3429 mortuam
1136 3364 1324 3451 superstes?

646 3469 713 3538 Sat.
739 3470 810 3549 Vll,
842 3490 886 3535 vs.
915 3474 978 3536 tls
1003 3488 1090 3554 sqq.-

678 3574 750 3642 ideo
772 3574 930 3641 conducta
956 3572 1074 3639 Paulus
1097 3573 1212 3659 agebat

362 3681 583 3771 sardonyche,
608 3691 705 3768 atque
730 3679 800 3747 ideo
824 3678 927 3766 pluris
950 3697 1047 3764 quam
1076 3678 1187 3744 Gallos
1210 3678 1346 3765 agebat,

362 3807 459 3873 quam
487 3786 634 3865 Basilus,
660 3805 734 3853 rara
758 3786 791 3851 iu
816 3784 905 3851 tenui
930 3782 1081 3850 lacundia
1104 3802 1220 3869 panno.

275 3897 338 3958 146
362 3891 497 3973 Quando
520 3892 595 3959 licet
620 3891 727 3957 Basilo
751 3890 880 3956 dentem
905 3888 1082 3976 producere
1106 3888 1263 3954 matrem?

274 4001 337 4063 147
361 3998 435 4083 quis
459 3996 721 4064 benedicentem
750 3995 892 4061 dantum
917 3992 1019 4060 ierat?

316 4101 388 4168 Nou
413 4111 545 4189 apparet
569 4122 629 4169 cur
652 4112 745 4189 poeta
766 4109 895 4188 praeter
915 4099 1059 4166 Basilum
1080 4096 1207 4164 Gallum
1228 4098 1464 4178 nominaverit,

273 4206 336 4271 nisi
358 4225 432 4273 eum
458 4216 611 4292 putamus
635 4217 691 4274 aut
715 4227 761 4273 vs.
790 4209 854 4271 146
874 4205 1059 4292 scripsisse:

409 4311 537 4397 quarrdo
558 4310 632 4378 licet
661 4311 750 4378 dallo
774 4310 902 4377 dentem
929 4308 1105 4396 producere
1131 4309 1289 4376 matrem?

190 4436 196 4451 ·
274 4423 330 4480 aut
355 4434 448 4481 uersu
473 4418 641 4502 sequenti:
812 4414 815 4419 ’
