3244 5012
498 372 542 420 an
563 370 794 420 aursotoonu
816 372 1011 425 sturmin.
1284 351 1349 418 327

162 545 358 619 barbariem,
380 548 417 607 ut
434 540 624 620 ἐπιστομένή
650 542 767 608 dixerit
788 564 845 629 pro
868 545 1016 611 ἐπιςῖοσο.
1041 541 1132 607 Hanc
1155 546 1264 607 antem
1282 541 1348 624 opi·

161 651 290 715 nionem
311 652 350 712 ut
371 667 445 732 prae
463 646 521 712 illa
539 646 712 732 amplectar
731 650 808 713 feeit
827 647 916 713 aliud
927 646 1070 711 eiusdem
1082 665 1225 722 carmen,
1245 646 1346 731 epigr.

164 748 246 831 567,
272 752 350 837 3sq.
373 752 431 817 ubi
449 752 526 817 haeo
548 752 646 818 habes
668 752 707 817 de
735 750 916 819 Gandarrlae
938 768 1053 816 uxore:

298 854 395 933 ήθελε
418 854 481 936 γὰρ
504 857 647 922 δισσοῖσιν
670 857 722 920 ὑπ’
745 856 871 936 ἀνδράσι
894 856 971 934 μηδὲ
994 862 1132 938 φοινήνοιι

343 961 421 1027 ἄλλ’
445 963 461 1036 ή
484 961 536 1026 τὸν
559 960 627 1040 πρὶν
652 958 735 1040 ἔχειν
759 963 776 1037 ή
801 962 854 1027 τὸν
876 958 1139 1038 ἐπιςοὶμενον.

162 1066 220 1131 ubi
252 1062 383 1132 Grotius
410 1069 525 1133 vert't:
557 1068 678 1131 sedvel
698 1069 805 1132 ήοόοτο
826 1090 911 1131 auom
933 1067 982 1129 ool
1002 1066 1052 1128 σοι’
1074 1065 1242 1150 ushofun,
1267 1063 1350 1130 Due·

162 1171 294 1237 bnerus:
325 1172 379 1236 aed
407 1178 460 1236 out
482 1172 617 1255 priorem
647 1173 753 1237 Ιιοὸονο
783 1196 846 1237 eom
877 1178 930 1235 aot
945 1177 1148 1254 praesentem,
1179 1172 1287 1235 itaut
1310 1169 1349 1234 de

162 1281 274 1343 neutro
304 1277 381 1342 satis
411 1282 577 1363 appareat,
611 1275 768 1363 quomodo
799 1275 1015 1342 intellexerint
1044 1272 1127 1341 illud
1152 1273 1347 1350 irradiatura.

161 1380 307 1446 Dubium
335 1386 444 1447 tamen
471 1402 534 1446 non
564 1386 612 1447 est
639 1383 717 1467 quid
743 1381 883 1448 voluerit
911 1381 1085 1468 Agathias,
1109 1381 1254 1464 quisine
1277 1400 1350 1444 eon·

160 1487 314 1550 troversia
336 1488 475 1572 respexit
495 1485 652 1553 Herodoti
673 1487 771 1554 verba
793 1486 827 1564 1,
852 1485 892 1551 9.·
923 1485 984 1563 ἐγώ
1008 1508 1043 1549 σε
1066 1484 1169 1550 ὄπισθε
1192 1493 1247 1558 τήν
1269 1486 1349 1550 οὶνοι-

162 1588 293 1666 γομένήε
316 1587 410 1672 θύρης
435 1589 557 1667 εήσο,
579 1594 689 1677 itaqua
710 1592 901 1658 sartandum
919 1597 973 1654 oret
992 1612 1057 1655 οιιπι
1074 1592 1127 1676 μοι’
1145 1591 1264 1654 odeum
1283 1588 1348 1676 (ex-

161 1697 252 1759 uenti
274 1715 316 1760 so.
340 1695 488 1779 vestem).
523 1695 588 1762 Hie
610 1701 718 1762 tamen
738 1699 795 1762 vix
815 1698 892 1762 satis
912 1701 984 1780 apte
1000 1712 1132 1781 reponas
1142 1697 1347 1780 participium

161 1797 341 1864 Praesentis
364 1799 569 1880 ἐφιτιήμενον;
593 1805 738 1887 quooiroa
760 1803 861 1867 satius
884 1802 945 1866 erit
967 1804 1100 1885 utroque
1122 1798 1192 1866 looo
1215 1803 1348 1865 retinere

162 1904 315 1970 traditam
356 1907 564 1991 scripturam,
605 1906 748 1972 adhibita
785 1911 893 1971 tamen
933 1924 1030 1990 qnam
1064 1906 1132 1969 diri
1165 1909 1351 1990 interprete.

162 2010 257 2074 tione.

205 2114 317 2202 epigr.
342 2113 418 2181 583.
443 2114 474 2182 7.

204 2221 388 2307 Alloquitur
408 2224 564 2310 Agathias
586 2243 722 2308 puerum
745 2225 939 2288 exstinctum
962 2224 997 2287 in
1019 2228 1109 2287 utero
1132 2226 1258 2289 matris:

296 2327 396 2409 κούφη
420 2351 465 2392 σοι
488 2327 656 2394 τελέθει
681 2330 803 2408 νοτήρ,
828 2326 933 2404 τέκος,
959 2326 1028 2392 ἀντὶ
1052 2328 1160 2402 κονίης.

160 2429 230 2495 Imo
259 2451 333 2497 vero
362 2431 548 2513 τελέθοι,
580 2439 618 2498 ut
649 2432 792 2500 solebant
821 2431 978 2499 defunctis
1007 2433 1185 2517 appraoari:
1217 2434 1346 2498 arretii

160 2539 242 2597 terro
263 2537 357 2600 leuis!
379 2536 489 2622 Eurip.
513 2537 778 2620 Α1ε.κοιόοοοι
801 2535 892 2619 χθὼν
916 2532 1059 2601 triente
1082 2535 1207 2600 πέσοι.

205 2638 316 2725 Epigr.
341 2638 417 2706 660.
443 2640 474 2705 3.

743 2746 812 2810 ἀντὶ
836 2745 867 2810 δὲ
890 2752 1045 2819 πολλῆς

419 2849 563 2928 πατρίδος
586 2848 708 2914 &Sosiae
732 2857 837 2928 κεῑμοοι
862 2845 1084 2929 ἐφεσσάμενος.

205 2954 306 3037 Apta,
330 2952 385 3017 ssd
404 2955 539 3031 ineerta,
559 2955 743 3019 oonieetura
763 2956 864 3038 possis
887 2951 1006 3030 βώλου,
1030 2952 1070 3018 el.
1095 2950 1235 3028 656,·1.

204 3057 315 3144 Epigr.
341 3054 417 3122 667.
442 3054 473 3121 3.

294 3170 385 3242 Atye
409 3161 489 3242 νόον
512 3162 563 3227 xri
585 3166 705 3237 ποῦε,
729 3162 837 3241 πότις,
863 3164 915 3228 sal
940 3162 1049 3236 παῖδες
1075 3164 1160 3241 ἐμεῖο

338 3266 531 3351 χαίρετε,
557 3267 611 3331 aa}
634 3268 756 3346 μνήμήν
781 3268 888 3351 σώζετ’
912 3266 1107 3347 ’Λμοοζονίνιο

157 3371 270 3438 Deleto
299 3372 491 3461 glossemate
520 3377 622 3447 ποῡε,
652 3372 736 3458 quod
766 3372 845 3438 olim
873 3373 1077 3461 magistellus
1108 3372 1274 3458 adsefipsit
1304 3374 1344 3447 ad

157 3484 257 3556 λῆγε,
280 3481 413 3544 restitue
434 3479 569 3544 verbum
592 3478 788 3542 ιοοοοειοιίιοιο
810 3477 963 3565 legendo:

384 3591 476 3661 Λήγε
499 3581 579 3661 νόον
602 3582 654 3646 art
677 3590 819 3662 χοοῑρε,
843 3582 950 3656 πόσις,
977 3585 1042 3648 uri.

82 3691 86 3699 '
202 3685 313 3774 Epigr.
339 3685 416 3753 678.

249 3792 463 3872 πληρώσιος
489 3793 651 3874 τροτιήν
675 3793 850 3871 Σωτήριχον
873 3789 1132 3868 taratantara,
1156 3794 1221 3857 uri.

156 3898 294 3962 Auctore
324 3896 529 3963 Boissonadio
559 3902 705 3963 vertunt:
729 3898 862 3982 forantur
885 3919 1005 3961 νονινονο
1032 3897 1234 3962 οοιιοονίοονοήή
1264 3920 1344 3963 eaer-

157 4002 243 4065 eitoa.
285 4002 359 4066 Nisi
388 4005 496 4088 potius
523 4004 680 4087 pessimus
711 4001 904 4068 Graeeitatis
933 4006 1042 4068 auctor
1071 4000 1159 4082 (ride
1184 4004 1346 4088 imprimis

157 4127 204 4171 vs.
230 4106 263 4193 4)
294 4106 417 4183 soluit,
441 4108 626 4193 perfunctae
651 4107 779 4183 esibilia,
811 4106 914 4192 qualis
936 4108 1155 4192 interpretatio
1177 4109 1282 4173 neseio
1304 4129 1345 4174 an

157 4216 259 4297 aptior
289 4214 330 4275 sit
359 4218 487 4296 propter
509 4214 681 4297 sequentia.
719 4210 844 4291 Quanta
866 4215 909 4277 sit
932 4213 1070 4277 hominis
1088 4214 1269 4298 ignorantie
1291 4233 1345 4299 ap·

156 4326 245 4402 paret
269 4339 286 4382 o
310 4337 355 4382 vs.
383 4316 466 4383 3ti0:

318 4419 416 4501 «ήρξοι
440 4423 466 4486 δ’
491 4424 521 4486 ἐν
544 4422 712 4497 ἱππήεσσι,
737 4422 870 4500 Γερήνιος
892 4417 940 4486 οἷοὶ
962 4445 993 4486 τε
1014 4420 1130 4502 Nicon.
