3244 5012
659 350 873 402 asenniam.
1301 330 1379 396 295Δ

170 525 367 613 intelligeret
386 527 463 611 quid
483 532 564 590 esset
586 526 754 603 γίγνεσθαί
782 549 838 589 τινι
863 526 918 589 ἐπὶ
938 525 1086 608 τιμωρύρι,
1112 522 1319 603 τοιροὶδεινμιο
1331 524 1366 586 iu

170 634 344 696 orationem
374 632 496 697 intulit.
520 631 729 711 τορύδειγμοι
758 632 809 695 ἐστὶ
836 630 966 713 τιμωρίη
996 633 1064 695 sine
1086 635 1268 714 temporum
1292 648 1362 692 eon·

169 738 292 803 fusione
315 737 379 802 dici
401 758 463 805 non
485 742 606 823 potest,
630 739 707 823 quia
727 737 874 803 homines
895 744 965 801 οτοιο
985 724 1164 820 supplicam
1188 734 1239 799 ἐστὶ
1264 756 1359 810 τιμον·

170 846 219 927 ρι’ρι
241 849 330 920 sunt,
354 845 500 929 ιιιρρίύοὶο
522 844 583 909 iona
606 844 708 931 affecti
731 842 937 923 trepidemus
960 841 1050 907 liunt.

215 948 253 1014 V.
277 947 330 1015 91.
363 949 498 1030 Malim,
530 952 564 1015 ού
593 950 656 1030 γὰρ
688 950 714 1015 οἱ
746 947 895 1030 ἄρχοντες
920 945 1024 1013 ἄλλον
1047 951 1087 1013 ci.
1109 948 1169 1013 ’κού
1194 959 1236 1013 Λ.
1262 945 1359 1012 ούτιι

170 1056 257 1120 δεινοὶ
279 1063 344 1129 τοῖς
368 1058 537 1130 νικηθεῖσιν.

214 1160 252 1226 V.
278 1160 337 1228 96.
356 1169 509 1229 Σκοτοῶσι
533 1162 560 1228 δ’
583 1163 666 1241 ὑμῶν
689 1161 782 1234 ούτιος
807 1164 832 1226 οἱ
859 1162 981 1237 ὑτύκοοι
1003 1160 1037 1225 τὸ
1058 1160 1136 1232 riade
1151 1199 1204 1225 -.
1228 1159 1262 1222 ri
1284 1158 1361 1229 εἰκός

170 1272 198 1334 si
220 1269 342 1334 abesset
366 1290 460 1335 nemo
484 1268 684 1335 desideraret.
720 1269 783 1334 Pro
805 1268 1005 1333 οἰονιῶῶιιύὶοιο
1024 1269 1126 1354 accipi
1145 1271 1284 1353 oportet,
1307 1265 1362 1329 sed

169 1376 232 1460 ipsi
254 1378 338 1441 inter
360 1396 393 1440 se
416 1382 448 1440 et
458 1375 704 1441 Atheniensium
727 1377 863 1441 colonias
881 1373 1005 1440 nullam
1026 1394 1092 1440 esse
1113 1372 1361 1439 similitudinem

170 1480 373 1547 contendunt.

214 1586 253 1650 V.
277 1583 330 1652 97.
355 1585 458 1659 ἄλλως
484 1610 518 1649 τε
542 1587 595 1651 aa)
619 1592 762 1661 νησιῶται
787 1585 995 1668 νοιοκροιτύρον
1019 1585 1070 1652 κού
1092 1585 1278 1666 οὶσύονέςεροι
1298 1585 1360 1650 ἑτέ-

169 1717 223 1773 ρων
254 1692 337 1764 ύντεο
370 1694 394 1757 ri
426 1694 470 1770 et
502 1693 715 1774 τεριγένοιούε.
758 1691 877 1759 Misere
901 1698 1067 1780 corruptus
1088 1692 1177 1758 loeus
1199 1697 1362 1778 perspeeto

170 1798 246 1885 quid
278 1800 342 1865 dici
365 1805 508 1886 oporteat
530 1802 608 1866 satis
632 1805 716 1865 certo
740 1803 933 1888 corrigetur,
965 1798 1071 1872 ἄλλος
1095 1823 1131 1863 τε
1155 1799 1208 1864 κοῶ
1233 1799 1364 1880 νοινκρύ-

168 1927 271 1985 τορες,
297 1905 351 1969 ούκ
375 1906 560 1987 ύσύενέςεροι
585 1905 690 1986 ἑτέρον
714 1904 807 1978 ὄντες.
844 1905 898 1973 sie
922 1907 1053 1972 demum
1077 1905 1161 1977 ὄντος
1180 1925 1199 1971 a
1218 1912 1361 1980 νησιῶτοιι

167 2030 230 2077 non
260 2011 465 2090 distrahitur,
496 2032 598 2097 neque
627 2012 834 2093 νοοκροοτύρον
857 2012 904 2077 ibi
929 2011 1047 2077 dicitur
1069 2012 1127 2077 ubi
1149 2031 1243 2078 nemo
1267 2032 1361 2077 sanus

168 2116 341 2202 quidquam
370 2123 495 2204 praeter
530 2122 613 2196 ἡμῶν
648 2118 780 2185 dixisset
809 2124 842 2184 et
875 2120 928 2184 via
955 2124 1079 2209 reperta
1110 2124 1159 2184 est
1190 2138 1253 2202 qua
1282 2116 1359 2192 illa,

168 2223 352 2304 οὶσύενέςιροι
377 2224 482 2306 ἑτέρον
506 2247 544 2290 ex
567 2225 705 2292 tenebris
727 2226 762 2289 in
783 2225 889 2291 lucem
913 2231 1088 2314 emergent.

212 2329 250 2394 V.
283 2328 337 2394 99.
367 2326 428 2396 ύσοι
460 2332 625 2412 ητιιρῶτοού
656 2355 714 2396 τον
738 2329 821 2401 ύντεο
844 2333 886 2411 τῷ
911 2332 1052 2412 ἐλευθέρῳ
1077 2332 1195 2405 acatis
1217 2331 1272 2403 την
1297 2327 1360 2392 διοι-

167 2435 318 2512 ριέλλησιν
350 2446 404 2512 τῆς
437 2439 508 2517 πρὸς
541 2437 621 2514 ύροῶο
655 2442 802 2518 Φολοοκῆς
835 2438 1022 2511 ποιήσονται.
1058 2438 1111 2516 Τῷ
1144 2436 1284 2513 ἐλευθέρῳ
1308 2434 1360 2500 vel

166 2541 253 2607 idem
277 2543 430 2628 estquod
454 2542 504 2607 διδ
527 2544 561 2608 τὸ
586 2543 755 2622 ἐλεύθερον,
781 2542 835 2609 vel
858 2543 986 2608 dativus
1008 2549 1056 2608 est
1076 2541 1160 2627 quod
1178 2546 1293 2606 vocant
1313 2543 1359 2603 in·

108 2658 114 2663 “
167 2650 347 2712 strumenti.
372 2646 435 2712 Sed
453 2653 604 2713 neutrum
622 2648 675 2713 hic
694 2651 857 2725 convenit;
881 2669 957 2713 nam
969 2648 1173 2714 libertasnon
1185 2651 1356 2722 esteausa,

167 2774 224 2818 cur
245 2753 415 2818 nonnullae
435 2755 581 2820 civitates
601 2774 620 2819 a
639 2753 723 2819 bello
743 2753 989 2819 Atheniensium
1005 2755 1233 2830 abstinuerint,
1256 2772 1357 2836 neque

167 2859 248 2924 hanc
278 2860 503 2925 abstinentiam
534 2859 710 2926 faciliorem
739 2861 781 2924 iis
810 2859 971 2925 reddebat.
1008 2856 1120 2924 Sermo
1141 2864 1189 2924 est
1212 2859 1251 2923 de
1272 2857 1357 2935 illis,

167 2963 227 3029 ύσοι
251 2970 301 3030 νῶν
324 2966 496 3045 μηδετέροις
521 2963 764 3047 ξομμοιχοῶσιν,
790 2966 845 3051 qui
868 2967 968 3032 etiam
991 2966 1016 3030 ei
1041 2964 1185 3046 ἐλεύθεροι
1206 2965 1270 3031 dici
1290 2984 1358 3051 pos·

167 3077 252 3136 sunt.
286 3068 356 3136 Hos
377 3074 412 3136 iu
435 3072 497 3139 duo
520 3091 637 3160 genera
660 3071 810 3138 dividunt
817 3091 825 3150 ;
850 3068 912 3137 ύσοι
934 3071 1100 3152 ητειρῶτού
1120 3095 1177 3136 τοο
1196 3070 1279 3143 ὄντες
1298 3077 1357 3135 τῶν

168 3176 343 3258 ἐλευθέρων,
376 3184 408 3244 et
439 3185 600 3255 νησιῶτοοι,
635 3183 707 3243 tum
736 3179 856 3244 iterum
886 3179 1034 3255 νησιύτοος
1066 3182 1099 3242 in
1130 3177 1298 3259 ύνύρκτονς
1327 3184 1360 3242 et

167 3286 251 3367 ύρχῇ
276 3283 545 3366 τοροξννοριένονι.
1279 3316 1284 3327 ·

212 3388 250 3455 V.
275 3387 351 3456 102.
376 3390 421 3456 ἔτι
442 3392 494 3456 κού
516 3399 604 3466 ςιῑνοιι
625 3391 713 3464 ἐλπὶς
733 3392 828 3471 ὀρθῶς.
853 3388 1030 3458 Graecitati
1049 3391 1192 3458 eonsules
1207 3391 1356 3479 legendo,

167 3493 212 3559 ἔτι
244 3496 302 3562 κύον
332 3506 420 3573 ςῆνοιι
453 3498 542 3570 ἐλπὶς
574 3499 683 3579 ύρύοΐο,
716 3499 778 3562 nisi
802 3498 920 3576 credis,
944 3499 958 3562 t
983 3495 1075 3570 ἵστος
1100 3500 1185 3578 ύρύῶς
1205 3491 1254 3569 oric
1279 3495 1358 3568 ἵςησι

169 3602 271 3687 ,scari
287 3603 402 3687 posse.”

212 3705 249 3772 V.
280 3705 355 3775 103.
388 3710 477 3780 ἐλπὶς
508 3709 539 3774 δὲ
571 3709 695 3789 κινδύνῳ
719 3708 909 3788 πορκρούύιον
932 3705 1019 3774 atra.
1058 3709 1128 3774 Imo
1151 3708 1283 3774 κινδύνου
1308 3708 1360 3774 vel

168 3813 322 3879 κινδύνων.
346 3835 422 3880 mox
449 3818 484 3881 in
507 3823 571 3888 τοῖς
594 3817 621 3882 δ’
645 3815 674 3888 ἐς
700 3812 786 3880 οἶτον
810 3814 845 3878 τδ
870 3813 1009 3895 ύτύρχον
1034 3817 1280 3896 ύνοιρρινιτοῶσοι,
1306 3815 1357 3879 δύ-

167 3944 261 3993 πιινοο
285 3922 348 3999 νδρ
373 3921 482 4001 φύσει,
507 3921 651 3987 nonnihil
669 3921 792 3985 haereo.
827 3918 1042 4001 Ἀνοιρριστεῑν
1061 3922 1196 3987 verbum
1216 3923 1358 3987 activum

166 4046 233 4090 esse
263 4032 400 4104 constat;
432 4028 460 4091 si
490 4029 593 4115 igitur
624 4028 842 4092 accusativum
871 4027 1013 4115 intelligi
1036 4028 1216 4112 putandum
1239 4032 1307 4104 est,
1331 4030 1359 4091 is

166 4153 227 4198 non
258 4138 362 4220 potest
389 4154 455 4199 esse
478 4132 560 4198 elius
583 4154 680 4219 quam
704 4133 828 4197 ἐντίδοι.
863 4132 913 4197 Ex
934 4134 985 4198 his
1009 4140 1192 4220 sequeretur
1214 4134 1359 4198 homines

165 4259 226 4325 non
250 4242 285 4304 τὸ
311 4239 450 4321 ὑπάρχον
474 4240 503 4312 ἐς
528 4242 583 4314 την
604 4240 718 4304 italia
743 4241 954 4318 οἰνοορριττεῖν,
980 4239 1035 4304 sed
1058 4241 1113 4314 την
1136 4240 1251 4305 ἕλτύδοι
1272 4241 1302 4311 ἐς
1324 4242 1359 4304 τύ

166 4342 325 4424 ύσιύρχον,
354 4346 438 4431 quod
460 4347 489 4412 si
510 4343 580 4411 fieri
602 4348 702 4432 possit
725 4366 788 4413 non
809 4345 904 4412 video
927 4365 990 4429 quo
1012 4348 1082 4410 iure
1104 4344 1240 4417 δύστανος
1264 4347 1358 4423 Φύσει

165 4450 305 4529 dicatur,
329 4456 445 4539 quippe
468 4473 548 4538 quas
571 4472 633 4517 non
651 4454 762 4536 perdat
784 4452 840 4517 sed
856 4458 972 4534 pereat.
1009 4450 1165 4517 Tantaene
1188 4453 1298 4516 turbas
1322 4472 1360 4515 ex
