3242 5014
640 366 852 416 emmanu.
1280 344 1346 411 283

156 545 196 612 nd
219 541 357 610 australe
377 559 466 606 mare
487 539 669 606 habitarent
685 558 704 604 a
721 536 852 624 Scythis
874 534 1001 622 pulsos,
1025 533 1089 601 alio
1105 534 1271 622 migrasse.
1296 529 1345 599 Of.

157 649 326 718 Damastes
354 647 385 712 ἐν
406 645 449 728 τῷ
473 644 539 726 περ)
564 641 659 711 ἐθνῶν
681 643 766 729 apud
788 640 898 727 Steph.
923 639 1000 729 Byr.
1024 640 1059 704 in
1082 661 1114 708 υ.
1139 637 1345 719 ‘resparsa

202 755 297 822 Nunc
324 770 564 840 percenseamus
591 770 672 838 quae
701 748 772 815 loca
802 746 838 813 Io
868 747 965 825 adiit,
1001 745 1056 812 sed
1086 745 1191 812 ordiar
1219 747 1346 812 ίιιοστοο.

157 857 285 928 Canobo
308 861 411 948 igitur
433 858 578 944 pervenit
599 854 635 921 Io
659 853 700 920 ad
726 853 796 920 Nili
812 857 1020 931 cataractam,
1043 851 1101 918 ubi
1119 850 1215 918 Nilus
1231 873 1347 938 aquam

157 987 250 1034 suam
271 962 332 1039 ίνισι
357 962 513 1042 Βυβλίνου
536 962 606 1042 δρῶν
628 957 700 1026 ἄπο.
748 959 871 1025 Deinde
892 961 1001 1047 pergit
1019 960 1112 1045 juxta
1132 960 1238 1044 ripam
1256 957 1349 1026 fluvii

157 1073 341 1158 Aethiopis,
366 1072 434 1137 sira
452 1070 480 1136 is
501 1066 598 1134 Nilus
618 1069 687 1152 ipse
705 1070 770 1142 est,
795 1067 863 1133 sire
881 1064 965 1131 alins
984 1067 1040 1151 qui
1056 1066 1091 1130 in
1109 1062 1223 1130 Nilum
1242 1064 1348 1130 infun-

158 1179 256 1246 ditur.
303 1175 413 1243 Oritur
433 1174 553 1241 fluvius
574 1171 659 1259 apud
682 1170 822 1237 ιιελαινίν
843 1175 961 1252 Φῦλον,
984 1162 1012 1235 οἳ
1030 1169 1104 1252 πρὸς
1124 1170 1210 1244 ἠλίου
1232 1170 1348 1236 ναίουσι

159 1289 290 1364 πηγαῖς.
313 1281 386 1349 Non
407 1280 537 1348 videtur
547 1277 774 1355 dubitandum,
799 1278 877 1363 quin
894 1275 1120 1365 intelligantur
1136 1277 1163 1343 oi
1183 1277 1242 1342 ἀπ’
1263 1276 1349 1350 ἠλίου

159 1388 333 1456 ανατολίυν
356 1386 515 1462 altimo,
538 1385 578 1451 de
600 1385 717 1472 quibus
738 1381 921 1449 Herodotus
943 1382 1027 1449 dixit
1048 1379 1119 1447 VII.
1143 1379 1198 1448 70.
1238 1381 1350 1449 Fuerit

162 1494 246 1582 apud
277 1513 331 1560 eos
358 1495 442 1559 mira
470 1491 529 1558 illa
551 1510 631 1577 quae
654 1489 819 1583 dicebatur
840 1486 924 1554 Solis
946 1507 1073 1565 mansa,
1104 1486 1144 1554 de
1166 1507 1230 1574 qua
1250 1486 1351 1556 Hero

161 1598 256 1666 dotus
273 1595 331 1663 ΠΙ.
362 1594 403 1664 17
428 1602 460 1664 at
482 1595 537 1663 23.
584 1594 768 1663 Secundum
790 1592 988 1689 Aeschylum
1009 1593 1157 1660 habitunt
1179 1594 1351 1681 Aethiopes
1376 1624 1383 1633 ’

160 1706 217 1771 isti
246 1703 390 1785 σνλοορίν
417 1711 496 1782 γῆν.
531 1703 628 1768 sicuti
657 1703 724 1766 iam
754 1699 838 1786 apud
868 1698 1048 1766 Homerum
1078 1697 1209 1782 ίσχασοι
1239 1702 1351 1782 ἀνδρῶν

161 1815 237 1877 sunt
267 1815 300 1876 et
329 1808 414 1896 apud
444 1806 645 1875 Herodotum
667 1825 792 1893 quoque
814 1804 872 1871 ΙΠ.
897 1804 941 1871 25
963 1805 1007 1872 τὰ
1030 1803 1158 1888 ἔσχατα
1182 1811 1242 1885 γῆς
1265 1806 1351 1873 inco·

159 1913 244 1982 lunt.

206 2019 393 2112 mersum
417 2017 515 2084 illum
536 2023 683 2096 μουνῶπα
705 2017 900 2098 Ἀριμασπὸν
922 2016 1152 2096 ίπποβοίμονα,
1184 2020 1240 2105 qni
1262 2019 1353 2086 sedes

161 2126 258 2194 habet
286 2123 486 2207 χρυσόρρυτον
517 2124 604 2205 ἀμφὶ
636 2127 724 2202 νῖιμα
747 2122 922 2195 Πλούτωνος
946 2120 1038 2202 πίρου
1061 2127 1093 2188 et
1115 2120 1281 2212 Grypibus
1303 2130 1352 2192 est

161 2234 308 2309 vicinus,
343 2229 492 2316 equidem
526 2230 778 2316 comparaverim
811 2249 886 2295 cum
916 2226 1021 2306 Indis,
1057 2249 1135 2315 quos
1169 2227 1351 2298 Herodotus

161 2344 269 2404 nutat
286 2335 343 2402 111.
369 2334 434 2401 102
458 2356 525 2422 sqq.
549 2356 625 2402 cum
648 2335 752 2401 tribue
774 2334 905 2402 camelis
927 2337 1045 2401 iunctis
1067 2335 1217 2402 sabulum
1238 2336 1352 2404 aurifer

161 2464 235 2511 rnm
256 2446 379 2528 petere,
403 2440 488 2527 quod
509 2439 661 2506 formicae
679 2443 869 2529 egesserint;
895 2460 962 2506 esse
980 2444 1090 2506 autem
1107 2441 1256 2508 formicas
1274 2445 1353 2509 istas

162 2549 293 2618 canibus
316 2547 445 2635 quidem
466 2549 607 2612 minores
629 2546 685 2612 sed
699 2544 853 2631 vulpibus
867 2547 1018 2624 maiores,
1045 2566 1174 2613 summa
1191 2547 1353 2614 celeritate

161 2655 337 2744 praeditas,
366 2673 444 2739 quus
467 2651 539 2718 Indi
563 2650 694 2717 camelis
716 2650 889 2716 insidentes
911 2652 968 2717 rix
990 2651 1155 2739 effugiant.
1181 2691 1224 2702 -
1248 2656 1352 2731 Νιῖμα

162 2759 339 2831 Πλούτωνος
361 2757 451 2837 τίρου
473 2755 556 2822 nihil
579 2755 668 2821 aliud
690 2752 851 2842 significat
872 2776 969 2842 quam
992 2755 1112 2823 flumen
1136 2757 1220 2843 quod
1239 2778 1355 2824 aurum

162 2865 299 2933 devehat
305 2885 314 2944 ;
339 2868 414 2930 sunt
437 2865 471 2928 in
494 2861 586 2927 ludia
607 2859 713 2928 multa
735 2859 869 2927 flumina
884 2882 964 2947 quae
982 2861 1043 2929 hoe
1062 2863 1217 2942 habeant;
1241 2863 1355 2932 Strabo

162 2970 223 3036 hoc
249 2971 319 3056 jam
347 2972 461 3057 norat„
480 2965 586 3032 Ἡλίου
617 2964 720 3045 sacal
751 2972 861 3032 autem
890 2965 1058 3047 dicuntur,
1094 2970 1169 3055 quia
1198 2990 1236 3035 aa
1265 2972 1355 3059 regio

163 3077 309 3142 omnium
332 3080 381 3140 est
402 3071 612 3150 calidissima,
638 3077 766 3140 auctore
787 3069 950 3137 Herodoto
965 3071 1019 3138 111.
1042 3072 1125 3152 104,
1150 3073 1355 3162 multumque
1397 3156 1401 3166 1

163 3182 263 3246 miror
291 3177 470 3245 Hermanni
492 3197 642 3256 acumen,
673 3179 728 3264 qui
750 3177 857 3243 Ἡλίου
877 3177 985 3257 τινας
1008 3180 1043 3244 in
1063 3179 1171 3246 Aliica
1193 3182 1354 3267 quaeriue

163 3287 207 3352 rit
237 3284 278 3351 nd
306 3284 399 3351 littus
429 3285 547 3350 interni
577 3285 685 3350 maris.
734 3281 825 3365 Quod
856 3285 1035 3371 suspicatus
1061 3306 1151 3365 snm,
1188 3286 1354 3355 confirmat

163 3389 342 3477 Aeschylus
364 3391 432 3477 ipse
453 3391 488 3455 in
511 3387 717 3476 Supplicibus
738 3411 785 3456 vs.
809 3388 893 3457 284:

406 3493 506 3569 Ἰνίαὶς
529 3496 629 3561 sinodo
652 3495 789 3573 νομιίδας
814 3495 1030 3576 ίπποβαίμοσιν

414 3595 491 3664 ιίναι
514 3602 665 3676 νιαμνίλοις
689 3598 1022 3681 αςραβιζούσας,
1046 3601 1144 3683 χίίνα

412 3706 487 3784 παρ’
511 3702 657 3785 Αἰθίοψιν
679 3705 986 3785 οίςυχειπουουμένας.

209 3806 320 3894 Itaque
342 3812 485 3895 apparctj
506 3810 679 3876 secundnm
703 3810 900 3898 Aeschylum
923 3812 958 3877 τί
983 3813 1121 3878 κελαινὸν
1145 3817 1246 3895 φῦλον
1269 3815 1352 3882 illud

163 3918 199 3983 in
222 3911 350 3979 Oriente
381 3912 541 3981 habitasse
562 3915 731 3982 meridiem
753 3937 863 3983 versus
886 3921 982 4004 atque
1004 3919 1043 3983 ab
1067 3919 1108 3984 iis
1131 3918 1269 3988 flurium
1292 3922 1352 3988 Aa

74 4081 78 4089 .
163 4022 275 4106 thiopa
295 4017 372 4084 farri
393 4039 493 4105 usque
516 4019 556 4086 ad
577 4019 647 4086 Nili
669 4027 870 4088 cataractam.

208 4123 346 4210 Reliqua
363 4126 433 4210 jam
455 4124 596 4214 intelligi
617 4126 682 4193 fars
700 4134 848 4213 possunt,
873 4127 928 4195 sed
946 4128 1060 4196 multis
1078 4132 1200 4197 mirum
1218 4133 1350 4203 fortasse

163 4231 342 4307 videbitur,
365 4237 535 4317 postquam
556 4232 733 4319 Bosporum
756 4230 970 4302 Cimmerium
989 4239 1162 4322 trajecerit,
1187 4243 1351 4326 pervenire

162 4338 289 4416 Ionem,
314 4357 361 4404 rs.
386 4335 469 4418 79³,
1206 4356 1208 4362 ⁸

420 4444 491 4527 πρὸς
517 4445 679 4528 Γορχίνσια
702 4446 793 4512 usila
819 4446 991 4527 Κισθήνης,
1019 4446 1067 4513 ἵνα
