3244 5012
511 363 554 409 en
577 361 805 408 inruomcnu
824 361 1021 410 renarrnau.
1290 344 1354 409 325

167 533 207 597 ad
241 530 328 596 rem?
374 531 462 597 Num
492 535 619 615 poetam
649 529 683 594 id
711 536 805 615 putas
827 538 1082 596 memoraturum
1105 530 1219 597 nisse?
1255 533 1353 598 Noetu

168 643 275 702 ortum
307 642 355 703 eet
391 635 591 712 incendium,
625 635 808 700 dormiebant
846 654 968 713 cmnee;
1008 654 1103 701 nemo
1133 635 1245 723 effugit
1272 637 1353 705 cala·

169 740 335 807 mitatem!

211 845 323 934 Epigr.
349 844 425 911 479.

302 952 415 1031 Πέτρος
438 951 499 1028 ἐγὼ
522 949 556 1015 τὸ
580 950 683 1015 πάλαι
707 951 784 1030 yart
808 949 860 1015 καὶ
884 947 1031 1031 άπριπτος
1055 951 1189 1029 ἐπιβλὴς

346 1058 402 1131 τὴν
425 1054 624 1136 Ἡρακλείτου
647 1052 726 1120 ἔνδον
748 1052 812 1136 ἔχοι
837 1055 997 1138 κεφαλήν.

302 1161 375 1225 aide
395 1160 432 1239 μ’
455 1158 576 1240 ἓτριψεν
600 1159 765 1239 κροκάλαις
789 1159 869 1224 ἴσον·
893 1161 927 1224 ἕν
951 1162 1013 1239 γάρ
1038 1160 1172 1242 άμάξρ

348 1265 542 1347 παμφόρῳ
564 1264 674 1345 αἰζηῶν
697 1265 803 1339 rivalta
826 1266 996 1342 τέταμαι·

212 1372 448 1438 Tnnononmnu
471 1391 623 1457 usurpare
652 1373 793 1454 potuieae
822 1367 935 1449 ἅμαξα
966 1390 1023 1456 pro
1046 1368 1199 1450 άμοξιτός
1224 1391 1351 1457 prorsus

168 1477 361 1542 incredibile.
397 1475 493 1542 Venit
513 1479 548 1541 in
570 1483 729 1542 mentem:

679 1664 691 1687 x
757 1578 860 1661 ύνᾶο
884 1580 1061 1659 ἁμάξαις

394 1684 633 1767 πάμφθνρος
657 1686 766 1766 αἰζηῶν
788 1685 894 1761 allodia
918 1684 1068 1764 τέταμαι.

167 1795 188 1854 i.
213 1811 239 1855 e.
257 1792 396 1873 profecte
418 1792 495 1855 οιιοοι
515 1792 663 1855 laminam
685 1789 1023 1879 (praetervehentium)
1042 1794 1170 1876 poetria
1186 1794 1281 1875 ρύιικο
1303 1795 1352 1857 ού-

167 1897 258 1959 triten
279 1897 360 1960 ιὀοοο
382 1897 416 1960 ia
438 1896 499 1961 οιό.

212 2000 322 2088 Epigr.
348 1998 426 2066 488.

257 2108 337 2172 etat
355 2105 601 2186 Ἀριςοκράτεια,
627 2107 665 2170 οὺ
687 2108 744 2184 μὲν
768 2105 876 2185 βαθὺν
898 2108 941 2179 εἷς
966 2107 1137 2190 Ἀχέροντα

302 2210 405 2293 οἴχεαι
427 2212 535 2290 ὡραίου
558 2210 782 2289 κεκλιμένα
805 2214 860 2293 πρὸ
884 2210 1008 2291 γάμου·

256 2318 351 2398 ματρὶ
375 2318 406 2382 δὲ
431 2316 548 2397 δάκρυα
571 2324 613 2402 aqi
637 2318 887 2392 acrentinam,
911 2314 933 2383 ά
957 2318 988 2382 τ’
1012 2317 1061 2382 ἐπὶ
1086 2317 1199 2399 τύμβῳ

303 2421 476 2487 πολλάκι
501 2421 727 2501 κεκλιμένα
750 2422 857 2488 κωκύει
882 2423 924 2487 ἐκ
947 2426 1142 2503 κεφαλάς.

166 2525 344 2592 Hermanni
373 2529 552 2593 coniectura
581 2527 754 2604 κεκλιμένα
777 2526 935 2592 refellitur
957 2528 1100 2611 sequenti
1124 2528 1348 2610 leucocrota,

165 2630 249 2696 unde
270 2632 439 2697 manifeste
462 2636 591 2716 apparet
612 2650 792 2696 sermonem
813 2631 911 2696 fnium
934 2630 974 2696 de
996 2630 1129 2695 οννκύύκο
1154 2631 1248 2714 capiti
1270 2634 1350 2696 erut

166 2737 225 2813 ονί,
257 2733 340 2819 quod
365 2736 400 2799 in
425 2733 516 2799 luctu
537 2730 607 2798 fieri
629 2734 762 2799 solitum
785 2755 851 2799 eece
873 2753 967 2799 nemo
990 2735 1126 2820 ignorat.
1163 2732 1242 2799 Vide
1266 2756 1299 2801 v.
1323 2757 1350 2800 c.

167 2839 236 2906 Vll.
260 2837 325 2905 241
350 2860 398 2906 re.
422 2837 443 2904 2
467 2842 499 2903 et
526 2835 556 2901 5.
592 2835 678 2903 Hinc
701 2840 842 2926 corrigo:

792 2940 868 3008 ἅτ’
892 2944 942 3009 ἐπὶ
966 2943 1078 3024 τύμβῳ

258 3048 392 3113 πολλοὶ
413 3049 519 3127 τρίχ’
543 3046 744 3126 ἑλκομένα
767 3045 874 3113 κοικύει
898 3049 934 3113 ἐκ
956 3052 1114 3131 κεφαλάς.

210 3155 328 3242 lunge:
363 3155 468 3219 πολλοὶ
499 3152 607 3218 κωκύει
631 3176 676 3233 τρ.
702 3153 747 3218 ἐλ.
772 3154 798 3218 ε’.
824 3160 897 3235 κεφ.
931 3151 1032 3239 Saepe
1054 3158 1163 3219 autem
1185 3152 1349 3221 collective

164 3262 311 3345 uempari
339 3258 495 3346 singulari
523 3279 656 3325 numero
686 3278 796 3326 vocem
827 3257 899 3340 θρίξ
927 3262 984 3327 vix
1012 3259 1167 3344 estquod
1188 3280 1347 3328 moneam.

165 3364 202 3429 In
223 3366 310 3431 hisee
333 3365 527 3430 carminibus
548 3364 622 3431 vide
644 3387 676 3431 v.
702 3385 728 3429 e.
752 3361 813 3442 VI,
840 3362 922 3442 156,
949 3363 979 3429 1.
1003 3363 1111 3430 Errori
1134 3384 1242 3430 aueum
1261 3366 1351 3432 dedit

167 3472 335 3547 κεκλιμένα
358 3471 392 3534 in
415 3490 509 3536 versu
528 3467 725 3555 paenultima
745 3473 778 3533 et
795 3468 900 3536 πολλά
919 3467 1107 3555 explicitum
1125 3490 1182 3555 per
1201 3469 1348 3535 πολλάκι.

211 3575 322 3662 Epigr.
348 3573 430 3654 506,
456 3572 487 3638 5.

243 3692 247 3695 ’
562 3679 655 3753 αὐτὸς
680 3679 711 3744 δὲ
733 3679 926 3760 μετάτροπος
948 3680 983 3744 ἐκ
1005 3677 1107 3757 βυθοῦ
1130 3678 1258 3761 ἕρροιν.

210 3785 352 3852 Verbum
375 3781 465 3865 ἔρρειν
487 3790 660 3870 usurpatur
683 3786 721 3852 de
745 3788 786 3850 iic
808 3786 865 3871 qni
887 3786 921 3848 in
942 3804 1035 3849 euam
1052 3787 1225 3870 perniciem
1244 3785 1350 3871 aliquo

166 3892 292 3955 abeunt.
328 3887 391 3953 Sed
420 3890 476 3973 qui
505 3888 558 3953 hic
587 3888 692 3954 iatum
723 3911 818 3956 suum
840 3894 955 3955 narrat·
970 3885 1172 3967 Charmides,
1196 3896 1230 3954 at
1250 3892 1352 3956 aulem

165 4000 256 4070 οοιοι,
276 4014 408 4070 narem,
429 4012 525 4076 quam
544 4013 674 4058 ancorae
693 3994 903 4079 expediendae
923 4013 1017 4087 cauea
1029 3992 1217 4079 reliquerat,
1231 3998 1349 4062 iterum

167 4097 371 4164 conscendere
401 4102 532 4162 conatur
562 4100 688 4164 trintina
719 4120 759 4164 an
781 4099 885 4164 fauete
908 4119 1071 4176 successu,
1096 4100 1180 4166 nihil
1202 4100 1349 4183 adrem,

167 4209 205 4268 ut
233 4205 352 4288 opinor.
389 4202 492 4283 Quare
521 4204 744 4290 corrigendum
768 4201 904 4282 ἕρπων.
939 4202 1063 4269 Ibidem
1085 4224 1132 4270 re.
1159 4203 1176 4266 1
1201 4204 1273 4292 lege
1295 4208 1349 4280 κήν

168 4318 211 4390 τῇ
242 4311 319 4382 κύν’
340 4308 407 4395 (pro
437 4308 517 4394 καὶ)
542 4308 640 4388 πόντῳ
663 4314 696 4373 et
718 4329 764 4375 ve.
788 4307 809 4373 8
831 4303 928 4384 ἦλθε,
953 4306 1138 4388 κατέβροξεν
1161 4330 1218 4394 pro
1237 4305 1348 4389 ἦλθεν,

169 4413 360 4495 άπέβροξεν,
386 4414 469 4500 quod
491 4416 585 4479 nauci
608 4417 671 4492 eet3
696 4416 759 4480 niai
775 4415 855 4480 forte
871 4415 1048 4498 recipienda
1064 4414 1227 4481 Planudea
1238 4414 1351 4480 lectio:
