3242 5014
294 367 361 434 230
781 373 992 425 rmnmsnu.

297 552 437 621 Oauesso
466 574 540 620 eum
567 548 739 637 alligatum
758 549 856 613 fuisse
875 553 1007 614 cenent.
1027 550 1168 632 Apparet
1186 564 1225 610 ex
1244 543 1390 611 versibus
1409 559 1483 627 quos

298 656 408 725 Cicero
431 661 477 724 sio
499 660 613 725 vertit:

435 761 575 830 luetiiiea
596 760 700 827 clades
722 764 829 825 nostro
850 757 948 823 infixa
971 763 1020 823 est
1041 759 1181 843 corpori,

435 891 453 936 e
475 891 537 956 quo
558 868 698 954 liquatae
720 864 797 931 solia
819 864 929 930 ardore
951 862 1103 928 exeidunt

432 978 564 1064 guttae,
589 992 669 1059 quae
691 991 766 1039 saxa
788 968 914 1036 assidue
935 966 1094 1034 instillant
1119 966 1257 1033 Οσνοσοί.

343 1080 381 1146 In
403 1079 594 1146 Prometheo
619 1079 728 1145 vineto
751 1072 911 1141 Caucasus
932 1091 996 1139 non
1018 1072 1178 1139 indicatur
1201 1070 1349 1159 quidem,
1381 1068 1438 1134 sed
1457 1073 1487 1132 et

299 1207 355 1272 per
377 1206 411 1251 se
433 1187 539 1270 ipsum
567 1181 742 1250 vensimile
765 1184 830 1257 est,
862 1176 998 1245 eundem
1028 1176 1137 1244 losum
1157 1196 1214 1263 per
1236 1182 1408 1260 utramque
1429 1178 1488 1239 trs·

299 1290 448 1376 goediem
471 1289 622 1377 eogitari,
647 1292 680 1353 et
702 1285 788 1351 idern
812 1283 948 1350 efficitur
969 1304 987 1349 e
1010 1304 1057 1350 rs.
1083 1280 1160 1349 406:

437 1393 540 1461 ίπίσοι
563 1394 593 1458 π’
617 1392 735 1459 ίποικον
760 1391 863 1470 aynae

426 1500 536 1573 Ἀσίας
563 1497 627 1572 ἕδος
652 1497 793 1576 νέμονται
818 1495 1055 1585 μεγαλοςίνρισι
1077 1502 1141 1569 σοῖς

781 1604 906 1679 πήμασι
929 1598 1142 1680 συγκάμνουσι
1168 1600 1280 1665 ώνιιποί.

440 1707 591 1790 Κολχίδος
615 1732 651 1772 πε
674 1711 738 1785 γᾶς
763 1704 865 1772 ίνοικοι

441 1814 493 1879 καί
518 1811 644 1888 Σκύθης
669 1810 792 1892 ὅμιλος,
816 1805 844 1876 oi
866 1814 930 1889 μοῖς

441 1916 577 2001 έσχοιπον
599 1918 692 1983 πίπον
715 1916 804 1997 ώμΦδ
828 1922 968 1980 Μαιῶτιν
992 1913 1097 1996 έχουσι
1124 1914 1263 1993 λίμναν.

444 2022 595 2095 Χαλκίδος
620 2025 648 2088 π’
673 2021 770 2101 ἄρειον
793 2019 905 2096 ώνθος,

442 2127 627 2210 ὑψίκρημνον
651 2124 840 2207 οί,πο’λισμα

443 2233 608 2299 Καυκώσου
630 2233 732 2305 πέλοις
753 2231 906 2312 νέμονται.
1581 2274 1582 2299 ι

350 2337 388 2403 ln
418 2334 534 2405 Codice
563 2339 684 2428 legitur
709 2338 880 2420 Ἀραβίοις·
909 2335 1125 2403 Heimsoethii
1148 2337 1299 2403 eomeetio
1324 2336 1492 2412 Χαλκίδος,
1581 2370 1582 2407 ι

306 2441 454 2523 Kiehlio,
485 2443 563 2510 dum
592 2445 670 2511 haee
701 2449 774 2510 ente
802 2441 910 2529 plures
932 2463 1029 2510 annos
1051 2442 1226 2521 scribebat,
1258 2442 1403 2509 nondum
1426 2448 1495 2509 notu

307 2568 373 2614 esse
395 2554 534 2634 poterat,
559 2549 613 2616 sed
636 2570 676 2615 ex
697 2552 761 2616 ista
782 2568 890 2614 reeens
908 2554 1033 2635 reperta
1054 2547 1273 2614 emendatione
1294 2547 1495 2615 confirmetur

308 2656 414 2741 magis
447 2656 546 2721 etiam
580 2655 665 2742 quod
699 2655 793 2733 dicit,
829 2650 1015 2720 Oolehidem
1049 2659 1082 2719 et
1115 2651 1253 2741 Scythas
1286 2659 1320 2719 et
1341 2652 1496 2721 Paludem

308 2759 472 2826 Maeotide
493 2762 571 2827 satis
590 2759 753 2827 ostendere
772 2756 952 2825 Gauomum
971 2780 1039 2826 ease
1055 2757 1174 2824 alieubi
1193 2760 1227 2824 in
1245 2761 1376 2826 vicinia.
1406 2756 1497 2826 chu-

309 2864 414 2930 aidem
448 2872 558 2932 autem
591 2887 631 2932 ex
664 2864 818 2933 Strabone
848 2871 882 2930 et
910 2862 1070 2950 Stephano
1103 2862 1259 2950 Byzantio
1289 2866 1445 2932 norimus
1467 2865 1498 2928 in

310 2968 445 3056 Scythia
467 2970 564 3037 fuisse
587 2971 711 3037 urbem.
1580 3034 1581 3057 ρ

356 3074 538 3141 Videndum
556 3078 625 3161 jam
647 3081 712 3153 est,
737 3076 793 3140 nbi
820 3074 1000 3162 Aeschylus
1021 3071 1099 3140 fines
1121 3074 1217 3140 Asiae
1240 3079 1335 3160 atque
1357 3074 1500 3162 Europae
1580 3066 1581 3071 ί

310 3181 408 3247 fuisse
438 3183 610 3266 putaverit.
656 3180 694 3246 In
723 3180 914 3246 Prometheo
940 3178 1046 3246 soluto
1073 3197 1201 3265 prorsus
1231 3185 1354 3247 consus
1382 3180 1500 3247 Phasin

312 3287 424 3351 Asiam
453 3285 493 3350 ab
524 3284 652 3371 Europa
682 3288 864 3374 sejungere3
896 3285 1008 3351 ser-ibit
1037 3287 1125 3351 enim
1155 3284 1329 3372 Prooopius
1357 3287 1392 3351 in
1414 3284 1500 3352 Hist

312 3386 410 3457 Goth.
441 3388 486 3454 IV
510 3388 531 3455 6
553 3411 585 3476 p.
611 3388 687 3455 336.
714 3389 774 3456 112
808 3388 1071 3472 δοραγςιδοποιδς
1102 3390 1262 3472 Λίσχιίκος
1290 3389 1503 3471 ένΠρομηδιί

311 3496 355 3576 τῷ
384 3494 519 3577 λυομένῳ
550 3484 644 3567 edbrit
676 3495 849 3579 ώρχίμενοο
878 3503 935 3572 της
965 3494 1140 3578 τραγῳδίαι
1163 3496 1215 3562 πδν
1238 3495 1380 3575 ποσαμδν
1404 3500 1501 3562 Φῖισιν

311 3600 443 3682 τέρμονα
467 3609 562 3667 καλεῖ
579 3609 639 3681 γῆς
661 3625 698 3665 πο
721 3607 775 3675 τῆς
799 3601 911 3674 Ἀσίας
928 3601 981 3667 καί
1000 3611 1055 3678 πῆς
1078 3601 1234 3682 Εὐρώπης.
1260 3601 1351 3668 Idem
1365 3602 1502 3669 traditur

311 3709 345 3773 in
368 3705 496 3794 Periplo
518 3707 614 3775 Ponti
635 3707 717 3773 Eun.
741 3712 774 3773 et
795 3706 967 3774 Maeotidis
988 3706 1051 3793 pal.
1076 3729 1108 3793 p.
1130 3708 1146 3773 l
1170 3715 1203 3773 et
1224 3707 1308 3794 apud
1331 3709 1502 3775 Arrianum

312 3812 431 3899 Peripl.
454 3812 548 3879 Pont.
572 3813 665 3892 nux„
689 3815 746 3899 qui
767 3814 875 3898 ipsum
897 3812 1178 3900 Aeschyli'looum
1202 3813 1309 3881 affert:

597 3929 635 4002 τῇ
660 3919 718 3999 μέν
740 3918 863 3998 δίδυμον
885 3917 991 3999 χίονδς
1017 3919 1162 4000 Εὐρώπης

597 4024 704 4106 μέγαν
726 4024 773 4102 ἧδ’
797 4025 907 4097 Ἀσίας
929 4024 1060 4106 τέρμονα
1085 4028 1193 4092 saort.
1579 4070 1580 4099 ς

360 4126 477 4196 Contra
505 4133 539 4195 in
569 4130 760 4198 Prometheo
788 4133 897 4199 vineto
930 4152 978 4197 rs.
1004 4127 1069 4197 729
1116 4129 1274 4217 Bosporus
1310 4127 1502 4197 Cimmerius

312 4233 456 4320 Europae
490 4233 561 4301 finis
591 4242 656 4303 est:
692 4234 805 4316 ίσθμδν
836 4236 882 4313 δ’,
918 4238 1024 4323 inquit
1053 4236 1281 4316 Prometheus,
1318 4234 1500 4318 Κιμμερικδν

313 4338 392 4416 ἥξεις
425 4344 520 4425 atque
550 4343 596 4408 sie
619 4346 754 4408 λιποῦσα
777 4344 803 4408 δ’
830 4344 973 4423 Εὐρώπης
998 4340 1086 4408 πέδον
1110 4343 1228 4424 ἤπειρον
1252 4339 1332 4420 ἥξεις
1356 4339 1499 4407 Ἀσιάδι.

312 4445 390 4510 Post
412 4443 596 4513 videbimus
619 4448 702 4532 quod
724 4449 843 4515 flumen
865 4446 1068 4536 intelligatur
1089 4469 1136 4516 vs.
1162 4445 1246 4514 790:
1271 4443 1347 4514 ὅταν
1368 4445 1500 4529 περοίσηι
