<?xml version="1.0" encoding="UTF-8"?>
<!DOCTYPE html PUBLIC "-//W3C//DTD XHTML 1.0 Transitional//EN"
    "http://www.w3.org/TR/xhtml1/DTD/xhtml1-transitional.dtd">
<html xmlns="http://www.w3.org/1999/xhtml" xml:lang="en" lang="en">
 <head>
  <title>
</title>
<meta http-equiv="Content-Type" content="text/html;charset=utf-8" />
  <meta name='ocr-system' content='tesseract 3.04.00' />
  <meta name='ocr-capabilities' content='ocr_page ocr_carea ocr_par ocr_line ocrx_word'/>
</head>
<body>
  <div class='ocr_page' id='page_1' title='image "./mnemosynebiblio00servgoog_0062.png"; bbox 0 0 3254 5034; ppageno 0'>
   <div class='ocr_carea' id='block_1_1' title="bbox 573 343 978 397">
    <p class='ocr_par' dir='ltr' id='par_1_1' title="bbox 573 343 978 397">
     <span class='ocr_line' id='line_1_1' title="bbox 573 343 978 397; baseline 0.015 -6"><span class='ocrx_word' id='word_1_1' title='bbox 573 343 768 394; x_wconf 68' lang='lat' dir='ltr'><strong>Plilbbbddissd</strong></span> <span class='ocrx_word' id='word_1_2' title='bbox 791 347 829 397; x_wconf 74' lang='lat' dir='ltr'><strong>BT</strong></span> <span class='ocrx_word' id='word_1_3' title='bbox 851 347 978 397; x_wconf 73' lang='grc' dir='ltr'><strong>ῦΙΙΙἸΙῦΔ.</strong></span> 
     </span>
    </p>
   </div>
   <div class='ocr_carea' id='block_1_2' title="bbox 162 510 1370 3565">
    <p class='ocr_par' dir='ltr' id='par_1_2' title="bbox 171 510 1098 811">
     <span class='ocr_line' id='line_1_2' title="bbox 429 510 1098 600; baseline 0.016 -24"><span class='ocrx_word' id='word_1_4' title='bbox 429 510 531 595; x_wconf 80' lang='grc' dir='ltr'><strong><em>οθσδρ</em></strong></span> <span class='ocrx_word' id='word_1_5' title='bbox 554 514 632 595; x_wconf 74' lang='grc' dir='ltr'><strong>ἐγὼν</strong></span> <span class='ocrx_word' id='word_1_6' title='bbox 654 512 775 594; x_wconf 98' lang='grc' dir='ltr'>Ἰθάκην</span> <span class='ocrx_word' id='word_1_7' title='bbox 799 517 1098 600; x_wconf 67' lang='grc' dir='ltr'><strong>ἐσελεύσομαι,</strong></span> 
     </span>
     <span class='ocr_line' id='line_1_3' title="bbox 171 610 476 702; baseline 0.01 -23"><span class='ocrx_word' id='word_1_8' title='bbox 171 621 208 680; x_wconf 89' lang='lat' dir='ltr'><strong>et</strong></span> <span class='ocrx_word' id='word_1_9' title='bbox 231 610 348 702; x_wconf 83' lang='lat' dir='ltr'><strong>Odyss.</strong></span> <span class='ocrx_word' id='word_1_10' title='bbox 374 626 408 682; x_wconf 83' lang='lat' dir='ltr'><strong>P.</strong></span> <span class='ocrx_word' id='word_1_11' title='bbox 433 623 476 682; x_wconf 66' lang='lat' dir='ltr'><strong>tta</strong></span> 
     </span>
     <span class='ocr_line' id='line_1_4' title="bbox 427 724 1087 811; baseline 0.011 -21"><span class='ocrx_word' id='word_1_12' title='bbox 427 724 528 807; x_wconf 77' lang='grc' dir='ltr'><strong><em>οοθσοδρ</em></strong></span> <span class='ocrx_word' id='word_1_13' title='bbox 552 725 631 803; x_wconf 76' lang='grc' dir='ltr'><strong>ἐγὼν</strong></span> <span class='ocrx_word' id='word_1_14' title='bbox 655 727 770 809; x_wconf 65' lang='lat' dir='ltr'><strong>sporta</strong></span> <span class='ocrx_word' id='word_1_15' title='bbox 793 728 1087 811; x_wconf 69' lang='grc' dir='ltr'><strong>ἐσελεύσομαι.</strong></span> 
     </span>
    </p>

    <p class='ocr_par' dir='ltr' id='par_1_3' title="bbox 169 827 1370 1532">
     <span class='ocr_line' id='line_1_5' title="bbox 219 827 1370 918; baseline 0.013 -28"><span class='ocrx_word' id='word_1_16' title='bbox 219 827 405 893; x_wconf 80' lang='lat' dir='ltr'><strong>Adnotatur</strong></span> <span class='ocrx_word' id='word_1_17' title='bbox 439 829 480 896; x_wconf 86' lang='lat' dir='ltr'><strong>ud</strong></span> <span class='ocrx_word' id='word_1_18' title='bbox 506 840 546 897; x_wconf 83' lang='grc' dir='ltr'><strong>Α.</strong></span> <span class='ocrx_word' id='word_1_19' title='bbox 571 835 625 897; x_wconf 86' lang='grc'><strong>88.</strong></span> <span class='ocrx_word' id='word_1_20' title='bbox 649 833 811 915; x_wconf 72' lang='grc' dir='ltr'><strong>γράφεται</strong></span> <span class='ocrx_word' id='word_1_21' title='bbox 834 834 886 899; x_wconf 77' lang='lat' dir='ltr'><strong>xci</strong></span> <span class='ocrx_word' id='word_1_22' title='bbox 909 835 1004 918; x_wconf 76' lang='grc' dir='ltr'><strong><em>χωρὶς</em></strong></span> <span class='ocrx_word' id='word_1_23' title='bbox 1028 841 1082 903; x_wconf 81' lang='grc' dir='ltr'><strong>τοῦ</strong></span> <span class='ocrx_word' id='word_1_24' title='bbox 1107 845 1135 903; x_wconf 88' lang='grc' dir='ltr'>Δ</span> <span class='ocrx_word' id='word_1_25' title='bbox 1160 834 1280 914; x_wconf 91' lang='grc' dir='ltr'>Ἰθάκην</span> <span class='ocrx_word' id='word_1_26' title='bbox 1302 837 1370 905; x_wconf 65' lang='lat' dir='ltr'><strong>irs·</strong></span> 
     </span>
     <span class='ocr_line' id='line_1_6' title="bbox 169 933 1368 1025; baseline 0.012 -28"><span class='ocrx_word' id='word_1_27' title='bbox 169 933 349 1012; x_wconf 83' lang='grc' dir='ltr'><strong><em>λεθσοροοκ,</em></strong></span> <span class='ocrx_word' id='word_1_28' title='bbox 371 941 405 999; x_wconf 88' lang='lat' dir='ltr'><strong>et</strong></span> <span class='ocrx_word' id='word_1_29' title='bbox 427 935 478 1002; x_wconf 87' lang='lat' dir='ltr'><strong>ud.</strong></span> <span class='ocrx_word' id='word_1_30' title='bbox 503 946 537 1003; x_wconf 86' lang='lat' dir='ltr'><strong>P.</strong></span> <span class='ocrx_word' id='word_1_31' title='bbox 557 940 599 1001; x_wconf 69' lang='lat' dir='ltr'><strong>bb</strong></span> <span class='ocrx_word' id='word_1_32' title='bbox 620 937 733 1019; x_wconf 76' lang='grc' dir='ltr'><strong>άγορην</strong></span> <span class='ocrx_word' id='word_1_33' title='bbox 751 938 972 1019; x_wconf 78' lang='grc' dir='ltr'><strong><em>ἕοελεθοομοκοτ</em></strong></span> <span class='ocrx_word' id='word_1_34' title='bbox 998 943 1202 1025; x_wconf 77' lang='grc' dir='ltr'><strong>’Λροςοφάνης</strong></span> <span class='ocrx_word' id='word_1_35' title='bbox 1224 943 1368 1010; x_wconf 80' lang='grc' dir='ltr'><strong><em>ἐλεθσο·</em></strong></span> 
     </span>
     <span class='ocr_line' id='line_1_7' title="bbox 170 1040 1368 1136; baseline 0.012 -34"><span class='ocrx_word' id='word_1_36' title='bbox 170 1061 255 1115; x_wconf 81' lang='grc' dir='ltr'><strong>μοι.</strong></span> <span class='ocrx_word' id='word_1_37' title='bbox 305 1042 410 1125; x_wconf 77' lang='lat' dir='ltr'><strong>Atque</strong></span> <span class='ocrx_word' id='word_1_38' title='bbox 445 1040 504 1106; x_wconf 93' lang='lat' dir='ltr'><strong>boc</strong></span> <span class='ocrx_word' id='word_1_39' title='bbox 540 1041 669 1129; x_wconf 88' lang='lat' dir='ltr'><strong>quidem</strong></span> <span class='ocrx_word' id='word_1_40' title='bbox 704 1043 875 1111; x_wconf 79' lang='lat' dir='ltr'><strong>manifesto</strong></span> <span class='ocrx_word' id='word_1_41' title='bbox 908 1046 1097 1115; x_wconf 90' lang='lat' dir='ltr'><strong>mendosum</strong></span> <span class='ocrx_word' id='word_1_42' title='bbox 1130 1055 1190 1115; x_wconf 85' lang='lat' dir='ltr'><strong>est.</strong></span> <span class='ocrx_word' id='word_1_43' title='bbox 1238 1048 1368 1136; x_wconf 76' lang='lat' dir='ltr'><strong>Ambigi</strong></span> 
     </span>
     <span class='ocr_line' id='line_1_8' title="bbox 169 1142 1369 1234; baseline 0.011 -26"><span class='ocrx_word' id='word_1_44' title='bbox 169 1142 311 1210; x_wconf 75' lang='lat' dir='ltr'><strong>fortasse</strong></span> <span class='ocrx_word' id='word_1_45' title='bbox 341 1148 445 1232; x_wconf 91' lang='lat' dir='ltr'><strong>potuit</strong></span> <span class='ocrx_word' id='word_1_46' title='bbox 473 1158 582 1213; x_wconf 84' lang='lat' dir='ltr'><strong>utrum</strong></span> <span class='ocrx_word' id='word_1_47' title='bbox 607 1150 722 1230; x_wconf 73' lang='grc' dir='ltr'><strong>οὶηορθν</strong></span> <span class='ocrx_word' id='word_1_48' title='bbox 745 1170 785 1215; x_wconf 84' lang='lat' dir='ltr'><strong>an</strong></span> <span class='ocrx_word' id='word_1_49' title='bbox 810 1152 980 1234; x_wconf 76' lang='grc' dir='ltr'><strong><em>άνορθνδε,</em></strong></span> <span class='ocrx_word' id='word_1_50' title='bbox 1005 1154 1126 1233; x_wconf 86' lang='grc' dir='ltr'>Ἰθάκην</span> <span class='ocrx_word' id='word_1_51' title='bbox 1150 1174 1190 1220; x_wconf 82' lang='lat' dir='ltr'><strong>an</strong></span> <span class='ocrx_word' id='word_1_52' title='bbox 1215 1153 1369 1231; x_wconf 87' lang='grc' dir='ltr'><strong>Ἰθάκηνδε</strong></span> 
     </span>
     <span class='ocr_line' id='line_1_9' title="bbox 169 1251 1365 1342; baseline 0.014 -33"><span class='ocrx_word' id='word_1_53' title='bbox 169 1251 281 1315; x_wconf 85' lang='lat' dir='ltr'><strong>verior</strong></span> <span class='ocrx_word' id='word_1_54' title='bbox 305 1261 388 1317; x_wconf 85' lang='lat' dir='ltr'><strong>esset</strong></span> <span class='ocrx_word' id='word_1_55' title='bbox 413 1254 593 1341; x_wconf 83' lang='lat' dir='ltr'><strong>scriptura,</strong></span> <span class='ocrx_word' id='word_1_56' title='bbox 618 1254 674 1321; x_wconf 93' lang='lat' dir='ltr'><strong>sed</strong></span> <span class='ocrx_word' id='word_1_57' title='bbox 698 1256 834 1342; x_wconf 76' lang='lat' dir='ltr'><strong>simplex</strong></span> <span class='ocrx_word' id='word_1_58' title='bbox 857 1258 1024 1338; x_wconf 67' lang='lat' dir='ltr'><strong>tredernon</strong></span> <span class='ocrx_word' id='word_1_59' title='bbox 1045 1261 1168 1328; x_wconf 85' lang='lat' dir='ltr'><strong>unitum</strong></span> <span class='ocrx_word' id='word_1_60' title='bbox 1188 1259 1241 1326; x_wconf 90' lang='lat' dir='ltr'><strong>bic</strong></span> <span class='ocrx_word' id='word_1_61' title='bbox 1260 1260 1365 1327; x_wconf 86' lang='lat' dir='ltr'><strong>iocum</strong></span> 
     </span>
     <span class='ocr_line' id='line_1_10' title="bbox 171 1355 1366 1447; baseline 0.013 -28"><span class='ocrx_word' id='word_1_62' title='bbox 171 1355 281 1422; x_wconf 88' lang='lat' dir='ltr'><strong>babet.</strong></span> <span class='ocrx_word' id='word_1_63' title='bbox 330 1358 490 1445; x_wconf 84' lang='lat' dir='ltr'><strong>Equidem</strong></span> <span class='ocrx_word' id='word_1_64' title='bbox 522 1359 599 1426; x_wconf 85' lang='lat' dir='ltr'><strong>olim</strong></span> <span class='ocrx_word' id='word_1_65' title='bbox 632 1362 817 1447; x_wconf 89' lang='lat' dir='ltr'><strong>suspicatus</strong></span> <span class='ocrx_word' id='word_1_66' title='bbox 841 1383 913 1430; x_wconf 89' lang='lat' dir='ltr'><strong>sum</strong></span> <span class='ocrx_word' id='word_1_67' title='bbox 942 1374 1081 1433; x_wconf 84' lang='lat' dir='ltr'><strong>veterem</strong></span> <span class='ocrx_word' id='word_1_68' title='bbox 1105 1387 1144 1434; x_wconf 86' lang='lat' dir='ltr'><strong>nc</strong></span> <span class='ocrx_word' id='word_1_69' title='bbox 1169 1387 1276 1434; x_wconf 86' lang='lat' dir='ltr'><strong>reram</strong></span> <span class='ocrx_word' id='word_1_70' title='bbox 1301 1366 1366 1435; x_wconf 92' lang='lat' dir='ltr'><strong>lec·</strong></span> 
     </span>
     <span class='ocr_line' id='line_1_11' title="bbox 169 1463 495 1532; baseline 0.015 -5"><span class='ocrx_word' id='word_1_71' title='bbox 169 1463 294 1529; x_wconf 85' lang='lat' dir='ltr'><strong>tionem</strong></span> <span class='ocrx_word' id='word_1_72' title='bbox 319 1483 389 1531; x_wconf 88' lang='lat' dir='ltr'><strong>esse</strong></span> <span class='ocrx_word' id='word_1_73' title='bbox 411 1464 495 1532; x_wconf 89' lang='lat' dir='ltr'><strong>banc</strong></span> 
     </span>
    </p>

    <p class='ocr_par' dir='ltr' id='par_1_4' title="bbox 166 1572 1165 2290">
     <span class='ocr_line' id='line_1_12' title="bbox 400 1572 1028 1657; baseline 0.011 -21"><span class='ocrx_word' id='word_1_74' title='bbox 400 1572 501 1655; x_wconf 75' lang='grc' dir='ltr'><strong><em>οθσοδρ</em></strong></span> <span class='ocrx_word' id='word_1_75' title='bbox 526 1573 604 1651; x_wconf 71' lang='grc' dir='ltr'><strong>ἐγὼν</strong></span> <span class='ocrx_word' id='word_1_76' title='bbox 624 1572 745 1650; x_wconf 88' lang='grc' dir='ltr'>Ἰθάκην</span> <span class='ocrx_word' id='word_1_77' title='bbox 766 1574 1028 1657; x_wconf 67' lang='lat' dir='ltr'><strong>intricarem,</strong></span> 
     </span>
     <span class='ocr_line' id='line_1_13' title="bbox 167 1683 204 1742; baseline -0.054 0"><span class='ocrx_word' id='word_1_78' title='bbox 167 1683 204 1742; x_wconf 78' lang='lat' dir='ltr'><strong>ei</strong></span> 
     </span>
     <span class='ocr_line' id='line_1_14' title="bbox 399 1781 1162 1870; baseline 0.008 -21"><span class='ocrx_word' id='word_1_79' title='bbox 399 1783 498 1863; x_wconf 74' lang='grc' dir='ltr'><strong><em>αὐτὰρ</em></strong></span> <span class='ocrx_word' id='word_1_80' title='bbox 522 1784 600 1864; x_wconf 72' lang='grc' dir='ltr'><strong><em>ἕρδον</em></strong></span> <span class='ocrx_word' id='word_1_81' title='bbox 623 1785 737 1865; x_wconf 74' lang='grc' dir='ltr'><strong>άρορδην</strong></span> <span class='ocrx_word' id='word_1_82' title='bbox 760 1785 1024 1870; x_wconf 78' lang='grc' dir='ltr'><strong><em>ἕποεθσοροοκο,</em></strong></span> <span class='ocrx_word' id='word_1_83' title='bbox 1149 1781 1162 1795; x_wconf 68' lang='grc'><em>”</em></span> 
     </span>
     <span class='ocr_line' id='line_1_15' title="bbox 168 1887 799 1978; baseline 0.006 -25"><span class='ocrx_word' id='word_1_84' title='bbox 168 1894 210 1953; x_wconf 90' lang='lat' dir='ltr'><strong>ut</strong></span> <span class='ocrx_word' id='word_1_85' title='bbox 232 1894 321 1955; x_wconf 88' lang='lat' dir='ltr'><strong>recte</strong></span> <span class='ocrx_word' id='word_1_86' title='bbox 344 1887 500 1955; x_wconf 74' lang='lat' dir='ltr'>scribitur</span> <span class='ocrx_word' id='word_1_87' title='bbox 528 1887 643 1978; x_wconf 83' lang='lat' dir='ltr'><strong>Odyss.</strong></span> <span class='ocrx_word' id='word_1_88' title='bbox 670 1901 709 1957; x_wconf 92' lang='lat'><strong>0.</strong></span> <span class='ocrx_word' id='word_1_89' title='bbox 735 1897 799 1959; x_wconf 83' lang='lat' dir='ltr'><strong>tot</strong></span> 
     </span>
     <span class='ocr_line' id='line_1_16' title="bbox 397 1994 956 2079; baseline 0.007 -19"><span class='ocrx_word' id='word_1_90' title='bbox 397 1994 498 2076; x_wconf 78' lang='grc' dir='ltr'><strong>οκθσοὶρ</strong></span> <span class='ocrx_word' id='word_1_91' title='bbox 522 1996 599 2076; x_wconf 74' lang='grc' dir='ltr'><strong><em>ἐρὼν</em></strong></span> <span class='ocrx_word' id='word_1_92' title='bbox 621 1996 736 2078; x_wconf 76' lang='grc' dir='ltr'><strong>άηροὺο</strong></span> <span class='ocrx_word' id='word_1_93' title='bbox 759 1996 956 2079; x_wconf 64' lang='lat' dir='ltr'><strong>aeternnm,</strong></span> 
     </span>
     <span class='ocr_line' id='line_1_17' title="bbox 166 2096 507 2188; baseline 0.003 -22"><span class='ocrx_word' id='word_1_94' title='bbox 166 2106 205 2166; x_wconf 90' lang='lat' dir='ltr'><strong>et</strong></span> <span class='ocrx_word' id='word_1_95' title='bbox 229 2096 345 2188; x_wconf 83' lang='lat' dir='ltr'><strong>Odyss.</strong></span> <span class='ocrx_word' id='word_1_96' title='bbox 372 2110 414 2167; x_wconf 79' lang='grc' dir='ltr'><strong>Ψ.</strong></span> <span class='ocrx_word' id='word_1_97' title='bbox 442 2105 507 2167; x_wconf 76' lang='lat'><strong>359</strong></span> 
     </span>
     <span class='ocr_line' id='line_1_18' title="bbox 307 2206 1165 2290; baseline 0.003 -18"><span class='ocrx_word' id='word_1_98' title='bbox 307 2208 383 2272; x_wconf 72' lang='grc' dir='ltr'><strong><em>ἀλλ’</em></strong></span> <span class='ocrx_word' id='word_1_99' title='bbox 407 2208 471 2285; x_wconf 73' lang='grc' dir='ltr'><strong>ἤτοι</strong></span> <span class='ocrx_word' id='word_1_100' title='bbox 495 2208 553 2286; x_wconf 70' lang='grc' dir='ltr'><strong>μὲν</strong></span> <span class='ocrx_word' id='word_1_101' title='bbox 576 2208 637 2287; x_wconf 74' lang='grc' dir='ltr'><strong>ἐγὼ</strong></span> <span class='ocrx_word' id='word_1_102' title='bbox 660 2208 871 2289; x_wconf 73' lang='grc' dir='ltr'><strong>πολυδένδρεον</strong></span> <span class='ocrx_word' id='word_1_103' title='bbox 892 2208 987 2290; x_wconf 76' lang='grc' dir='ltr'>άηρθν</span> <span class='ocrx_word' id='word_1_104' title='bbox 1011 2206 1165 2289; x_wconf 78' lang='grc' dir='ltr'><strong>ἔπειρον.</strong></span> 
     </span>
    </p>

    <p class='ocr_par' dir='ltr' id='par_1_5' title="bbox 163 2310 1361 2609">
     <span class='ocr_line' id='line_1_19' title="bbox 216 2310 1361 2402; baseline 0.005 -25"><span class='ocrx_word' id='word_1_105' title='bbox 216 2310 286 2392; x_wconf 86' lang='lat' dir='ltr'><strong>Qua</strong></span> <span class='ocrx_word' id='word_1_106' title='bbox 310 2313 434 2379; x_wconf 88' lang='lat' dir='ltr'><strong>ratione</strong></span> <span class='ocrx_word' id='word_1_107' title='bbox 458 2313 564 2399; x_wconf 85' lang='lat' dir='ltr'><strong>perire</strong></span> <span class='ocrx_word' id='word_1_108' title='bbox 586 2313 727 2399; x_wconf 89' lang='lat' dir='ltr'><strong>potuerit</strong></span> <span class='ocrx_word' id='word_1_109' title='bbox 746 2314 878 2400; x_wconf 87' lang='lat' dir='ltr'><strong>antiqua</strong></span> <span class='ocrx_word' id='word_1_110' title='bbox 898 2314 994 2381; x_wconf 90' lang='lat' dir='ltr'><strong>lectio</strong></span> <span class='ocrx_word' id='word_1_111' title='bbox 1013 2322 1166 2402; x_wconf 88' lang='lat' dir='ltr'><strong>apparet,</strong></span> <span class='ocrx_word' id='word_1_112' title='bbox 1189 2334 1250 2383; x_wconf 89' lang='lat' dir='ltr'><strong>cur</strong></span> <span class='ocrx_word' id='word_1_113' title='bbox 1269 2316 1361 2383; x_wconf 76' lang='lat' dir='ltr'><strong>tarsat-</strong></span> 
     </span>
     <span class='ocr_line' id='line_1_20' title="bbox 164 2417 1360 2504; baseline 0.007 -20"><span class='ocrx_word' id='word_1_114' title='bbox 164 2441 264 2497; x_wconf 85' lang='grc' dir='ltr'><strong><em>σομοκν</em></strong></span> <span class='ocrx_word' id='word_1_115' title='bbox 295 2419 338 2483; x_wconf 89' lang='lat' dir='ltr'><strong>sit</strong></span> <span class='ocrx_word' id='word_1_116' title='bbox 364 2417 608 2504; x_wconf 79' lang='lat' dir='ltr'><strong>praeterendum</strong></span> <span class='ocrx_word' id='word_1_117' title='bbox 633 2418 752 2487; x_wconf 89' lang='lat' dir='ltr'><strong>dicam.</strong></span> <span class='ocrx_word' id='word_1_118' title='bbox 800 2420 991 2489; x_wconf 83' lang='lat' dir='ltr'><strong>Rectissime</strong></span> <span class='ocrx_word' id='word_1_119' title='bbox 1013 2419 1134 2489; x_wconf 88' lang='lat' dir='ltr'><strong>dicitur</strong></span> <span class='ocrx_word' id='word_1_120' title='bbox 1154 2419 1267 2493; x_wconf 74' lang='grc' dir='ltr'><strong>οθκθνδε</strong></span> <span class='ocrx_word' id='word_1_121' title='bbox 1286 2422 1360 2491; x_wconf 63' lang='lat' dir='ltr'><strong>dart·</strong></span> 
     </span>
     <span class='ocr_line' id='line_1_21' title="bbox 163 2522 971 2609; baseline 0.002 -19"><span class='ocrx_word' id='word_1_122' title='bbox 163 2547 218 2590; x_wconf 83' lang='grc' dir='ltr'><strong><em>νοοι</em></strong></span> <span class='ocrx_word' id='word_1_123' title='bbox 241 2532 273 2589; x_wconf 88' lang='lat' dir='ltr'><strong>et</strong></span> <span class='ocrx_word' id='word_1_124' title='bbox 295 2524 416 2609; x_wconf 89' lang='lat' dir='ltr'><strong>optime</strong></span> <span class='ocrx_word' id='word_1_125' title='bbox 440 2522 535 2591; x_wconf 89' lang='lat' dir='ltr'><strong>babet</strong></span> <span class='ocrx_word' id='word_1_126' title='bbox 561 2524 649 2592; x_wconf 87' lang='lat' dir='ltr'><strong>iocus</strong></span> <span class='ocrx_word' id='word_1_127' title='bbox 674 2526 705 2593; x_wconf 90' lang='lat' dir='ltr'><strong>in</strong></span> <span class='ocrx_word' id='word_1_128' title='bbox 729 2525 819 2593; x_wconf 81' lang='lat' dir='ltr'><strong>Iliad.</strong></span> <span class='ocrx_word' id='word_1_129' title='bbox 845 2536 880 2591; x_wconf 89' lang='lat' dir='ltr'><strong>z.</strong></span> <span class='ocrx_word' id='word_1_130' title='bbox 907 2530 971 2592; x_wconf 77' lang='lat'><strong>565</strong></span> 
     </span>
    </p>

    <p class='ocr_par' dir='ltr' id='par_1_6' title="bbox 394 2629 1090 2712">
     <span class='ocr_line' id='line_1_22' title="bbox 394 2629 1090 2712; baseline 0.001 -16"><span class='ocrx_word' id='word_1_131' title='bbox 394 2631 446 2696; x_wconf 80' lang='grc' dir='ltr'><strong>κοοδ</strong></span> <span class='ocrx_word' id='word_1_132' title='bbox 471 2631 534 2712; x_wconf 70' lang='grc' dir='ltr'><strong>γάρ</strong></span> <span class='ocrx_word' id='word_1_133' title='bbox 557 2632 635 2711; x_wconf 72' lang='grc' dir='ltr'><strong>ἐρὼν</strong></span> <span class='ocrx_word' id='word_1_134' title='bbox 658 2629 762 2701; x_wconf 72' lang='grc' dir='ltr'><strong>οἶκόνδ’</strong></span> <span class='ocrx_word' id='word_1_135' title='bbox 787 2631 1090 2712; x_wconf 80' lang='grc' dir='ltr'><strong><em>ἐσελεύσομοον,</em></strong></span> 
     </span>
    </p>

    <p class='ocr_par' dir='ltr' id='par_1_7' title="bbox 162 2734 1361 3565">
     <span class='ocr_line' id='line_1_23' title="bbox 164 2734 1361 2822; baseline 0.003 -21"><span class='ocrx_word' id='word_1_136' title='bbox 164 2734 226 2801; x_wconf 87' lang='lat' dir='ltr'><strong>sed</strong></span> <span class='ocrx_word' id='word_1_137' title='bbox 260 2744 295 2801; x_wconf 90' lang='lat' dir='ltr'><strong>ut</strong></span> <span class='ocrx_word' id='word_1_138' title='bbox 325 2738 422 2816; x_wconf 79' lang='grc' dir='ltr'><strong><em>άνρδν</em></strong></span> <span class='ocrx_word' id='word_1_139' title='bbox 450 2737 563 2804; x_wconf 70' lang='lat' dir='ltr'><strong>dortour</strong></span> <span class='ocrx_word' id='word_1_140' title='bbox 590 2736 638 2803; x_wconf 87' lang='lat' dir='ltr'><strong>rei</strong></span> <span class='ocrx_word' id='word_1_141' title='bbox 663 2738 790 2820; x_wconf 79' lang='grc' dir='ltr'><strong>θηρθνδε</strong></span> <span class='ocrx_word' id='word_1_142' title='bbox 814 2737 990 2805; x_wconf 88' lang='lat' dir='ltr'><strong>absurdum</strong></span> <span class='ocrx_word' id='word_1_143' title='bbox 1014 2744 1083 2814; x_wconf 85' lang='lat' dir='ltr'><strong>ast,</strong></span> <span class='ocrx_word' id='word_1_144' title='bbox 1112 2737 1159 2804; x_wconf 87' lang='lat' dir='ltr'><strong>sic</strong></span> <span class='ocrx_word' id='word_1_145' title='bbox 1183 2757 1223 2805; x_wconf 87' lang='lat' dir='ltr'><strong>ue</strong></span> <span class='ocrx_word' id='word_1_146' title='bbox 1246 2740 1361 2822; x_wconf 77' lang='grc' dir='ltr'><strong>θηορην</strong></span> 
     </span>
     <span class='ocr_line' id='line_1_24' title="bbox 164 2840 1361 2930; baseline 0.006 -24"><span class='ocrx_word' id='word_1_147' title='bbox 164 2840 280 2907; x_wconf 78' lang='grc' dir='ltr'><strong><em>ε’σνένοο</em></strong></span> <span class='ocrx_word' id='word_1_148' title='bbox 312 2840 441 2929; x_wconf 88' lang='lat' dir='ltr'><strong>quidem</strong></span> <span class='ocrx_word' id='word_1_149' title='bbox 476 2843 611 2929; x_wconf 85' lang='lat' dir='ltr'><strong>probum</strong></span> <span class='ocrx_word' id='word_1_150' title='bbox 645 2854 694 2910; x_wconf 85' lang='lat' dir='ltr'><strong>est</strong></span> <span class='ocrx_word' id='word_1_151' title='bbox 728 2863 832 2930; x_wconf 88' lang='lat' dir='ltr'><strong>neque</strong></span> <span class='ocrx_word' id='word_1_152' title='bbox 863 2843 984 2919; x_wconf 86' lang='grc' dir='ltr'>Ἰθάκην</span> <span class='ocrx_word' id='word_1_153' title='bbox 1015 2842 1148 2923; x_wconf 71' lang='grc' dir='ltr'><strong>θονένοκς,</strong></span> <span class='ocrx_word' id='word_1_154' title='bbox 1183 2852 1219 2913; x_wconf 89' lang='lat' dir='ltr'><strong>ut</strong></span> <span class='ocrx_word' id='word_1_155' title='bbox 1247 2843 1361 2919; x_wconf 82' lang='lat' dir='ltr'><strong>Latino</strong></span> 
     </span>
     <span class='ocr_line' id='line_1_25' title="bbox 162 2948 1360 3038; baseline 0.004 -25"><span class='ocrx_word' id='word_1_156' title='bbox 162 2948 248 3013; x_wconf 80' lang='lat' dir='ltr'><strong>inire</strong></span> <span class='ocrx_word' id='word_1_157' title='bbox 273 2953 398 3034; x_wconf 84' lang='lat' dir='ltr'><strong>sorum,</strong></span> <span class='ocrx_word' id='word_1_158' title='bbox 424 2957 480 3013; x_wconf 89' lang='lat' dir='ltr'><strong>aut</strong></span> <span class='ocrx_word' id='word_1_159' title='bbox 509 2952 542 3013; x_wconf 85' lang='lat' dir='ltr'><strong>in</strong></span> <span class='ocrx_word' id='word_1_160' title='bbox 565 2952 671 3036; x_wconf 82' lang='lat' dir='ltr'><strong>sorum</strong></span> <span class='ocrx_word' id='word_1_161' title='bbox 695 2949 826 3015; x_wconf 77' lang='lat' dir='ltr'><strong>introire</strong></span> <span class='ocrx_word' id='word_1_162' title='bbox 850 2969 912 3015; x_wconf 91' lang='lat' dir='ltr'><strong>non</strong></span> <span class='ocrx_word' id='word_1_163' title='bbox 938 2949 1075 3026; x_wconf 88' lang='lat' dir='ltr'><strong>dicitur,</strong></span> <span class='ocrx_word' id='word_1_164' title='bbox 1099 2948 1154 3015; x_wconf 89' lang='lat' dir='ltr'><strong>sed</strong></span> <span class='ocrx_word' id='word_1_165' title='bbox 1178 2949 1226 3016; x_wconf 84' lang='lat' dir='ltr'><strong>ire</strong></span> <span class='ocrx_word' id='word_1_166' title='bbox 1249 2951 1290 3016; x_wconf 88' lang='lat' dir='ltr'><strong>ud</strong></span> <span class='ocrx_word' id='word_1_167' title='bbox 1312 2955 1360 3038; x_wconf 81' lang='lat' dir='ltr'><strong>so·</strong></span> 
     </span>
     <span class='ocr_line' id='line_1_26' title="bbox 162 3051 1359 3142; baseline 0.005 -24"><span class='ocrx_word' id='word_1_168' title='bbox 162 3074 261 3130; x_wconf 85' lang='lat' dir='ltr'><strong>rum,</strong></span> <span class='ocrx_word' id='word_1_169' title='bbox 286 3063 318 3118; x_wconf 92' lang='lat' dir='ltr'><strong>et</strong></span> <span class='ocrx_word' id='word_1_170' title='bbox 342 3051 430 3119; x_wconf 83' lang='lat' dir='ltr'><strong>atiud</strong></span> <span class='ocrx_word' id='word_1_171' title='bbox 453 3062 502 3119; x_wconf 89' lang='lat' dir='ltr'><strong>est</strong></span> <span class='ocrx_word' id='word_1_172' title='bbox 523 3054 556 3118; x_wconf 82' lang='lat' dir='ltr'><strong>r&#39;n</strong></span> <span class='ocrx_word' id='word_1_173' title='bbox 580 3053 723 3120; x_wconf 83' lang='lat' dir='ltr'><strong>Itbceom</strong></span> <span class='ocrx_word' id='word_1_174' title='bbox 746 3055 795 3122; x_wconf 77' lang='lat' dir='ltr'><strong>ire</strong></span> <span class='ocrx_word' id='word_1_175' title='bbox 817 3064 848 3121; x_wconf 91' lang='lat' dir='ltr'><strong>et</strong></span> <span class='ocrx_word' id='word_1_176' title='bbox 872 3055 1015 3122; x_wconf 76' lang='lat' dir='ltr'><strong><em>Ithacam</em></strong></span> <span class='ocrx_word' id='word_1_177' title='bbox 1038 3055 1185 3134; x_wconf 77' lang='lat' dir='ltr'><strong>introire,</strong></span> <span class='ocrx_word' id='word_1_178' title='bbox 1210 3056 1295 3142; x_wconf 81' lang='lat' dir='ltr'><strong>qued</strong></span> <span class='ocrx_word' id='word_1_179' title='bbox 1320 3057 1359 3124; x_wconf 88' lang='lat' dir='ltr'><strong>de</strong></span> 
     </span>
     <span class='ocr_line' id='line_1_27' title="bbox 164 3157 1356 3248; baseline 0.003 -23"><span class='ocrx_word' id='word_1_180' title='bbox 164 3157 284 3225; x_wconf 78' lang='lat' dir='ltr'><strong>infesto</strong></span> <span class='ocrx_word' id='word_1_181' title='bbox 305 3159 450 3225; x_wconf 87' lang='lat' dir='ltr'><strong>exercitu</strong></span> <span class='ocrx_word' id='word_1_182' title='bbox 476 3168 562 3226; x_wconf 87' lang='lat' dir='ltr'><strong>recte</strong></span> <span class='ocrx_word' id='word_1_183' title='bbox 582 3160 730 3246; x_wconf 88' lang='lat' dir='ltr'><strong>ponitur,</strong></span> <span class='ocrx_word' id='word_1_184' title='bbox 755 3159 795 3227; x_wconf 90' lang='lat' dir='ltr'><strong>de</strong></span> <span class='ocrx_word' id='word_1_185' title='bbox 816 3162 976 3239; x_wconf 84' lang='lat' dir='ltr'><strong>Minerva,</strong></span> <span class='ocrx_word' id='word_1_186' title='bbox 1001 3181 1137 3248; x_wconf 88' lang='lat' dir='ltr'><strong>quaese</strong></span> <span class='ocrx_word' id='word_1_187' title='bbox 1158 3163 1190 3227; x_wconf 94' lang='lat' dir='ltr'><strong>in</strong></span> <span class='ocrx_word' id='word_1_188' title='bbox 1211 3161 1356 3230; x_wconf 81' lang='lat' dir='ltr'>Ithacam</span> 
     </span>
     <span class='ocr_line' id='line_1_28' title="bbox 162 3264 1358 3361; baseline 0.006 -32"><span class='ocrx_word' id='word_1_189' title='bbox 162 3268 287 3330; x_wconf 88' lang='lat' dir='ltr'><strong>ituram</strong></span> <span class='ocrx_word' id='word_1_190' title='bbox 320 3264 417 3349; x_wconf 82' lang='lat' dir='ltr'><strong>dicit,</strong></span> <span class='ocrx_word' id='word_1_191' title='bbox 454 3284 517 3331; x_wconf 89' lang='lat' dir='ltr'><strong>uon</strong></span> <span class='ocrx_word' id='word_1_192' title='bbox 550 3266 638 3332; x_wconf 89' lang='lat' dir='ltr'><strong>item.</strong></span> <span class='ocrx_word' id='word_1_193' title='bbox 686 3266 892 3354; x_wconf 85' lang='lat' dir='ltr'><strong>Expeiiamus</strong></span> <span class='ocrx_word' id='word_1_194' title='bbox 924 3268 1027 3354; x_wconf 80' lang='lat' dir='ltr'><strong>igitur</strong></span> <span class='ocrx_word' id='word_1_195' title='bbox 1059 3267 1229 3361; x_wconf 76' lang='lat' dir='ltr'><strong>utrobique</strong></span> <span class='ocrx_word' id='word_1_196' title='bbox 1264 3276 1358 3336; x_wconf 86' lang='lat' dir='ltr'><strong>vetos</strong></span> 
     </span>
     <span class='ocr_line' id='line_1_29' title="bbox 162 3371 1356 3459; baseline 0.004 -22"><span class='ocrx_word' id='word_1_197' title='bbox 162 3373 492 3459; x_wconf 77' lang='lat' dir='ltr'><strong>interpretamentum</strong></span> <span class='ocrx_word' id='word_1_198' title='bbox 523 3380 555 3438; x_wconf 92' lang='lat' dir='ltr'><strong>et</strong></span> <span class='ocrx_word' id='word_1_199' title='bbox 578 3373 745 3458; x_wconf 88' lang='lat' dir='ltr'><strong>antiquam</strong></span> <span class='ocrx_word' id='word_1_200' title='bbox 770 3381 802 3439; x_wconf 88' lang='lat' dir='ltr'><strong>et</strong></span> <span class='ocrx_word' id='word_1_201' title='bbox 826 3393 937 3439; x_wconf 88' lang='lat' dir='ltr'><strong>sanam</strong></span> <span class='ocrx_word' id='word_1_202' title='bbox 963 3371 1133 3439; x_wconf 91' lang='lat' dir='ltr'><strong>lectionem</strong></span> <span class='ocrx_word' id='word_1_203' title='bbox 1161 3373 1260 3441; x_wconf 86' lang='lat' dir='ltr'><strong>veluti</strong></span> <span class='ocrx_word' id='word_1_204' title='bbox 1284 3375 1356 3442; x_wconf 89' lang='lat' dir='ltr'><strong>iore</strong></span> 
     </span>
     <span class='ocr_line' id='line_1_30' title="bbox 162 3476 989 3565; baseline 0.004 -22"><span class='ocrx_word' id='word_1_205' title='bbox 162 3479 356 3565; x_wconf 76' lang='lat' dir='ltr'><strong>postliminii</strong></span> <span class='ocrx_word' id='word_1_206' title='bbox 381 3478 412 3542; x_wconf 92' lang='lat' dir='ltr'><strong>in</strong></span> <span class='ocrx_word' id='word_1_207' title='bbox 437 3476 544 3545; x_wconf 90' lang='lat' dir='ltr'><strong>sedem</strong></span> <span class='ocrx_word' id='word_1_208' title='bbox 571 3479 743 3563; x_wconf 89' lang='lat' dir='ltr'><strong>pristinam</strong></span> <span class='ocrx_word' id='word_1_209' title='bbox 767 3479 989 3546; x_wconf 86' lang='lat' dir='ltr'><strong>restituamus.</strong></span> 
     </span>
    </p>
   </div>
   <div class='ocr_carea' id='block_1_3' title="bbox 160 3687 1356 4515">
    <p class='ocr_par' dir='ltr' id='par_1_8' title="bbox 160 3687 1356 4515">
     <span class='ocr_line' id='line_1_31' title="bbox 210 3687 1356 3776; baseline 0.004 -22"><span class='ocrx_word' id='word_1_210' title='bbox 210 3687 507 3769; x_wconf 80' lang='lat' dir='ltr'><strong>Quaemadmodum</strong></span> <span class='ocrx_word' id='word_1_211' title='bbox 534 3691 566 3754; x_wconf 90' lang='lat' dir='ltr'><strong>in</strong></span> <span class='ocrx_word' id='word_1_212' title='bbox 590 3687 683 3755; x_wconf 89' lang='lat' dir='ltr'><strong>libris</strong></span> <span class='ocrx_word' id='word_1_213' title='bbox 706 3688 781 3755; x_wconf 80' lang='lat' dir='ltr'><strong>tiss.</strong></span> <span class='ocrx_word' id='word_1_214' title='bbox 807 3687 959 3756; x_wconf 79' lang='lat' dir='ltr'><strong>vosatuta</strong></span> <span class='ocrx_word' id='word_1_215' title='bbox 985 3688 1142 3776; x_wconf 89' lang='lat' dir='ltr'><strong>quaedam</strong></span> <span class='ocrx_word' id='word_1_216' title='bbox 1166 3689 1356 3774; x_wconf 67' lang='lat' dir='ltr'><strong>paratarma</strong></span> 
     </span>
     <span class='ocr_line' id='line_1_32' title="bbox 161 3793 1352 3881; baseline 0.003 -21"><span class='ocrx_word' id='word_1_217' title='bbox 161 3793 363 3881; x_wconf 78' lang='lat' dir='ltr'><strong>compendiis</strong></span> <span class='ocrx_word' id='word_1_218' title='bbox 391 3793 598 3869; x_wconf 84' lang='lat' dir='ltr'><strong>scribuntur,</strong></span> <span class='ocrx_word' id='word_1_219' title='bbox 630 3794 677 3860; x_wconf 87' lang='lat' dir='ltr'><strong>sic</strong></span> <span class='ocrx_word' id='word_1_220' title='bbox 712 3795 840 3860; x_wconf 85' lang='lat' dir='ltr'><strong>Homeri</strong></span> <span class='ocrx_word' id='word_1_221' title='bbox 874 3814 988 3861; x_wconf 89' lang='lat' dir='ltr'><strong>nomen</strong></span> <span class='ocrx_word' id='word_1_222' title='bbox 1020 3804 1053 3863; x_wconf 90' lang='lat' dir='ltr'><strong>et</strong></span> <span class='ocrx_word' id='word_1_223' title='bbox 1085 3795 1264 3862; x_wconf 77' lang='lat' dir='ltr'><strong>Aristarchi</strong></span> <span class='ocrx_word' id='word_1_224' title='bbox 1298 3796 1352 3863; x_wconf 92' lang='lat' dir='ltr'><strong>bu·</strong></span> 
     </span>
     <span class='ocr_line' id='line_1_33' title="bbox 161 3896 1350 3984; baseline 0.005 -19"><span class='ocrx_word' id='word_1_225' title='bbox 161 3900 238 3966; x_wconf 87' lang='lat' dir='ltr'><strong>beot</strong></span> <span class='ocrx_word' id='word_1_226' title='bbox 286 3898 523 3984; x_wconf 85' lang='lat' dir='ltr'><strong>compendium.</strong></span> <span class='ocrx_word' id='word_1_227' title='bbox 574 3900 713 3981; x_wconf 78' lang='grc' dir='ltr'><strong><em>Ὅμηρος</em></strong></span> <span class='ocrx_word' id='word_1_228' title='bbox 755 3901 912 3967; x_wconf 85' lang='lat' dir='ltr'><strong>scribitur</strong></span> <span class='ocrx_word' id='word_1_229' title='bbox 952 3896 994 3980; x_wconf 85' lang='grc' dir='ltr'><strong>θρο</strong></span> <span class='ocrx_word' id='word_1_230' title='bbox 1032 3900 1125 3967; x_wconf 78' lang='lat' dir='ltr'><strong>litera</strong></span> <span class='ocrx_word' id='word_1_231' title='bbox 1159 3927 1175 3983; x_wconf 89' lang='grc' dir='ltr'><strong><em>ρ</em></strong></span> <span class='ocrx_word' id='word_1_232' title='bbox 1212 3901 1350 3971; x_wconf 86' lang='lat' dir='ltr'><strong>mediam</strong></span> 
     </span>
     <span class='ocr_line' id='line_1_34' title="bbox 160 4002 1353 4093; baseline 0.004 -21"><span class='ocrx_word' id='word_1_233' title='bbox 160 4032 188 4085; x_wconf 83' lang='grc' dir='ltr'>μ</span> <span class='ocrx_word' id='word_1_234' title='bbox 216 4015 368 4083; x_wconf 80' lang='lat' dir='ltr'><strong>secante,</strong></span> <span class='ocrx_word' id='word_1_235' title='bbox 401 4003 485 4071; x_wconf 89' lang='lat' dir='ltr'><strong>unde</strong></span> <span class='ocrx_word' id='word_1_236' title='bbox 515 4006 633 4091; x_wconf 86' lang='lat' dir='ltr'><strong>passim</strong></span> <span class='ocrx_word' id='word_1_237' title='bbox 667 4005 747 4085; x_wconf 77' lang='grc' dir='ltr'><strong>θμος</strong></span> <span class='ocrx_word' id='word_1_238' title='bbox 781 4005 899 4090; x_wconf 80' lang='lat' dir='ltr'><strong>iegitur</strong></span> <span class='ocrx_word' id='word_1_239' title='bbox 924 4027 981 4093; x_wconf 86' lang='lat' dir='ltr'><strong>pro</strong></span> <span class='ocrx_word' id='word_1_240' title='bbox 1002 4002 1122 4089; x_wconf 80' lang='grc' dir='ltr'><strong>θμηρος.</strong></span> <span class='ocrx_word' id='word_1_241' title='bbox 1172 4009 1353 4078; x_wconf 77' lang='lat' dir='ltr'><strong>Aristarchi</strong></span> 
     </span>
     <span class='ocr_line' id='line_1_35' title="bbox 162 4109 1351 4203; baseline 0.006 -26"><span class='ocrx_word' id='word_1_242' title='bbox 162 4132 279 4178; x_wconf 88' lang='lat' dir='ltr'><strong>nomen</strong></span> <span class='ocrx_word' id='word_1_243' title='bbox 305 4111 459 4177; x_wconf 88' lang='lat' dir='ltr'><strong>scribitur</strong></span> <span class='ocrx_word' id='word_1_244' title='bbox 481 4110 532 4192; x_wconf 80' lang='grc' dir='ltr'><strong>οὶρθ</strong></span> <span class='ocrx_word' id='word_1_245' title='bbox 552 4112 770 4198; x_wconf 87' lang='lat' dir='ltr'><strong>suprascripta</strong></span> <span class='ocrx_word' id='word_1_246' title='bbox 793 4109 886 4176; x_wconf 90' lang='lat' dir='ltr'><strong>litera</strong></span> <span class='ocrx_word' id='word_1_247' title='bbox 908 4134 951 4193; x_wconf 80' lang='grc' dir='ltr'><strong>χ,</strong></span> <span class='ocrx_word' id='word_1_248' title='bbox 981 4113 1065 4180; x_wconf 89' lang='lat' dir='ltr'><strong>unde</strong></span> <span class='ocrx_word' id='word_1_249' title='bbox 1090 4112 1184 4179; x_wconf 88' lang='lat' dir='ltr'><strong>multi</strong></span> <span class='ocrx_word' id='word_1_250' title='bbox 1208 4117 1351 4203; x_wconf 84' lang='lat' dir='ltr'><strong>suscepti</strong></span> 
     </span>
     <span class='ocr_line' id='line_1_36' title="bbox 161 4215 1352 4307; baseline -0.003 -22"><span class='ocrx_word' id='word_1_251' title='bbox 161 4238 300 4285; x_wconf 89' lang='lat' dir='ltr'><strong>errores.</strong></span> <span class='ocrx_word' id='word_1_252' title='bbox 348 4216 397 4283; x_wconf 81' lang='lat' dir='ltr'><strong>to</strong></span> <span class='ocrx_word' id='word_1_253' title='bbox 421 4215 534 4306; x_wconf 80' lang='lat' dir='ltr'><strong>Odyss.</strong></span> <span class='ocrx_word' id='word_1_254' title='bbox 559 4227 583 4283; x_wconf 90' lang='lat'><strong>1.</strong></span> <span class='ocrx_word' id='word_1_255' title='bbox 610 4221 673 4296; x_wconf 76' lang='lat'><strong>73,</strong></span> <span class='ocrx_word' id='word_1_256' title='bbox 698 4228 731 4283; x_wconf 91' lang='lat' dir='ltr'><strong>et</strong></span> <span class='ocrx_word' id='word_1_257' title='bbox 753 4215 829 4283; x_wconf 88' lang='lat' dir='ltr'><strong>aiibi</strong></span> <span class='ocrx_word' id='word_1_258' title='bbox 854 4218 1000 4303; x_wconf 87' lang='lat' dir='ltr'><strong>saepius,</strong></span> <span class='ocrx_word' id='word_1_259' title='bbox 1024 4219 1114 4301; x_wconf 81' lang='grc' dir='ltr'><strong>άρθον</strong></span> <span class='ocrx_word' id='word_1_260' title='bbox 1134 4240 1191 4307; x_wconf 91' lang='lat' dir='ltr'><strong>pro</strong></span> <span class='ocrx_word' id='word_1_261' title='bbox 1210 4222 1352 4307; x_wconf 66' lang='lat' dir='ltr'><strong>’Apiroep</strong></span> 
     </span>
     <span class='ocr_line' id='line_1_37' title="bbox 161 4321 1349 4406; baseline 0.005 -16"><span class='ocrx_word' id='word_1_262' title='bbox 161 4347 219 4406; x_wconf 77' lang='grc' dir='ltr'><strong>χες</strong></span> <span class='ocrx_word' id='word_1_263' title='bbox 242 4323 426 4388; x_wconf 78' lang='lat' dir='ltr'><strong>Marcianus</strong></span> <span class='ocrx_word' id='word_1_264' title='bbox 450 4321 590 4390; x_wconf 84' lang='lat' dir='ltr'><strong>exbibet.</strong></span> <span class='ocrx_word' id='word_1_265' title='bbox 629 4322 706 4389; x_wconf 88' lang='lat' dir='ltr'><strong>Vide</strong></span> <span class='ocrx_word' id='word_1_266' title='bbox 728 4332 835 4388; x_wconf 87' lang='lat' dir='ltr'><strong>autern</strong></span> <span class='ocrx_word' id='word_1_267' title='bbox 862 4322 942 4388; x_wconf 89' lang='lat' dir='ltr'><strong>mibi</strong></span> <span class='ocrx_word' id='word_1_268' title='bbox 963 4325 1136 4393; x_wconf 89' lang='lat' dir='ltr'><strong>immanem</strong></span> <span class='ocrx_word' id='word_1_269' title='bbox 1158 4326 1281 4393; x_wconf 88' lang='lat' dir='ltr'><strong>scribae</strong></span> <span class='ocrx_word' id='word_1_270' title='bbox 1301 4349 1349 4396; x_wconf 91' lang='lat' dir='ltr'><strong>er·</strong></span> 
     </span>
     <span class='ocr_line' id='line_1_38' title="bbox 162 4426 1350 4515; baseline 0.005 -20"><span class='ocrx_word' id='word_1_271' title='bbox 162 4448 272 4497; x_wconf 86' lang='lat' dir='ltr'><strong>rorem</strong></span> <span class='ocrx_word' id='word_1_272' title='bbox 297 4427 337 4495; x_wconf 90' lang='lat' dir='ltr'><strong>ad</strong></span> <span class='ocrx_word' id='word_1_273' title='bbox 364 4426 455 4495; x_wconf 83' lang='lat' dir='ltr'><strong>ttiad.</strong></span> <span class='ocrx_word' id='word_1_274' title='bbox 482 4439 520 4495; x_wconf 82' lang='grc' dir='ltr'><strong>Τ.</strong></span> <span class='ocrx_word' id='word_1_275' title='bbox 547 4434 612 4497; x_wconf 83' lang='grc'><strong>365</strong></span> <span class='ocrx_word' id='word_1_276' title='bbox 635 4432 832 4496; x_wconf 81' lang='grc' dir='ltr'><strong><em>’Λθετοῦνσοον</em></strong></span> <span class='ocrx_word' id='word_1_277' title='bbox 856 4427 939 4511; x_wconf 70' lang='lat' dir='ltr'><strong>rixas</strong></span> <span class='ocrx_word' id='word_1_278' title='bbox 962 4429 1119 4515; x_wconf 79' lang='grc' dir='ltr'><strong><em>σθσσονρεο.</em></strong></span> <span class='ocrx_word' id='word_1_279' title='bbox 1143 4468 1189 4484; x_wconf 92' lang='lat'>-</span> <span class='ocrx_word' id='word_1_280' title='bbox 1211 4433 1226 4499; x_wconf 88' lang='grc' dir='ltr'>θ</span> <span class='ocrx_word' id='word_1_281' title='bbox 1245 4434 1277 4500; x_wconf 78' lang='grc' dir='ltr'><strong>δὲ</strong></span> <span class='ocrx_word' id='word_1_282' title='bbox 1299 4445 1350 4502; x_wconf 83' lang='grc' dir='ltr'><strong>Σο-</strong></span> 
     </span>
    </p>
   </div>
   <div class='ocr_carea' id='block_1_4' title="bbox 0 0 1632 5034">
    <p class='ocr_par' dir='ltr' id='par_1_9' title="bbox 0 0 1632 5034">
     <span class='ocr_line' id='line_1_39' title="bbox 0 0 1632 5034; baseline 0 3"><span class='ocrx_word' id='word_1_283' title='bbox 0 0 1632 5034; x_wconf 95' lang='lat' dir='ltr'><strong> </strong></span> 
     </span>
    </p>
   </div>
  </div>
 </body>
</html>
