3276 5006
265 366 356 415 nncr.
383 366 496 424 onann
522 367 554 413 11
574 366 677 417 crona
702 367 794 415 oulu.
820 368 879 415 rao
903 368 930 415 o.
955 366 1082 416 1111111111
1106 365 1262 415 rosruuo.
1318 347 1359 413 81

174 536 238 602 Sed
265 538 353 604 idem
374 537 431 603 ille
453 558 539 604 error
560 540 636 604 huie
659 539 795 603 orationi
817 536 952 614 vulnus,
976 536 1079 603 adhue
1101 535 1219 614 latens,
1243 536 1362 602 inflixit

174 644 209 706 in
232 643 338 708 verbis
361 645 476 729 eapitis
499 642 546 707 H:

219 747 317 825 „Hoc
337 748 394 816 ille
416 754 527 825 natus,
558 749 752 832 ’squamus
785 752 910 832 petrem
939 767 1035 812 suum
1064 766 1242 832 numquam
1272 746 1362 814 vide.

263 853 340 921 rat’'.

218 958 338 1024 Verum
360 960 444 1024 mihi
466 960 621 1024 indicavit
637 959 736 1024 codex
753 958 961 1034 Francianus‚
986 960 1041 1043 qui
1061 958 1138 1021 fert:
1166 977 1290 1042 „quam
1308 959 1361 1021 oie

172 1068 297 1147 petrem
330 1085 425 1129 suum
455 1080 632 1150 numquam
660 1062 809 1140 uiderat&
865 1058 970 1128 Ceteri
999 1081 1108 1127 omnes
1137 1059 1213 1128 libri
1242 1062 1361 1130 habent

172 1168 305 1253 quemme
325 1206 369 1218 —
392 1170 525 1245 videat,
556 1171 673 1234 uitiosa
701 1169 838 1254 syntaxi.
884 1167 978 1233 Nune
1000 1187 1101 1252 quum
1123 1172 1266 1252 separata
1288 1188 1359 1233 eon·

172 1277 237 1337 stat
258 1274 373 1339 vocula
393 1275 461 1351 vio,
493 1273 555 1339 loei
586 1273 764 1339 emendatio
788 1275 823 1337 in
844 1277 996 1358 promptu
1017 1277 1074 1336 est.
1122 1272 1291 1358 Numquam
1312 1275 1364 1339 in·

171 1378 382 1463 tomolatum,
406 1384 444 1443 ut
466 1378 559 1464 plura
579 1380 614 1442 in
636 1378 696 1442 hae
719 1380 869 1443 oratione.
915 1376 1105 1464 Legendum
1127 1379 1274 1443 omnino:

219 1482 310 1559 „Hic
332 1483 389 1550 illo
411 1490 523 1561 natus,
548 1502 742 1568 quamquam
763 1486 821 1548 vix
842 1487 968 1567 patrem
990 1502 1086 1547 suum
1107 1484 1257 1549 viderat”.

171 1586 209 1651 ln
232 1589 337 1654 oodioe
359 1593 486 1654 vetusto
505 1586 623 1654 lineola
644 1607 739 1672 supra
756 1572 860 1671 111111
872 1586 984 1664 dueta,
1009 1589 1162 1672 temporis
1178 1586 1271 1674 lapsu
1292 1587 1361 1676 legi

171 1712 234 1757 non
257 1693 396 1778 amplius
417 1697 550 1779 poterat.
602 1691 783 1776 Quanquam
813 1693 990 1775 suspicatus
1016 1697 1066 1757 est
1086 1690 1256 1770 Halmius;
1288 1714 1361 1760 mea

172 1817 295 1881 quoque
317 1797 381 1862 fuit
402 1799 508 1883 opinio
530 1801 604 1862 ante
625 1798 729 1862 visam
753 1795 880 1861 Halmii
902 1795 1083 1861 editionem
1108 1832 1151 1843 -
1174 1794 1257 1861 Item
1277 1798 1362 1883 apud

170 1900 327 1987 Nepotem
366 1904 402 1967 in
433 1901 522 1967 Milt.
553 1901 591 1978 2,
625 1900 655 1966 3.
689 1900 863 1989 legendum
893 1918 1018 1965 censeo:
1056 1923 1257 1986 „quamquam
1291 1902 1361 1989 (pro

169 2006 314 2090 quom)
336 2007 464 2073 carebat
480 2005 638 2072 nomine''.
659 2043 701 2054 -
724 2004 984 2081 Anmadvertaa
1007 2005 1114 2071 verbis
1137 2027 1361 2092 „quamquam

168 2112 225 2177 uix
246 2115 370 2196 patrem
390 2132 486 2176 suum
502 2109 643 2176 viderat'’
662 2109 810 2176 Postumi
829 2131 944 2176 nomen
963 2108 1106 2187 definiri,
1127 2117 1165 2175 ut
1184 2117 1361 2197 opponatur

167 2217 291 2279 nomini
311 2217 411 2301 patus
427 2217 462 2279 in
479 2216 654 2301 prioribus:
678 2216 801 2292 „huius
811 2220 901 2300 pater
919 2211 955 2282 0.
980 2211 1146 2292 ossus,
1170 2217 1228 2281 nbi
1249 2237 1359 2284 omnes

167 2318 243 2386 libri
267 2321 385 2387 habent
410 2320 519 2385 oleas
540 2325 665 2406 praeter
687 2320 909 2386 Francianum.

211 2590 248 2656 In
277 2590 347 2656 loeo
378 2592 541 2676 desperato
571 2591 611 2655 ad
643 2588 738 2654 finem
762 2587 837 2674 Gap.
869 2588 901 2654 H
931 2588 1083 2655 Halmius
1109 2597 1142 2656 et
1170 2590 1358 2680 Madvigius

165 2716 318 2761 consensu
334 2697 386 2785 sio
407 2695 540 2783 legunt:

213 2799 363 2878 „Stultet
388 2803 459 2886 quis
482 2797 599 2887 negat?
629 2804 686 2864 aut
709 2802 780 2884 quis
809 2803 874 2863 iam
897 2800 974 2863 uolet
997 2802 1100 2879 (audet
1122 2799 1249 2883 Madv.)
1271 2803 1356 2886 quod

256 2905 341 2971 male
364 2906 480 2971 cecidit
501 2906 581 2969 bene
603 2903 784 2969 eonsrsstum
806 2909 927 2989 putare.
964 2902 1044 2969 seu’
1067 2925 1134 2990 sqq.

165 3009 215 3075 Ibi
239 3012 334 3075 aeteri
357 3010 479 3076 codiees
504 3010 611 3095 „qaod
631 3007 712 3095 (quo)
737 3008 822 3074 male
845 3007 976 3073 eeoidit’'
1002 3008 1151 3075 referunt.
1198 3006 1236 3073 ln
1259 3009 1355 3075 Fran-

164 3118 255 3180 oiano
285 3114 405 3202 legitur
435 3136 506 3199 que,
538 3116 560 3178 i.
593 3135 619 3179 e.
645 3136 741 3199 qoae,·
769 3113 853 3177 unde
884 3114 1030 3179 dubitare
1061 3116 1165 3200 ineepi
1196 3115 1235 3180 de
1260 3116 1356 3181 verbo
1412 3096 1416 3105 ’

164 3218 254 3299 finito
278 3221 387 3300 (11111,
419 3221 522 3298 nodet)
544 3221 579 3284 in
601 3221 757 3305 principio
778 3239 835 3304 pro
856 3219 1055 3284 variantibus
1080 3227 1235 3298 ammonet,
1259 3221 1357 3285 admo·

163 3332 230 3402 net,
255 3331 383 3400 emovet,
407 3326 527 3401 11111ιί1,
550 3325 641 3389 etde
665 3324 729 3389 alia
747 3323 926 3411 corrigendi
948 3326 1070 3389 ratione
1090 3326 1247 3412 cogitare,
1272 3347 1303 3391 v.
1323 3324 1354 3391 9.

211 3478 228 3506 ‚,
239 3428 362 3495 Stulte:
387 3431 459 3514 quis
481 3426 597 3516 negati
621 3434 676 3494 aut
695 3430 766 3513 quis
788 3430 854 3493 iam
873 3429 1041 3492 admotam
1062 3450 1148 3506 rem,
1173 3450 1253 3514 quae
1269 3430 1357 3496 male

255 3534 387 3612 eeoidit,
412 3535 491 3600 bene
514 3533 693 3621 consultam
714 3531 860 3618 putaret?
895 3531 975 3597 Sed”
1000 3571 1042 3581 -
1066 3538 1139 3598 eett.
1263 3597 1268 3609 ,

164 3641 290 3704 Poterat
318 3639 355 3702 io
382 3639 504 3726 legitur
533 3640 567 3702 in
598 3638 665 3702 eod.
690 3636 805 3702 Salisb.
838 3643 870 3701 et
900 3636 1134 3703 Vindobonensi
1162 3637 1269 3703 altero.
1317 3638 1355 3704 In

163 3743 291 3810 exordio
323 3748 491 3809 monuerat
525 3749 646 3819 orator,
681 3742 827 3808 homines
857 3740 917 3806 hoo
950 3740 1137 3826 plerumque
1167 3742 1284 3822 faeere,
1315 3750 1354 3809 ut

161 3848 295 3914 consilia
325 3852 446 3915 eventis
467 3848 649 3934 ponderent.
695 3847 767 3911 Non
796 3845 939 3911 multum
964 3847 1153 3931 providisse,
1184 3847 1267 3914 nihil
1289 3849 1353 3915 fere

160 3955 295 4018 sensisse
313 3954 506 4040 arguebatur
527 3953 710 4048 Postumus.

696 4120 819 4131 --—-—·-

196 4200 321 4294 'Capite
343 4208 407 4286 111,
433 4208 463 4273 6.
488 4207 625 4295 legitur:
711 4302 720 4315 ο

210 4314 322 4391 „Hine
352 4317 494 4400 primum
525 4316 666 4378 exoritur
699 4314 819 4378 orimen
853 4314 949 4378 illaad:
986 4319 1132 4380 senatum
1165 4321 1350 4400 corruptum

253 4440 320 4485 esse
344 4420 462 4485 dieunt.
499 4417 579 4483 Odi
602 4416 816 4485 immortales!
848 4419 924 4485 haee
950 4426 998 4485 est
1020 4421 1078 4484 illo
1100 4423 1248 4505 exoptata
1268 4421 1350 4485 iudi·

1138 4529 1155 4573 s
