3276 5006
585 380 629 433 an
652 380 807 432 rainone
830 379 982 434 eonenu
1317 361 1380 431 135

152 603 159 611 .
188 557 343 643 scriptum
374 557 414 622 ad
445 555 645 634 διαλέγεσθαι
675 563 816 623 οτΤΩ.
863 554 920 620 Eo·
933 575 1057 640 quoque
1079 556 1197 621 indicio
1219 552 1380 620 emblema

188 664 334 750 arguitur
362 664 454 748 quod.
469 661 578 745 παῖζον
601 660 684 726 nihil
706 661 783 727 facit
807 660 847 727 ed
869 681 948 726 rem.
982 660 1031 726 De
1051 659 1185 746 puerulo
1207 662 1294 727 enim
1316 660 1379 724 bal-

187 767 318 832 retine
339 789 402 834 non
425 770 545 833 ludente
567 765 767 844 διαλέγεσθαι
788 767 915 832 dicitur.
951 763 1148 832 Confirmant
1165 771 1198 832 et
1216 767 1376 852 opposita:

187 867 262 939 ὅταν
285 882 343 937 ΔΕ
365 880 476 955 σαφῶς
499 871 719 949 διαλεγομένου
742 870 904 951 παιθαρέοιι
927 870 1058 937 θκοθσα.

231 978 270 1044 In
303 981 422 1046 vicinia
454 978 616 1059 ἐλευθέριον
650 978 682 1043 δέ
717 978 770 1043 καὶ
807 976 897 1055 μέγα
931 976 984 1043 καὶ
1017 980 1192 1044 ἸΚΑΝΟΝ
1222 975 1377 1055 μηδέποτε

186 1084 383 1167 φθέγξασθαι
407 1087 530 1172 optima
553 1088 601 1151 eet
622 1079 801 1150 Heindorfli
819 1084 999 1151 emendatio
1017 1090 1243 1150 NeANrKON
1264 1082 1311 1164 (id
1330 1087 1379 1148 eet

186 1193 339 1274 γενναῖον)
374 1211 432 1276 pro
461 1192 650 1257 ‘IKANON.
696 1187 759 1254 Sed
792 1196 970 1274 praeterea,
1006 1188 1161 1275 quidquid
1195 1187 1378 1274 obloquitur

186 1296 315 1374 Editor,
345 1295 439 1375 μηδέν
462 1297 675 1362 necessarium
699 1298 748 1359 est
775 1295 843 1359 sive
866 1294 960 1370 μηδὲν
984 1297 1107 1360 ποθποπε
1130 1296 1198 1360 sive
1220 1292 1376 1370 μηδέποτε

187 1401 280 1480 μηδέν
303 1400 397 1468 Plato
418 1399 570 1467 maluerit
592 1400 737 1465 seribere
773 1396 857 1464 Sunt
877 1400 989 1477 verba,
1015 1399 1131 1485 quibus
1148 1419 1211 1465 non
1227 1399 1378 1466 adverbia
1443 1450 1446 1455 ,

186 1507 364 1586 adduntur,
394 1507 450 1573 aad
481 1507 642 1573 adiectira
661 1507 696 1571 in
718 1508 832 1570 neutro
854 1524 970 1591 genere
992 1509 1025 1570 et
1047 1504 1204 1593 singulari
1225 1524 1375 1581 numero,

186 1618 225 1679 nt
245 1612 321 1702 θζειν
346 1611 468 1692 γλνκθ,
493 1609 710 1692 penetrarer,
735 1607 848 1685 κακθν,
872 1609 1015 1688 κοέκιςον,
1037 1607 1167 1689 θγαθθν,
1190 1611 1236 1675 sie
1259 1614 1378 1690 Φρονιῖν

186 1718 295 1798 μέγα,
321 1716 462 1798 μέγιπον,
485 1717 602 1798 μικρθν,
624 1717 670 1781 sic
693 1714 841 1781 δύνασθαι
865 1714 972 1793 μέγα,
997 1714 1138 1793 μέρισιν,
1162 1716 1208 1780 sic
1231 1713 1378 1794 κεκραγέ·

187 1848 256 1901 ναι,
277 1824 358 1904 βοοῖν
376 1825 482 1904 μέγα,
502 1824 643 1903 μένιςσν,
662 1819 793 1900 οὐράνιον
812 1817 890 1894 ὅσον,
910 1824 943 1886 et
962 1822 1035 1885 sinn
1067 1818 1121 1885 sie
1137 1826 1170 1886 et
1180 1820 1378 1901 φθέγγεσθαι

186 1929 296 2009 μέγα.
321 1930 475 2010 λαμπρόν,
497 1936 537 1995 nt
559 1929 643 2016 apud
665 1926 914 1993 Demosthenem
933 1927 971 1990 ιθο
992 1926 1106 1991 Cerere
1123 1926 1197 2014 pag'.
1212 1924 1277 1991 313
1284 1973 1293 2005 ,
1314 1925 1376 1991 21:

186 2037 231 2112 μέν
254 2035 317 2115 γὰρ
341 2034 429 2100 οἴεσθ’
453 2037 546 2101 αιἰπθν
570 2033 767 2116 φθέγγεσθαι
791 2031 848 2109 μέν
873 2029 948 2096 οὕτω
972 2030 1079 2109 μέγα,
1103 2028 1258 2112 ὀλολύζειν
1275 2031 1303 2097 θ’
1316 2030 1377 2110 οὐχ

187 2141 415 2222 ὑπέρλαμπρον.
463 2139 526 2207 Sed
556 2144 665 2207 omnia
693 2139 771 2203 haee
802 2137 844 2203 ad
870 2137 950 2202 οοσίε
982 2138 1124 2202 sonitum
1147 2136 1378 2204 referuntursi

187 2249 259 2332 quis
275 2269 383 2328 κιοριια
399 2268 484 2326 voce,
504 2248 605 2323 olore,
625 2251 741 2335 οσιοθα,
753 2243 837 2308 tnui
856 2241 1016 2328 loquitur,
1038 2242 1094 2308 sed
1112 2241 1377 2324 ιιέιίφθέμνεσθαι

187 2353 228 2419 ad
248 2353 347 2418 verbs
368 2356 402 2417 et
423 2352 616 2428 orationem,
641 2350 798 2436 qusquis
819 2348 942 2425 utitur,
966 2346 1118 2427 refertur,
1143 2352 1193 2430 (ut
1216 2347 1301 2433 apud
1318 2348 1379 2414 Ae

187 2457 330 2524 achinam
352 2457 387 2522 έιι
412 2456 537 2542 olaph.
565 2476 639 2544 pag.
664 2452 725 2534 83,
760 2451 814 2519 37.
839 2451 957 2520 έσασαν
980 2454 1034 2528 σὺν
1059 2453 1149 2518 πόλιν
1171 2453 1206 2518 πθ
1229 2450 1378 2523 κοέλλιςον

186 2565 221 2629 έκ
245 2564 389 2636 παιδείας
411 2566 496 2645 ῥῆμα
517 2560 730 2643 φθεγξάμενοι
754 2561 799 2638 μέν
817 2558 1030 2644 μνησικακεῖν)
1052 2559 1174 2625 obiecto
1191 2578 1295 2625 carere
1313 2579 1376 2625 non

186 2673 306 2756 potest,
339 2673 372 2735 et
400 2668 496 2734 καλὸν
526 2666 723 2749 φθέγγεσθαι
753 2667 793 2731 do
820 2684 913 2744 voce,
946 2663 1042 2730 καλθν
1063 2688 1093 2729 πι
1117 2664 1313 2745 Φθέμγεσθαι
1339 2664 1377 2730 de

185 2774 273 2840 dicto
295 2775 426 2862 egregio
446 2774 585 2860 ponitur.
621 2770 675 2837 Sic
698 2776 730 2837 at
752 2770 857 2849 λέγειν
877 2769 972 2835 καλθν
991 2792 1022 2835 πι
1043 2777 1076 2836 ct
1094 2769 1376 2850 recensuerant

186 2903 217 2944 πι
237 2884 417 2946 constanter
446 2878 565 2945 dieitur
595 2896 697 2962 nsque
726 2876 821 2942 aliter
853 2876 917 2941 diei
939 2880 1044 2962 potest
1065 2895 1122 2961 pro
1146 2876 1251 2954 λέγειν
1274 2883 1375 2949 καλῶς

186 2990 219 3051 et
248 2981 282 3050 εὖ
313 2983 474 3065 προέοπειν.
521 2980 672 3049 Comicus
706 2984 846 3047 incertus
880 2983 914 3045 in
944 2981 1083 3047 Bekkeri
1113 2982 1272 3048 Aoeedou'e
1301 3003 1375 3070 pag.

188 3089 226 3170 3,
253 3089 306 3157 18.

144 3198 147 3201 ’
411 3194 588 3275 οὶκροθχολον
611 3192 664 3258 καὶ
688 3193 832 3259 δύσκολον
855 3192 1046 3275 Φθένρεπαι.

186 3301 241 3369 sed
261 3299 402 3369 metrum
425 3304 534 3388 ipsum
556 3299 646 3378 μένα
668 3299 732 3384 βοᾷ
757 3320 869 3366 verum
893 3317 978 3366 esse:

390 3406 567 3488 ιέκρθχολον
590 3405 642 3470 κα)
667 3404 814 3471 δύσκολόν
837 3414 882 3470 Ti
906 3405 1098 3488 Φθέννεται.

230 3620 310 3709 Peg.
335 3616 411 3685 486.
435 3635 463 3685 ο.
487 3618 562 3683 ain·
586 3610 689 3697 ὦγαθέ
712 3617 778 3695 ἐμοὶ
802 3626 985 3692 ΠΕΙΘΟΤ,
1016 3622 1136 3683 παῦσαι
1162 3616 1190 3683 θ’
1214 3616 1370 3705 ermen]
1496 3704 1501 3713 Ι

186 3725 418 3816 corrigendum
441 3726 527 3789 πιθοῦ
549 3742 608 3809 pro
630 3723 743 3788 πεέθον.
790 3722 921 3789 Fennss
944 3725 1054 3788 aoristi
1077 3722 1246 3800 έπιθθμκν,
1270 3723 1374 3801 πιθοῦ,

185 3832 340 3906 πιθέσθαι,
364 3828 521 3908 πιθόμενος
545 3830 729 3915 saepissime
752 3827 838 3913 apud
861 3812 1086 3894 Platonemet
1107 3827 1245 3913 reliquos
1268 3848 1377 3894 omnes

184 3940 309 4005 Atticos
337 3938 504 4021 scriptores
526 3945 559 4000 ct
581 3934 666 4019 apud
695 3931 897 3998 Herodotum
921 3934 956 3997 in
981 3924 1103 4008 πεέθοιι,
1138 3933 1293 3999 πείθεσθαι
1317 3938 1380 4014 oct,

185 4063 350 4110 conversas
378 4041 511 4107 ridebis.
558 4037 680 4124 Inspice
709 4038 792 4102 mihi
823 4038 1045 4123 Aristophanis
1079 4035 1211 4104 Codices
1234 4041 1375 4124 optimos

184 4148 403 4216 Ravennatem
425 4167 462 4212 ae
484 4143 643 4219 Venetam
664 4148 697 4209 et
721 4142 845 4209 ridebis
871 4148 1068 4230 repugnante
1094 4145 1251 4209 sententia
1273 4150 1376 4210 metro

184 4253 332 4343 iugulato
362 4252 505 4318 πιθέσθαι
533 4253 568 4316 in
596 4249 772 4315 neltreiar
804 4253 932 4315 tantum
954 4269 1024 4341 ‚non
1053 4250 1172 4335 ubique
1200 4249 1375 4335 depravari.

184 4358 261 4426 'Pria
283 4358 430 4443 exempla
452 4357 627 4423 sufficiant:
650 4358 685 4421 in
715 4353 818 4438 Verpir
842 4375 890 4420 rs.
917 4352 1015 4420 1027.
1040 4354 1141 4421 Bekk.

414 4463 506 4530 οὐδενὶ
532 4461 653 4528 πώποτέ
679 4469 756 4543 φησι
780 4461 990 4527 πιθέσθαι.
