3296 5022
697 367 897 417 colluctante
920 361 1039 417 uariat.

691 535 760 605 Sat.
788 536 865 616 XV,
901 541 940 603 13
965 556 1037 622 sqq.

934 642 1071 707 attonito
1093 659 1168 707 cum

477 748 541 815 tale
564 766 662 834 super
685 765 798 812 cenam
822 745 950 811 lacinus
974 754 1122 811 narraret
1147 745 1255 813 Ulixes

476 852 626 925 dicineo.
648 849 744 916 hilem
769 857 826 915 aut
850 850 951 916 cisum
978 850 1113 917 luctasse
1137 850 1330 936 quibusdam

475 966 640 1035 mouerat,
666 964 703 1020 ut
726 954 863 1021 mendax
887 975 1086 1021 aneranoous.

319 1066 399 1133 vide
437 1084 477 1131 ne
506 1064 557 1129 hic
589 1063 633 1128 sit
664 1061 773 1147 aptius
792 1080 1029 1138 ,rnnarcuacum
1053 1061 1324 1146 quemadmodum
1348 1061 1462 1129 Graeci

272 1169 475 1260 appellabant
495 1166 677 1255 prodipioac
699 1174 875 1232 comantes.

318 1277 488 1355 Ceterum,
514 1273 628 1359 siqua
652 1278 705 1338 est
726 1269 843 1338 Satura
867 1269 999 1356 indigua
1021 1269 1183 1350 iuuenali,
1210 1270 1288 1337 haec
1311 1280 1372 1338 est.

850 1507 892 1575 ΙΙ.

745 1719 793 1784 An
817 1717 999 1785 innormare.

321 1902 430 1990 Nuper
453 1897 533 1968 milui
559 1900 646 1967 uenit
669 1899 702 1965 in
726 1917 844 1965 manus
861 1898 981 1984 Vergili
1002 1896 1103 1965 editio
1121 1919 1218 1986 quam
1239 1910 1390 1987 quartam
1408 1922 1465 1970 cu·

278 2008 363 2074 rasit
386 2008 542 2073 deocarus
566 2004 738 2083 Fausiana,
762 2002 893 2070 doctum
918 2023 996 2071 aare
1022 2023 1103 2091 opus
1123 2012 1157 2072 et
1174 2004 1379 2075 laboriosum.
1404 2008 1466 2074 lie·

277 2112 340 2199 legi
365 2120 437 2199 post
459 2109 591 2195 longum
617 2109 771 2196 temporis
795 2110 935 2196 spatium
960 2108 1070 2175 divina
1094 2111 1259 2190 carmina,
1283 2131 1368 2197 quae
1391 2112 1468 2180 inde

278 2239 296 2285 a
329 2236 431 2305 puero
461 2214 541 2280 milui
574 2212 706 2280 luerunt
728 2215 760 2280 in
785 2213 920 2281 deliciis.
956 2215 1072 2280 Fateor
1096 2222 1203 2281 tamen
1228 2224 1298 2302 post
1322 2224 1371 2283 tot
1393 2236 1468 2283 eru·

278 2323 420 2390 diturum
453 2340 550 2388 curas
580 2318 720 2405 plurima
752 2320 930 2387 etiamnum
959 2319 1021 2404 legi
1054 2320 1212 2386 eiusmodi
1236 2330 1272 2389 ut
1295 2341 1373 2388 sana
1396 2342 1470 2389 esse

279 2425 473 2515 persuadere
497 2423 578 2491 milui
604 2443 773 2509 nequeam.

325 2532 359 2597 lu
387 2528 603 2596 Bucolicorum
628 2529 744 2613 Ecioga
768 2528 832 2607 ΙΙΙ,
859 2527 913 2594 ubi
934 2528 1113 2595 rnaledictis
1141 2540 1271 2597 certans
1299 2531 1473 2600 llamoetas

278 2644 312 2704 et
334 2636 508 2710 Menalcas,
534 2633 703 2701 damoetae
727 2632 864 2700 alterum
889 2634 1078 2701 criminanti
1103 2634 1153 2700 lris
1177 2637 1300 2703 verbis:

414 2739 569 2807 Nouimus
589 2746 621 2805 et
644 2738 701 2824 qui
724 2747 773 2812 te,
801 2748 985 2804 transversa
1010 2741 1175 2806 tuentibus
1200 2740 1318 2820 hircis,

415 2853 447 2911 ct
470 2865 587 2932 quo-
602 2843 658 2910 sed
681 2842 791 2909 faciles
815 2843 982 2933 Nymphae
1006 2844 1107 2911 risere
1120 2882 1161 2894 —
1175 2845 1292 2912 sacello

280 2971 341 3017 non
364 2949 486 3037 potuit,
510 2970 561 3016 me
581 2949 705 3025 iudice,
731 2949 891 3014 llenalcas
908 2949 1121 3034 respondere,
1143 2947 1285 3019 uthodie
1296 2950 1465 3017 scribiturc

417 3055 500 3121 ‘lum
524 3054 637 3130 credo,
660 3073 734 3121 cum
760 3074 802 3120 aa
825 3052 996 3119 arbustum
1021 3052 1130 3121 ridere
1153 3054 1287 3123 lliconis

418 3167 516 3248 atque
539 3159 622 3225 male
646 3160 722 3225 vitis
747 3157 890 3225 incidere
913 3156 994 3225 ialca
1018 3158 1177 3238 novellas,

283 3264 339 3332 sed
364 3262 569 3330 hauddubie
594 3265 739 3330 retorsit:

530 3377 600 3436 tum
625 3371 737 3446 credo,
761 3390 836 3437 curu
860 3390 897 3436 re
922 3367 1090 3435 arbustum
1113 3379 1190 3437 cett.

327 3476 388 3559 Qui
420 3473 461 3542 de
493 3474 654 3542 industria
686 3475 860 3541 Menalcam
892 3495 943 3540 mc
966 3493 1023 3561 pro
1055 3485 1160 3561 tepea
1190 3475 1326 3542 ironiam
1350 3474 1472 3545 dixisse

281 3581 501 3659 arbitrantur,
547 3588 696 3666 reputent
727 3579 821 3648 uelim
851 3581 954 3666 prium
1000 3582 1085 3645 iusto
1114 3578 1285 3646 obscurius
1321 3580 1366 3646 ita
1400 3581 1470 3647 lieri

280 3686 484 3764 convicium,
513 3684 598 3771 quod
622 3685 841 3752 clarissimum
865 3686 909 3752 sit
933 3704 1063 3751 necesse
1086 3693 1155 3763 est,
1182 3695 1217 3750 ut
1239 3693 1313 3773 apte
1338 3705 1471 3772 respon·

281 3791 397 3859 deutur
426 3789 466 3857 ad
497 3788 727 3877 opprobrium,
752 3789 837 3878 quod
862 3789 967 3856 verbis
992 3787 1082 3857 ualde
1102 3791 1282 3877 perspicuis
1299 3790 1470 3857 Damoetas

280 3899 399 3965 iecerat
431 3897 465 3961 in
498 3895 695 3974 Menalcam,
727 3894 861 3961 secunde
893 3893 969 3961 laiac
993 3894 1083 3975 licui,
1115 3904 1150 3962 ut
1173 3897 1245 3963 eius
1269 3895 1397 3963 dicterii
1419 3895 1469 3993 ris

279 4022 414 4091 prorsus
437 4001 598 4079 intereat,
621 4000 833 4088 respondente
858 3999 1028 4067 llamoeta:

417 4112 473 4171 aut
498 4103 551 4170 hic
574 4102 614 4170 ad
639 4114 763 4171 veteres
786 4104 876 4191 lagos
899 4124 974 4172 cum
1000 4104 1177 4193 llapohnidis
1202 4124 1314 4173 arcum

417 4209 543 4295 lregisti
567 4217 600 4277 et
622 4208 761 4276 calamos
784 4219 860 4278 celt.

281 4314 371 4379 tertio
401 4334 462 4380 non
495 4313 610 4383 cadere
640 4314 776 4381 ironiam
808 4314 887 4382 adeo
918 4313 1137 4384 absconditam
1167 4318 1201 4382 iu
1224 4314 1465 4401 simplicitatem

280 4418 501 4504 pastoritiam,
537 4438 639 4506 nequae
672 4421 704 4485 in
737 4420 856 4486 ceteris
890 4420 1050 4489 lleualcae
1081 4421 1236 4489 conuiciis
1268 4440 1328 4487 uon
1362 4419 1466 4507 magis
