3340 5014
255 358 319 421 118
742 371 953 418 urserunarum.

252 562 350 630 quana
375 542 408 610 in
431 550 560 612 vetusto
584 541 730 608 Parisino
753 551 781 608 λ
806 538 926 608 diserte
952 541 995 606 ita
1019 539 1177 627 scripturn
1202 557 1272 605 esse
1290 536 1357 604 vidi
1374 556 1441 604 nm·

255 649 357 717 banus
381 649 531 718 manibus
554 648 730 735 amplector
756 648 886 713 Porsoni
917 646 1172 714 emendationem
1198 646 1442 728 μετεωροκθπον,

253 754 287 821 id
309 765 360 824 esl
381 757 632 840 μετεωρολέσχκν
665 755 716 821 καί
749 753 816 835 τερί
847 758 907 819 τάν
934 755 1090 834 μετεώρων
1113 753 1221 820 τολλά
1242 753 1309 836 elteri
1332 758 1442 835 φλνα·

251 868 371 942 ροῖννπα.
419 863 560 931 Verbum
594 860 669 928 inde
701 868 812 927 natum
849 859 987 927 feliciter
1018 859 1121 926 erasit
1154 860 1186 924 in
1218 855 1443 945 Aristophanis

253 968 337 1036 Parc
358 989 406 1037 rs.
431 974 485 1037 92.

570 1083 625 1142 ποῖ
644 1073 710 1152 θεῖτ’
733 1071 838 1148 ἀλλως
861 1081 1117 1156 μετεωροκοπεῖςς

298 1181 425 1262 Quanta
443 1181 545 1267 igitur
566 1179 687 1247 invidia
706 1180 823 1246 arserit
846 1179 982 1246 Pericles
1002 1180 1016 1244 θ
1032 1178 1277 1261 μετεωρολογίας
1297 1177 1440 1256 ἒμτλιισ·

251 1288 311 1361 θείς
336 1286 439 1375 (Plalo
463 1290 495 1354 in
511 1287 666 1354 >Phaedro
691 1308 720 1373 p.
735 1288 910 1373 θῖΟΑ.),θ
930 1284 1176 1367 μετεωρολογίας
1196 1284 1249 1349 καί
1273 1305 1442 1363 μεταρσιο-

252 1393 387 1476 λεσχίας
420 1393 701 1474 ὑποπιμπλάμενος
733 1392 911 1482 (Plutarch.
945 1393 977 1456 in
1004 1390 1125 1456 Pericle
1149 1389 1183 1478 li)
1209 1388 1303 1455 lacile
1328 1398 1376 1454 est
1401 1387 1440 1454 ad

252 1498 515 1585 intelligendum,
548 1501 594 1565 ila
628 1508 663 1565 ul
696 1496 859 1585 lliopltltes
891 1497 1021 1579 γράψας
1054 1494 1278 1576 εἰσαγγέλλειν
1304 1496 1375 1569 τούς
1398 1494 1443 1561 τά

252 1607 319 1694 θεῖα
343 1607 388 1684 μέν
412 1606 629 1689 νομίζονταςύ
653 1604 766 1684 λίγους
790 1604 857 1686 περί
881 1610 939 1670 τοῖν
968 1604 1141 1686 μεταρσίων
1170 1601 1370 1675 nodemus
1394 1621 1442 1668 su·

252 1710 358 1777 eundo
381 1712 414 1778 id
437 1711 554 1799 populo
578 1711 684 1779 lacere
708 1712 858 1798 potuerit.

299 1817 465 1903 Imprimis
489 1816 697 1884 memorabile
716 1825 766 1883 est
790 1815 874 1905 quod
894 1815 1007 1882 scribit
1029 1815 1222 1884 Plutarchus
1241 1817 1274 1882 iu
1296 1815 1386 1891 Nicia
1399 1821 1442 1883 25

251 1922 376 1988 odiosos
399 1931 432 1989 et
466 1924 586 1990 invisos
612 1922 728 2011 populo
750 1924 820 1996 τούς
844 1923 995 2006 Φυσικούς
1014 1921 1066 1988 καί
1091 1922 1348 2005 μετεωρολέσχας
1370 1924 1442 1990 τότε

251 2028 458 2106 καλουμένους
493 2038 659 2115 propterea
694 2027 791 2095 luisse
822 2030 899 2116 quia
928 2027 1060 2115 perinde
1084 2049 1195 2095 omnes
1217 2038 1249 2095 et
1272 2030 1351 2095 lieos
1374 2048 1443 2095 esse

253 2133 414 2219 negabant
438 2142 470 2201 et
494 2133 637 2201 diuinam
664 2133 898 2222 providentiam
923 2133 1088 2201 tollebant.
1109 2135 1168 2216 ἀψὲ
1191 2135 1217 2200 δ’
1238 2138 1256 2214 οἱ
1276 2134 1443 2211 Πλάτωνος

252 2240 453 2323 ἐκλάμψασα
486 2239 561 2317 θθξα
594 2241 646 2308 arat
675 2240 727 2308 τὸν
756 2239 824 2319 βίον
850 2246 904 2307 τού
928 2240 1032 2321 ἀνδρὸς
1055 2241 1107 2305 καί
1132 2237 1178 2307 θτι
1201 2249 1292 2315 ταῖς
1315 2242 1444 2315 θείαις

253 2345 306 2411 καί
324 2346 515 2428 κυριωτέραις
538 2348 654 2429 ἀρχαῖς
679 2345 861 2424 ὑπέταξε
884 2346 944 2420 τάς
969 2346 1107 2429 Φυσικάς
1136 2346 1302 2427 ἀνάγκας,
1327 2349 1444 2430 ἀφεῖλε

253 2453 309 2527 τὴν
332 2459 391 2519 τῶν
414 2451 515 2532 λέγων
546 2452 660 2518 τούτων
690 2452 839 2532 διαβολὴν
862 2453 914 2519 καί
939 2460 1002 2525 τοῖς
1025 2452 1207 2531 μαθνίμασιν
1230 2455 1274 2526 είς
1297 2451 1444 2526 ἀπαντας

253 2557 316 2623 rtur
337 2557 488 2624 ἐνέδωκεν.
539 2557 628 2623 Plato
648 2565 715 2636 est,
740 2578 804 2646 quo
826 2577 918 2624 nemo
937 2559 1046 2625 aerius
1066 2557 1201 2637 πόλεμον
1220 2556 1370 2626 ἀσπονδον
1390 2560 1443 2624 καί

252 2664 421 2745 ἀκήρυκτον
443 2665 516 2747 τρθς
540 2663 610 2737 τούς
635 2663 740 2738 ἀθέους
763 2666 918 2749 gesserit.
962 2662 1092 2751 Triplex
1118 2672 1187 2730 eral
1211 2666 1283 2731 vivo
1314 2667 1444 2731 Platone

251 2777 310 2837 τοῖν
333 2772 457 2851 ἀσεβῶν
477 2790 590 2856 genus.
638 2768 720 2835 blalo
743 2771 846 2857 ipsius
870 2769 1013 2837 Platonis
1038 2769 1143 2837 verbis
1163 2773 1211 2836 uti
1232 2771 1272 2837 de
1292 2771 1390 2859 Lepp.
1405 2771 1443 2836 x.

254 2897 286 2962 p.
312 2881 376 2943 885
402 2889 436 2943 B.
462 2878 544 2950 θεοὺς
569 2876 736 2956 ὐγούμενος
761 2872 838 2942 είναι
863 2878 950 2943 κατά
972 2877 1078 2956 νθμους
1102 2879 1197 2951 οὐδεὶς
1227 2879 1351 2943 πάποτε
1374 2876 1445 2943 οὐτε

253 2982 341 3064 ἔργον
363 2982 478 3062 ἀσεβές
503 2982 673 3065 είργάσατο
697 2983 772 3049 έκύν
795 2981 864 3049 οὐτε
888 2982 981 3062 λίγον
1001 2985 1125 3066 ἀφῆκεν
1144 2983 1257 3062 ἀνομον
1277 2984 1445 3074 (imovero

253 3086 403 3176 ἀνόσιον),
437 3091 512 3155 ἀλλ’
541 3085 572 3155 ἓν
602 3089 638 3166 δή
666 3113 697 3154 τι
729 3097 788 3157 τῶν
813 3094 898 3170 τριῶν
921 3088 1097 3170 πάσχωνύ
1130 3094 1220 3156 τοῦτο
1256 3087 1328 3170 ὅπερ
1360 3086 1444 3156 είπον

256 3189 345 3283 (εἶναι
379 3194 472 3282 θεοὺς)
504 3195 564 3275 οὐχ
596 3197 783 3274 ἡγούμενος,
815 3196 833 3273 ἢ
865 3196 900 3261 πθ
934 3195 1068 3279 δεύτερον
1101 3196 1190 3269 θυτας
1219 3199 1251 3263 οὐ
1275 3195 1445 3280 φροντίζειν

253 3299 429 3381 ἀνθρώπων,
455 3302 472 3377 ἢ
505 3303 603 3382 τρίτον
634 3303 906 3381 εὐπαραμυθήτους
937 3298 1015 3369 εἶναι
1046 3304 1165 3378 θυσίαις
1188 3327 1223 3370 τε
1254 3301 1308 3368 καί
1333 3305 1446 3384 εὐχαῖς

254 3406 500 3489 παραγομένους.
526 3406 566 3473 cl.
593 3406 663 3473 libr.
691 3406 759 3473 llll.
786 3428 816 3493 p.
832 3412 910 3475 utu.
938 3418 973 3479 e.
996 3409 1050 3475 ubi
1075 3408 1167 3476 docet
1187 3417 1319 3495 propter
1343 3407 1446 3473 bomi-

255 3530 333 3577 num
370 3512 568 3598 impietatem
600 3512 811 3579 iurisiurandi
849 3513 1039 3600 religionem
1072 3535 1111 3582 ex
1142 3514 1273 3581 iudiciis
1308 3513 1446 3601 publicis

254 3615 353 3683 eximi
384 3626 541 3703 oportere.
591 3617 804 3686 [durissimam
839 3618 939 3705 igitur
967 3619 1069 3707 legem
1094 3621 1246 3701 ἀσεβείας
1269 3620 1336 3701 πέρι
1363 3621 1445 3687 scri-

253 3724 318 3810 psit
343 3721 381 3788 x.
411 3729 450 3788 lt
476 3740 606 3789 carcere
631 3735 686 3790 aut
712 3724 842 3811 capitali
867 3724 1024 3813 supplicio
1048 3725 1165 3814 impios
1190 3727 1366 3804 territans,
1390 3724 1446 3793 sed

255 3848 317 3894 nou
343 3837 420 3895 sunl
445 3828 523 3895 baec
546 3830 710 3909 εὐσεβείας
734 3831 912 3915 Φάρμακα,
937 3850 1040 3919 neque
1064 3833 1091 3899 οί
1113 3834 1366 3915 μετεωρολέσχαι
1391 3831 1445 3898 de·

253 3933 410 4001 lecerunt.
459 3933 507 4001 bd
530 3934 620 4001 lliad.
644 3947 684 4003 Π.
709 3941 785 4004 ῖ98.

434 4041 474 4113 ἀς
498 4040 525 4106 θ’
548 4037 594 4107 ὐπ’
617 4042 678 4125 ἀφ’
701 4045 824 4125 ὑψηλοῖς
848 4048 979 4128 κορυφῆς
1003 4044 1081 4125 tneor
1105 4044 1258 4124 μεγάλοιο

435 4146 541 4231 κινιίσρι
564 4152 689 4227 πυκινῖρν
713 4150 845 4235 νεφέλην
868 4151 1096 4233 ςεροπκγερέτα
1121 4153 1218 4229 Ζεύς,

251 4249 357 4318 tristis
377 4248 552 4339 adscripsit
571 4258 806 4341 grammaticos
821 4259 928 4324 nescio
949 4258 1031 4344 quis:
1056 4257 1109 4323 καὶ
1131 4263 1238 4324 ταῦτα
1256 4259 1289 4325 δε
1306 4259 1446 4338 ὀμηρος

250 4357 294 4425 τά
318 4357 488 4437 αὐπθματα
506 4360 581 4433 θεοῖς
601 4362 798 4442 ἀνατίθησιν,
817 4363 843 4429 οἱ
863 4364 895 4431 δέ
913 4364 984 4444 μετ’
1004 4364 1098 4431 αὐτὸν
1117 4361 1445 4445 μετεωρολέσχαι

249 4462 386 4543 οὐδαμοῦ
405 4466 615 4549 προστιθέασιν
629 4466 724 4548 ὄνομα
737 4470 813 4536 θεοῦ.
839 4468 900 4535 Sed
914 4469 952 4536 ad
968 4470 1186 4559 psephismata
1201 4490 1271 4538 mea
1284 4477 1441 4537 revertor.
