3244 5012
654 349 866 398 purermano.
1290 332 1355 398 285

167 535 294 585 causum
324 514 374 582 διά
405 514 440 580 τί
470 516 622 601 περιέχειν
652 521 750 595 αὐτὴν
780 517 832 582 τὸν
857 514 1021 596 Στρυμθια
1044 536 1063 581 0
1085 515 1181 583 001010
1204 519 1357 585 insenum

166 641 233 686 0000
255 624 324 687 iure
349 622 527 704 suspiceris.

84 732 89 741 ‘
209 722 264 790 IV.
289 723 550 794 1261nituele
575 726 669 806 ὑμᾶς,
692 727 765 814 lege
787 724 824 791 τί
830 775 840 800 ,
865 730 898 790 01
920 724 989 791 dele
1013 725 1068 790 καί
1091 730 1164 791 0010
1186 727 1308 793 τολλοί.

209 826 248 894 V.
274 827 304 894 l.
336 830 371 894 al
400 830 458 908 μὲν
487 829 637 897 ἐνιαύσιαι
667 829 793 896 σπουδαί
824 828 996 895 διελέλυντο
1018 829 1114 911 μέχρι
1137 829 1274 908 Πυθίαν,
1299 832 1353 898 καί

165 933 196 997 ἐν
218 942 258 1016 τῇ
289 933 444 1019 intexentes
470 936 533 1001 κτὲ.
569 934 692 1001 Locum
714 934 901 1001 lacunosum
924 954 991 1000 0000
1014 934 1184 1001 ostendunt
1205 934 1264 1014 niv
1287 937 1357 1003 0100

165 1038 311 1124 0001001,
342 1043 375 1105 01
397 1040 492 1123 ⁸verbi
523 1044 660 1126 tempus.
679 1039 858 1105 10000010
881 1038 967 1104 hunc
989 1038 1054 1105 fere
1076 1039 1118 1106 ad
1138 1040 1273 1106 modum
1295 1043 1356 1106 im·

164 1143 338 1229 pleverim:
371 1142 545 1210 διελέλυντο
575 1144 633 1211 lert
663 1143 791 1225 χρθνου,
824 1141 981 1224 ἡσύχαζον
1013 1144 1044 1209 δὲ
1066 1144 1238 1227 ἀμφθτεροι
1260 1143 1355 1227 μέχρι

164 1248 291 1315 Πυθίων.
325 1245 425 1315 Recte
446 1251 482 1315 in
502 1249 570 1317 11110
592 1268 673 1336 quae
696 1252 872 1333 sequuntur
891 1245 910 1329 ᾖ
929 1249 964 1315 10
983 1245 1016 1323 sla
1035 1252 1177 1316 mutavit
1192 1248 1354 1319 Reiskine.

164 1353 251 1419 Nam
279 1353 314 1432 ίίν
337 1373 357 1421 0
377 1361 503 1428 σοιῆσοιι
529 1356 662 1442 regitur.
698 1352 864 1419 Sententia
885 1358 952 1418 est:
976 1355 1081 1439 primo
1104 1355 1300 1422 crediderant
1316 1374 1356 1422 se

165 1460 273 1525 omnic
295 1479 333 1524 er
356 1458 477 1526 oraculi
497 1464 605 1525 mente
628 1459 754 1536 1001000,
778 1457 863 1542 quod
886 1456 1027 1543 sepultos
1049 1461 1353 1538 exterminaverunt,

164 1583 248 1629 nunc
269 1569 302 1630 ct
322 1566 429 1642 vivos,
451 1568 563 1649 utpote
584 1583 698 1648 parum
722 1567 837 1640 castos,
862 1561 1018 1648 expellere
1041 1568 1198 1629 01010001.

212 1666 247 1732 V.
272 1666 303 1733 3.
327 1666 526 1748 ἀπέπεμψαν
548 1668 651 1740 ε’ςτάο
674 1668 824 1743 Ἀθήνας·
849 1667 902 1732 καὶ
925 1667 1031 1740 αὐτοῖς
1054 1668 1088 1732 τὸ
1111 1668 1170 1747 μὲν
1189 1677 1230 1734 Π.
1250 1663 1353 1749 ὅςερον

164 1808 208 1823 ·-
223 1773 363 1852 ἀπῆλθε,
386 1771 422 1838 τὸ
445 1772 476 1838 δὲ
500 1770 581 1838 ἀλλο
594 1772 791 1850 -ἐκομίσθη
817 1772 868 1836 ὑπ’
891 1771 1065 1842 Ὀλυνθίαν.
1100 1772 1206 1838 Nihili
1226 1779 1276 1839 est
1297 1776 1353 1840 αὖ·

162 1887 236 1951 τοῖς.
271 1877 420 1944 Primum
449 1877 591 1944 Athenae
619 1878 727 1954 missi,
759 1881 869 1962 postea
899 1875 987 1954 indo,
1021 1876 1148 1943 αὐτόθεν
1171 1880 1291 1964 partim
1312 1898 1352 1944 ex

162 1982 285 2050 foedere
306 1982 440 2060 redditi,
461 1984 581 2068 purtim
604 1982 644 2047 ab
667 1979 831 2067 Olynthiis
852 1978 989 2046 redemti
1012 1986 1096 2047 sunt.

205 2085 245 2155 V.
269 2086 300 2152 4.
324 2087 378 2153 καί
401 2084 503 2168 ὕςερον
526 2084 623 2152 πάλιν
646 2086 747 2151 αὐτῶν
768 2085 847 2155 τινὲς
869 2083 921 2151 διά
943 2086 978 2151 τὸ
1001 2087 1046 2164 μὴ
1069 2085 1252 2167 ἀρίσαεσθαι
1274 2088 1352 2154 ἀπο-

160 2189 302 2266 λιπόντες
325 2192 442 2258 ἐκτῶν
466 2194 665 2271 Συρακουσῶν
689 2188 834 2261 Φωκαίας
856 2212 893 2254 τι
915 2197 971 2265 τῆς
995 2188 1112 2265 πθλεθς
1136 2214 1166 2257 τι
1185 2200 1241 2268 τῆς
1260 2201 1353 2259 Λεον·

160 2296 247 2364 τίνειν
276 2296 385 2378 χωρίον
414 2296 601 2373 καλούμενοι
625 2290 910 2373 καταλαμβάνουσι
933 2296 993 2361 καὶ
1010 2296 1175 2377 Βρικιννίοις
1197 2295 1228 2362 ὃν
1251 2295 1348 2379 ἔρυμα

160 2400 191 2466 ἐν
221 2410 261 2484 τῇ
291 2401 447 2483 Λεοντίνῳ.
490 2398 526 2464 Si
555 2399 717 2486 legeretur
746 2399 922 2480 ὁρμηθέντες
951 2400 986 2465 ἐκ
1017 2408 1075 2467 τῶν
1099 2410 1137 2466 Σ.
1160 2401 1245 2469 nihil
1267 2407 1349 2469 00001

160 2504 245 2591 quod
274 2508 443 2591 quisquam
472 2503 728 2589 reprehenderet3
753 2506 889 2588 01010οτ
910 2524 944 2570 se
965 2506 1043 2571 00110
1061 2512 1115 2604 Υ,001
1137 2505 1173 2570 ἐκ
1196 2516 1349 2587 Συρααου·

160 2616 218 2677 τῶν
244 2612 311 2676 0100
333 2609 401 2676 0110
422 2611 599 2694 participle.
633 2606 671 2671 In
692 2607 916 2686 ἀπολιπόντες,
937 2610 1022 2695 quod
1045 2610 1120 2676 ferri
1142 2629 1205 2676 nou
1226 2615 1346 2693 potest,

160 2713 252 2781 credo
281 2713 380 2779 letere
410 2732 539 2779 causam
568 2714 622 2774 τοῦ
645 2711 689 2788 μὴ
713 2710 913 2790 ἀρέσκεσθαι,
936 2733 980 2779 00.
1005 2715 1237 2779 ἈΠΟΛΙΔΘΟ
1256 2715 1348 2779 ὌΝ-

159 2826 252 2883 Tec.
277 2816 479 2901 Quamquam
498 2815 807 2898 001001πίτολιτείρι
830 2815 961 2881 admissi
984 2821 1090 2896 erant,
1115 2817 1174 2883 hoc
1193 2838 1257 2883 000
1278 2837 1349 2903 pro·

158 2922 290 2989 hibebat
319 2924 396 3007 quin
424 2941 516 2986 suam
538 2922 677 3005 patriam
699 2919 922 2986 desiderarent.
957 2919 1124 2987 Praeterea
1146 2929 1201 2997 τῆς
1225 2922 1349 2988 Λεοντί·

159 3050 213 3091 νον
235 3026 372 3092 libenter
393 3025 575 3092 deleverim.
614 3023 694 3089 Mox
716 3023 828 3110 000010
850 3024 902 3090 καί
927 3026 1016 3090 ἐκεῖ
1034 3025 1241 3099 κατατάντεε.

204 3129 243 3198 V.
268 3128 299 3197 7.
323 3130 424 3217 Lege:
456 3129 508 3194 καί
541 3126 650 3194 οἴκοθεν
679 3131 718 3201 ὥς
749 3127 874 3203 ἀκοντες
907 3131 991 3212 αὐτῷ
1019 3128 1227 3208 tavernaco
1249 3131 1349 3197 αίσθθ-

157 3259 246 3315 μενος
277 3235 331 3303 καί
362 3236 395 3300 οὐ
424 3234 625 3313 βουλθμενος
657 3233 769 3308 αὐτοὺς
799 3233 850 3300 διά
882 3237 947 3301 τὸν
979 3237 1088 3316 θροῦν
1122 3237 1153 3302 ἐν
1188 3237 1230 3319 τῷ
1265 3238 1348 3319 αὐτῷ

158 3340 345 3421 καθημένους
366 3340 573 3421 βαρύνεσθαι,
599 3338 771 3417 ἀναλαβὼν
794 3337 879 3418 ἦμεν.
916 3339 1045 3426 Optime
1065 3341 1143 3409 11000
1165 3342 1348 3408 anteceden-

158 3446 245 3512 tibus
271 3445 469 3532 respondent.
503 3444 533 3509 1.
556 3453 596 3526 τῇ
626 3441 697 3526 ἕδρᾳ
722 3442 884 3524 ἄχθονται.
914 3444 946 3510 2.
970 3443 1208 3525 ἀναλογίζονται
1231 3446 1287 3520 τὴν
1310 3455 1347 3511 Κ.

158 3550 325 3628 ἡγεμονίαν
355 3551 394 3621 ὥς
423 3549 620 3628 ἀνεπιςιίμοιν
650 3550 818 3627 γενήσοιτο.
855 3547 940 3615 Tum
971 3552 1096 3615 inverso
1119 3550 1227 3617 ordine
1251 3548 1349 3618 Olcou

157 3654 295 3720 alterum
322 3653 512 3719 iamdudum
543 3656 676 3719 sensisse
698 3658 862 3731 narratur,
890 3652 1028 3719 alterum
1051 3674 1134 3719 nunc
1157 3654 1347 3742 intelligere.

157 3759 221 3839 Qui
249 3758 419 3847 vulgatam
447 3761 582 3824 retinere
613 3757 717 3835 volet,
749 3759 777 3821 10
804 3756 921 3823 viderit
947 3758 1233 3843 000100οδιά0
1258 3762 1349 3836 καθι-

156 3862 264 3942 μίνουσ
288 3864 352 3929 dici
372 3865 473 3949 possit
493 3882 550 3948 pro
574 3862 623 3926 διοὶ
647 3861 682 3928 τὸ
707 3862 878 3939 καθῆσθαι,
903 3867 935 3927 01
959 3883 1015 3928 cur
1034 3860 1239 3950 Thucydides
1258 3864 1292 3931 id
1309 3865 1357 3931 de

157 3966 272 4036 010000
300 3970 461 4054 scripserit
490 3967 575 4053 quod
596 3967 650 4035 vel
672 3970 707 4032 in
730 3969 892 4053 optimum
916 3967 1031 4032 ducem
1054 3969 1156 4047 cadit,
1180 3970 1214 4033 οὐ
1236 3969 1348 4049 βουλί-

155 4095 245 4153 μευος
268 4073 338 4146 τοὺς
362 4071 534 4152 ςρατιθτας
557 4071 754 4153 βαρύνεσθαι.
779 4068 929 4137 Cleonem
949 4073 1011 4137 eibi
1031 4073 1263 4152 consulentem,
1284 4095 1347 4141 non

156 4181 327 4256 exercitui,
351 4177 522 4265 depingere
545 4177 653 4243 studet
675 4178 729 4243 sed
754 4179 801 4242 ita
823 4181 862 4241 ut
883 4176 1030 4244 militum
1048 4178 1207 4245 voluntati
1226 4180 1347 4245 obtem-

155 4289 311 4370 peret.—
330 4283 383 4347 κα1
407 4282 563 4363 ἐχρήσατο
585 4283 627 4362 τῷ
650 4279 751 4363 τρόπῳ
776 4276 855 4363 ᾧπερ
879 4281 931 4347 καί
956 4283 987 4357 ἐς
1011 4285 1066 4358 τὴν
1090 4283 1191 4349 Πύλον
1214 4285 1347 4366 εθτυχιί·

157 4412 215 4461 σοις
246 4386 389 4456 ε’πίςευσέ
418 4410 447 4452 τι
476 4391 604 4468 Φρουεῖν.
640 4387 719 4453 Mox
743 4390 776 4452 in
801 4387 854 4451 καί
878 4389 934 4462 τὴν
956 4386 1050 4468 μείζω
1075 4391 1271 4467 παρασκευὴν
1294 4412 1347 4453 πε-
