3340 5014
595 394 786 440 nrrrtouomcs
812 394 847 440 nr
870 395 996 440 cnrrrm.
1326 377 1388 439 107

193 564 362 633 communi
409 562 534 631 aerario
577 561 707 630 dotibus
748 561 833 629 datis
875 561 1134 631 collocarentnr'’
1170 561 1277 651 (Corn.
1312 561 1391 649 Nep.

196 672 298 739 Arist.
320 670 353 760 5)
375 678 408 737 el
432 667 682 737 Plularehus‘in
709 668 850 735 Aristide
874 690 944 755 cap.
971 674 1023 737 27.
1049 671 1108 744 τοὶς
1131 670 1189 749 μὲν
1218 669 1393 750 ίυχατὲρας

194 780 231 845 irc
251 784 306 846 τοῦ
326 777 506 861 πρυτανείου
530 784 594 852 τοῖς
618 776 760 861 νυμφίοις
781 775 934 852 ἕκδοίῆναι
966 778 1098 862 δημοσία
1126 786 1182 853 τῆς
1202 775 1317 851 πόλεως
1341 779 1393 843 τὸν

193 884 303 965 γοίμον
327 884 490 964 ἐγγυώσης
514 884 567 949 καί
591 891 703 964 προῖκα
728 883 905 963 τρισχιλίας
929 883 1078 967 δραχμας
1102 883 1233 968 ἑκατέρα
1248 890 1391 967 ψηφισα-

194 991 301 1071 μένοις·
350 991 428 1058 Sero
459 989 650 1063 admodum.
677 998 712 1054 ui
736 988 887 1075 equidem
912 992 1040 1078 opinor:
1065 990 1274 1078 quodruqinto
1297 988 1392 1054 mini·

195 1118 290 1165 mum
314 1098 409 1163 annis
441 1106 611 1183 postquam
642 1103 734 1182 pater
764 1115 803 1161 en
837 1097 902 1162 uita
926 1106 1119 1164 excesserat.
1169 1094 1308 1163 Pabulae
1334 1093 1394 1159 hae

196 1213 287 1271 sunt.
334 1201 494 1269 Aristides
524 1202 637 1287 iniquo
662 1199 782 1265 iudicio
814 1203 1057 1272 circumventus
1078 1201 1138 1268 sub
1164 1202 1247 1267 ritae
1270 1201 1394 1267 exitum

197 1310 305 1398 patria
335 1309 454 1376 caruit.
504 1308 602 1374 Filias
632 1305 791 1374 etlilium
818 1328 911 1375 nemo
943 1313 1094 1397 respexit.
1144 1310 1269 1377 interea
1298 1309 1396 1376 cessit

199 1415 323 1482 invidia
345 1425 378 1484 et
408 1414 561 1482 Aristidis
592 1412 676 1480 lama
701 1422 732 1480 et
758 1413 867 1482 laudes
891 1415 1047 1483 celebrari
1070 1427 1202 1504 coeptae
1225 1423 1394 1504 postquam

198 1542 283 1589 nora
316 1532 406 1589 aetas
441 1530 660 1596 succreverat,
691 1540 774 1608 quac
807 1521 961 1588 Periclem
998 1522 1180 1591 adlatrabat
1210 1532 1243 1591 ct
1273 1529 1396 1588 veteres

197 1627 380 1696 extollendo
404 1628 581 1696 deterehat.
630 1628 711 1694 ilinc
736 1627 790 1693 illa
815 1637 921 1714 postea
949 1638 1022 1695 nata
1047 1639 1124 1697 sunt

327 1738 357 1803 ἐν
380 1743 486 1802 ταῖσιν
510 1735 684 1819 ίοςεφοίνονς
707 1737 786 1801 nissi
805 1743 877 1809 ταῖς
900 1736 1083 1816 ἀρχαίαισιν
1105 1737 1248 1814 Ἀίνίναις

329 1837 445 1925 οίίςπερ
470 1843 621 1925 ’Λριςειδη
644 1841 786 1923 πρότερον
809 1841 862 1906 καὶ
885 1841 1046 1926 Μιλτιοίδη
1068 1841 1228 1920 ξυνεσίτει.

249 1949 332 2016 'l'um
356 1969 433 2015 vcro
456 1948 597 2015 arbitror
624 1947 788 2014 Alcibiade
812 1955 944 2014 artctore
965 1947 1091 2034 publice
1113 1950 1309 2019 subventum
1328 1973 1398 2020 csse

200 2054 359 2123 Aristidis
384 2054 449 2120 illio
472 2054 664 2144 Lysimacho
689 2052 740 2142 (de
765 2072 828 2139 quo
853 2052 941 2118 Plato
966 2054 999 2118 in
1025 2054 1175 2147 Lachete)
1192 2079 1293 2145 quum
1314 2070 1397 2126 esset

200 2163 237 2228 in
262 2182 298 2229 rc
315 2169 452 2248 angusta
465 2171 570 2228 aetate
585 2170 764 2246 provectus.
809 2158 934 2225 Veteris
951 2161 1090 2228 iniuriae
1110 2169 1142 2228 et
1161 2164 1264 2251 iniqui
1285 2166 1398 2233 iudicii

200 2267 310 2335 omnis
331 2266 448 2334 abolita
474 2267 628 2333 memoria
649 2275 698 2332 est
722 2274 753 2332 et
773 2285 853 2331 nora
873 2264 979 2332 labnla
1000 2265 1039 2333 dc
1062 2267 1307 2338 Atheniensium
1320 2292 1398 2357 erga

201 2374 358 2441 Aristidis
389 2372 505 2440 liberos
537 2370 728 2438 liberalitate
759 2371 799 2437 ad
824 2382 967 2458 posteros
995 2385 1179 2461 propagata.
1231 2378 1313 2443 Audi
1339 2381 1398 2445 Ae·

201 2479 350 2548 schinum
376 2480 410 2545 in
444 2479 578 2566 Ctesiplr.
604 2483 621 2564 §
647 2483 722 2544 hot.
747 2477 992 2557 ὑπολαμβάνετε
1017 2479 1325 2565 ίροῖν-Ἀριςείδην
1348 2485 1399 2550 τὸν

201 2587 279 2662 τοὺς
299 2586 410 2671 φόρους
428 2584 575 2665 τοίξαντα
595 2594 658 2657 τοῖς
678 2587 849 2665 Ἕλλησιν,
869 2581 904 2650 οὗ
924 2587 1168 2662 τελευτησαντος
1187 2589 1246 2664 τοὶς
1267 2589 1398 2669 durari·

201 2717 261 2777 ρας
285 2691 427 2771 ἐξέδωκεν
449 2694 463 2759 i
483 2692 587 2770 δῆμοι.
625 2690 681 2758 Ubi
703 2689 785 2778 quod
808 2712 918 2758 verum
941 2700 1023 2758 esset
1049 2713 1088 2759 ex
1107 2693 1238 2760 Cratero
1260 2694 1396 2781 patefac·

203 2806 277 2865 tum
300 2809 349 2866 est
373 2800 487 2865 mirari
513 2796 706 2864 Plutarchus
729 2808 760 2864 et
780 2797 894 2864 laisum
921 2797 954 2863 id
974 2818 1043 2865 esse
1063 2798 1207 2868 eredere.
1255 2802 1397 2877 Τούτων,

205 2905 330 2990 inquit,
352 2905 435 2972 οὐδὲν
459 2903 621 2988 ἔγγραφον
640 2904 655 2969 d
675 2904 824 2984 Κρατερὸς
843 2907 1004 2985 τεκμήριον
1028 2906 1198 2988 παρέσχεν.
1247 2905 1309 2974 Sed
1323 2907 1399 2972 Gra·

205 3018 303 3077 ierus
320 3012 355 3077 br
372 3017 434 3077 τῶν
449 3010 666 3092 ψηφισμάτων
683 3008 851 3076 historiam
873 3009 1001 3077 illorum
1021 3020 1202 3099 temporum
1224 3022 1398 3080 contexens

206 3114 261 3182 nbi
286 3117 480 3203 scripserat:
502 3117 589 3195 μετὰ
611 3118 667 3192 την
691 3117 915 3197 Θεμιςοκλὲους
940 3119 1047 3199 φυγὴν
1070 3117 1169 3201 ίίσπερ
1193 3119 1360 3202 ἐξυβρίσας
1384 3120 1399 3185 d

203 3221 300 3302 δῆμος
324 3222 463 3307 ανίφυσε
487 3209 600 3300 πλίῑίος
625 3224 844 3306 συκοφαντῶν,
867 3215 895 3289 σί
918 3222 989 3298 τοὺς
1008 3225 1130 3307 σίρίςονς
1148 3226 1201 3293 καὶ
1225 3225 1397 3293 δυνατωτοί·

204 3352 276 3403 τους
299 3328 411 3410 ἄνδρας
435 3329 590 3404 διώκοντες
618 3329 799 3409 ὑπέβαλλον
822 3331 864 3411 τῷ
888 3329 987 3413 φίίνῳ
1008 3337 1065 3397 τῶν
1090 3338 1212 3398 πολλῶν
1236 3329 1400 3414 ἐπαιρομέ-

205 3460 263 3502 νων
278 3437 330 3501 ίιπ·
347 3437 500 3518 εὐτυχίας
520 3438 572 3503 καὶ
592 3435 748 3516 δυνάμεως
773 3436 870 3524 (Plut.
887 3437 986 3502 Arisl.
1001 3436 1075 3527 26),
1099 3438 1170 3505 eius
1189 3439 1234 3504 rei
1255 3435 1399 3523 exempla

205 3560 247 3608 ex
267 3540 468 3610 documentis
487 3544 556 3609 suis
574 3541 728 3630 protulit,
752 3562 854 3629 neque
873 3550 944 3609 crst
962 3563 1092 3610 necesse
1113 3546 1182 3631 ipsa
1202 3544 1402 3628 ψηφίσματα

206 3645 406 3723 describere,
432 3668 514 3734 quae
546 3647 652 3715 verbis
676 3647 874 3717 solemnibus
903 3660 1056 3737 concepta
1082 3660 1211 3738 praeter
1235 3658 1401 3717 accrtsato·

207 3772 281 3820 rum
305 3763 337 3820 et
361 3773 489 3820 reorum
516 3756 644 3821 nomina
670 3764 702 3821 et
727 3754 920 3822 iudiciorum
947 3758 1069 3823 exitum
1094 3757 1173 3824 nibil
1195 3756 1401 3824 memorabile

208 3858 379 3927 habebant.
434 3860 703 3928 Commemoravit
746 3862 846 3946 igitur
882 3873 1103 3929 accusatorem
1141 3862 1317 3945 Διόφαντον
1351 3865 1403 3929 τὸν

206 3968 459 4048 Ἀμφιτροπῆθεν
484 3976 516 4033 et
540 3967 664 4033 crimen
688 3967 806 4033 ἁλῶναι
829 3969 1004 4054 δωροδοκίας
1028 3978 1060 4035 et
1085 3967 1323 4035 damnationem
1347 3970 1403 4044 την

206 4072 379 4149 καταδίκην
409 4076 602 4151 πεντήκοντα
636 4080 717 4152 μνῶν
751 4070 865 4154 οὖσαν,
897 4094 979 4162 qrrae
1011 4076 1119 4141 onmia
1152 4073 1236 4141 uude
1273 4074 1402 4142 tandem

207 4180 313 4266 potuit
344 4180 472 4267 cognita
506 4179 623 4247 habere
648 4182 839 4266 praesertim
876 4179 1005 4247 ohscnri
1038 4179 1255 4270 sycophantae
1287 4201 1402 4247 nomen

208 4284 387 4369 Διοφάντου
409 4291 462 4352 τοῦ
486 4288 755 4370 Ἀμφιτροπῆθεν,
783 4288 844 4353 nisi
868 4307 907 4354 ex
932 4289 1066 4373 antiquo
1090 4286 1304 4354 documento?
1342 4286 1404 4354 Sed

207 4390 307 4458 instat
339 4391 546 4460 Plutarchus:
577 4395 633 4480 qui
672 4393 722 4469 nt,
754 4394 880 4481 inquit,
914 4402 949 4460 ut
983 4414 1076 4460 nemo
1106 4415 1236 4473 eorum,
1268 4391 1330 4461 ίσοι
1361 4395 1405 4462 τοὶ

208 4498 475 4580 πλημμεληθέντα
495 4501 537 4583 τῷ
557 4501 643 4585 δήμῳ
660 4502 726 4584 περί
740 4502 810 4576 τοὺς
831 4501 1003 4583 τρωτηνοὺς
1017 4501 1175 4583 διεξίασιν,
1198 4500 1295 4566 huius
1313 4499 1404 4565 dam·
