3244 5012
452 1189 993 1288 HOMERICA.

512 1503 653 1561 semrom
675 1485 710 1555 O.
735 1486 776 1554 G.
801 1486 947 1559 cobus.

581 1780 862 1813 ψ

679 2013 766 2089 Xll.

371 2229 503 2303 Versus
527 2250 612 2339 mun
634 2231 803 2299 Hennaun
824 2246 1074 2299 narraremus.
1167 2236 1173 2257 ⁸

175 2439 392 2526 Reprehendit
416 2444 620 2529 nuperrimos
640 2440 776 2511 Homeri
797 2441 910 2509 Editor
932 2440 981 2505 In
1002 2439 1118 2506 Roonr
1137 2441 1171 2505 in
1194 2440 1320 2508 Praesa-

131 2546 217 2611 tione
239 2564 308 2623 eos,
333 2548 389 2631 qui
413 2547 567 2625 „vantur
587 2569 675 2632 qaae
689 2545 836 2631 plurimis
858 2545 1009 2609 damnatio
1031 2565 1128 2609 rmore
1150 2544 1320 2629 discrepan-

131 2648 192 2713 tiae
220 2648 256 2715 ia
282 2651 330 2719 lia
356 2651 536 2716 ommiaidra
558 2652 687 2717 amoveri
701 2672 791 2735 poree
810 2650 869 2715 eidi
885 2670 1062 2732 permotum
1083 2648 1228 2728 tabam
1250 2670 1322 2717 aar·

130 2756 243 2838 ratque
272 2774 339 2821 osse
370 2757 425 2839 qui
454 2755 532 2825 haee
563 2756 705 2821 earmina
735 2756 783 2821 ita
804 2759 957 2838 quaerant
979 2754 1170 2823 mustituere
1196 2756 1322 2839 „qualia

122 2857 230 2942 faisse
251 2865 321 2923 onte
342 2859 458 2924 domis
479 2860 528 2924 ool
549 2859 681 2943 Ieouryi
702 2866 833 2942 tenuiore
850 2857 909 2923 riti
924 2855 1077 2942 flaoaatss'
1113 2856 1172 2921 Est
1198 2857 1321 2944 aliquid

130 2964 215 3028 inter
236 2961 387 3029 Solonem
408 2969 440 3030 et
464 2965 669 3052 Lycurgum,
696 2984 791 3050 quem
814 2964 882 3028 ioco
904 2965 1083 3028 nominasse
1105 2962 1234 3030 videtur
1256 2984 1320 3049 quo

132 3067 175 3130 sit
196 3086 246 3130 res
268 3067 405 3133 absurda
426 3070 525 3134 etiam
548 3069 711 3154 aliquanto
734 3067 907 3135 absurdior.
943 3066 1102 3151 Equidem
1123 3069 1158 3132 in
1181 3070 1320 3153 antiquis

133 3172 328 3238 earminibus
346 3172 478 3251 lonieta,
502 3193 582 3259 quae
599 3172 735 3253 Homeri
752 3193 868 3241 nomen
887 3175 1023 3260 gerunt,
1045 3171 1151 3239 multa
1169 3174 1237 3241 iam
1247 3178 1322 3241 auto

132 3273 258 3343 Solonis
276 3282 414 3344 aetatem
437 3282 469 3343 et
487 3279 635 3346 mendose
654 3279 772 3365 scripta
792 3284 824 3344 et
843 3276 1034 3363 interpolata
1053 3276 1151 3346 fumus
1166 3278 1320 3356 arbitror,

133 3401 268 3465 quorum
299 3381 462 3470 eomplura
491 3383 531 3448 ab
561 3383 785 3452 Alexandrinis
806 3387 838 3449 et
860 3382 1043 3479 Aristarcho
1067 3387 1206 3451 correcta
1227 3388 1322 3465 sunt,

134 3491 184 3551 sat
212 3485 318 3552 multa
347 3507 365 3552 a
393 3486 538 3553 Bentleio
561 3493 594 3554 et
616 3489 707 3567 aliis,
733 3494 765 3554 et
787 3507 948 3573 superesse
971 3489 1153 3553 etiamnunc
1175 3484 1323 3552 nonnihil

133 3592 168 3655 in
190 3609 253 3675 quo
273 3596 398 3656 nostrae
421 3595 534 3659 aetatis
553 3593 710 3659 industria
728 3597 763 3659 et
780 3612 913 3661 aeumen
932 3611 1081 3676 apparere
1099 3592 1210 3676 possit
1232 3590 1324 3659 Feoit

134 3694 245 3761 doetus
264 3694 376 3761 Editor
391 3716 502 3782 operae
517 3700 657 3783 pretium
677 3696 878 3781 multamque
896 3694 1069 3781 perutilem
1088 3694 1322 3780 supelleetilem

132 3798 273 3883 undique
302 3806 486 3887 congestam
512 3807 545 3868 et
566 3801 674 3869 ordine
697 3802 857 3888 digestam
878 3801 970 3869 nobis
993 3803 1137 3885 pararit,
1164 3801 1321 3869 eximium

132 3903 269 3971 Homeri
286 3910 319 3970 et
337 3907 566 3992 interpretandi
583 3911 616 3972 et
634 3906 823 3975 emendandi
842 3905 1022 3975 subsidium
1043 3908 1075 3970 et
1086 3905 1320 3971 adiumentum.

132 4006 197 4075 Sed
219 4008 337 4089 (diosm
361 4013 448 4076 enim
470 4011 569 4080 libere
591 4016 624 4077 et
646 4011 778 4078 candide
801 4010 886 4095 quod
905 4010 1019 4089 sentio)
1041 4029 1105 4075 non
1123 4008 1219 4075 laudo
1238 4009 1323 4094 quod

133 4116 164 4179 oi
195 4121 325 4191 „eertum
356 4137 392 4179 oe
421 4115 616 4181 deliberatam
647 4123 707 4193 eat,
737 4117 821 4181 ultro
847 4114 1028 4181 recreationes
1049 4114 1323 4181 Ateoosdriaoram

133 4220 218 4283 nullo
241 4227 332 4304 poeto
362 4220 495 4302 roffredi'
521 4225 558 4285 ut
581 4222 693 4287 scribit
715 4219 756 4286 ad
777 4218 868 4284 Iliad.
894 4227 929 4282 Z.
955 4216 1030 4282 493.
1068 4215 1173 4298 Quid?
1195 4220 1230 4287 in
1252 4220 1322 4287 Ari-

133 4324 252 4390 starchi
280 4326 378 4392 rerbo
408 4325 586 4393 iurabimus
616 4331 648 4391 et
674 4325 851 4395 Aristarohi
873 4345 992 4393 errores
1014 4323 1195 4391 fovebimus
1216 4327 1322 4410 potius

134 4451 230 4513 quam
252 4431 428 4497 Aristarchi
451 4431 634 4516 exemplum
657 4451 826 4513 sequemur
849 4436 881 4495 et
904 4429 1059 4515 quidquid
1082 4431 1236 4498 vitiosum
1255 4437 1320 4507 est,
