3254 5034
576 353 771 401 Pliiwlmissd
795 352 831 399 8⁶1¹
853 351 981 402 Gdil'ssiid.

365 524 431 600 νηδς
454 524 505 591 έτ’
528 524 714 606 άλλοτρύης·
741 522 821 599 δήεις
845 521 872 588 δ’
895 524 927 589 ἐν
950 523 1086 602 σήματα
1110 519 1178 605 ούκιρ

364 631 475 713 ἄνδρας
500 630 728 713 ύμερφιάλους,
752 625 783 694 οἵ
802 653 848 695 τοι
871 628 976 707 βιύτον
998 626 1187 695 κατέδουσιν.

227 737 313 821 Quid
331 746 438 803 autom
460 734 692 822 Aristophanes
711 733 857 822 tegebat?
875 733 1050 802 κατέδοιον1
1076 730 1137 800 Sed
1160 732 1375 819 incongruum

181 844 279 933 piane
304 844 335 909 id
359 853 406 908 est
429 861 487 907 uec
510 861 622 908 serum
646 860 717 908 esse
739 848 854 927 potest.
902 838 1084 907 admodum
1108 847 1157 905 est
1182 838 1250 904 veri
1271 836 1377 904 simite

182 946 431 1035 Aristophanem
472 947 604 1034 regisse:
644 946 675 1013 οἵ
702 970 748 1013 τοι
777 947 882 1026 βίοτον
914 945 1172 1012 κατέδονται.
1226 943 1378 1031 Reperies

182 1054 292 1133 domi,
319 1053 445 1139 iuquit,
470 1055 525 1138 qui
552 1062 624 1119 tuas
648 1072 724 1139 opes
755 1052 931 1132 comedent,
955 1051 1039 1118 ούτυ
1062 1051 1125 1133 γάρ
1150 1046 1229 1124 ἦσαν
1249 1051 1275 1115 oi
1299 1072 1377 1129 μνη-

186 1170 273 1242 etipse
297 1159 485 1239 συνηγμένοι
515 1159 557 1231 οἷς
579 1159 631 1225 τδν
655 1155 733 1224 οἷκον
756 1157 947 1233 Ὀδυσσέας,
972 1159 1080 1244 itaque
1104 1176 1166 1222 non
1191 1163 1240 1222 est
1265 1173 1376 1221 terum

184 1265 382 1340 κατέδουσιν.
408 1262 465 1329 sed
486 1264 688 1342 κατέδονται,
716 1273 751 1330 ut
773 1262 814 1331 de
833 1283 869 1330 re
889 1262 1011 1329 futura.
1058 1262 1232 1332 simitttma
1255 1269 1305 1328 est
1325 1259 1378 1326 olt-

185 1373 325 1437 scrratio
349 1368 389 1435 ad
415 1366 529 1458 Odyss.
553 1381 595 1437 Α.
619 1374 694 1437 182.

749 1472 863 1556 ύίζυραὶ
888 1474 920 1541 δέ
943 1475 968 1541 οἱ
991 1476 1071 1552 αἰεί,

367 1580 522 1663 ottocaro
545 1580 649 1655 νύκτες
673 1583 783 1647 τεκαὶ
809 1581 920 1660 ἤματα
945 1577 1169 1662 δακρυχεούσης.

236 1685 400 1754 Schotion:
433 1689 466 1752 ού
496 1686 547 1752 διά
578 1687 649 1757 τοὺς
681 1696 857 1768 μνητῆρας·
891 1686 973 1752 ούτιο
1002 1684 1065 1765 γάρ
1089 1679 1166 1757 ἦσαν
1189 1682 1377 1762 ἐπιθέμενοι,

184 1791 277 1860 άλλά
299 1792 349 1858 διιὶ
370 1791 416 1858 σέ.
455 1792 612 1858 Praesens
631 1792 791 1858 κατέδουσι
812 1790 941 1858 ridetur
962 1788 1168 1857 Aristarchus
1189 1787 1283 1855 lectio
1299 1807 1378 1855 esse.

93 1942 104 1950 -
188 1896 397 1965 Aristarchus
420 1897 505 1962 eninr
531 1897 804 1983 quemadmodum
831 1898 863 1963 iu
888 1894 978 1963 Iliad.
1004 1906 1044 1962 Δ.
1073 1899 1129 1962 161

341 2003 376 2069 ἔα
398 2027 434 2068 τι
459 2003 511 2069 καὶ
536 2004 594 2086 ύψέ
617 2012 707 2070 τελεῖ
726 2005 781 2070 σύν
804 2028 839 2070 τε
862 2002 997 2084 μεγάλῳ
1021 2002 1193 2078 άτέτισαν,

189 2108 356 2196 redarguit
390 2107 601 2174 Zerrodoiearu
633 2108 819 2175 lectionem:
843 2116 933 2175 τελεῖ
953 2107 1008 2173 σύν
1029 2132 1065 2173 τε
1088 2105 1223 2191 μεγάλῳ
1246 2106 1380 2172 τίσουσιν

188 2216 277 2304 (uam
304 2217 350 2280 sic
376 2212 545 2301 tegendum
573 2216 604 2279 iu
639 2215 801 2280 ilorciauo
832 2224 861 2280 A
885 2212 924 2279 ad
951 2224 991 2279 Δ.
1020 2213 1116 2300 161),
1149 2213 1196 2278 sic
1227 2210 1286 2281 troc
1310 2210 1380 2279 ioco

187 2322 456 2410 Aristophanem
484 2321 678 2407 scripturam
707 2320 888 2387 κατέδονται
915 2318 1078 2385 refutarit.

233 2531 350 2622 Odyss.
374 2542 417 2598 Α.
442 2533 518 2598 ato.

320 2637 411 2704 άλλά
434 2636 477 2701 τά
498 2636 557 2716 μέν
578 2661 613 2704 τε
637 2637 729 2721 τυρδς
752 2638 895 2720 κρατερδν
917 2638 1006 2717 μένος
1030 2635 1196 2716 αΙύομένοιο

324 2744 429 2828 δαμνᾷ
452 2743 523 2809 έτεί
540 2769 576 2809 κε
600 2750 706 2826 τρῶτα
729 2744 807 2829 λύπη
829 2743 915 2810 λεύκ’
939 2741 1013 2812 tric
1036 2741 1141 2822 ύυμύς.

237 2848 402 2917 Sctrotton:
435 2848 568 2934 δαμνᾷ
597 2852 635 2923 de
660 2857 791 2935 κιρνᾷ.
822 2852 848 2915 oi
873 2850 903 2915 δέ
932 2847 1093 2926 δάμναται
1122 2844 1161 2922 ύς
1192 2871 1243 2913 κεν
1274 2851 1380 2929 τρύτα

188 2956 283 3041 λύπη,
314 2959 354 3029 ύς
375 2955 515 3037 Κράτης.
545 2956 612 3022 ύδέ
637 2957 870 3030 ’Λσκαλιονέτης
899 2952 1077 3034 συνεδάμνα
1098 2955 1116 3032 ἢ
1141 2959 1194 3020 τοῦ
1219 2955 1381 3034 δαμνοῖται

189 3063 346 3137 άτοκοτύ.

236 3167 358 3234 Modesti
385 3166 546 3253 imprimis
567 3175 644 3232 suot
668 3165 873 3233 librariorum
898 3187 1043 3245 errores,
1070 3166 1124 3233 ubi
1156 3175 1280 3233 veteres
1303 3165 1382 3233 scri·

192 3283 346 3362 pturaea
372 3272 500 3338 criticis
523 3284 793 3340 commemoratae
822 3274 937 3341 uitium
961 3281 993 3339 et
1018 3272 1120 3340 iaham
1144 3280 1382 3359 conceperunt,

191 3400 340 3468 namque
363 3380 411 3445 sie
450 3378 533 3465 quod
566 3379 693 3465 antiqui
722 3380 835 3446 Poetae
867 3380 1061 3465 interpretes
1095 3380 1149 3445 rix
1176 3384 1384 3446 servaverant

191 3485 298 3553 denuo
321 3483 412 3551 nobis
432 3484 546 3571 periit,
568 3483 629 3550 uisi
648 3484 752 3550 sicubi
774 3482 984 3551 emendabitis
1002 3505 1094 3553 error
1112 3493 1174 3552 est.
1213 3482 1246 3550 Ιιι
1270 3481 1384 3550 Codice

192 3591 315 3659 Veneto
341 3589 380 3656 ad
407 3589 443 3655 li.
468 3599 509 3655 A.
536 3594 597 3655 551
633 3588 832 3677 adscriptum
857 3600 906 3657 est
929 3591 960 3679 (d
988 3593 1083 3666 διτλΐι
1108 3593 1125 3668 si
1154 3589 1383 3678 τεριεςιρμένη)

191 3697 239 3765 ύτι
262 3695 423 3772 Ζηνόδοτος
456 3695 577 3780 γράφοι
607 3706 754 3779 χεῖρας
785 3696 992 3774 άναττάς,
1026 3717 1083 3785 pro
1108 3704 1219 3778 χεῖρας
1247 3694 1382 3775 ὀρεγνύς.

193 3802 276 3885 Quid
306 3803 410 3889 igitur
432 3802 562 3887 scripsit
587 3800 786 3868 zenodotus?
817 3822 890 3869 nam
914 3811 1024 3884 χεῖρας
1048 3803 1194 3876 άναττάς
1220 3800 1298 3867 ιιίΙιίΙ
1324 3811 1382 3867 est.

194 3912 242 3974 Αιι
268 3906 348 3974 iorte
369 3908 452 3989 χεῖρ’
475 3906 671 3981 άνατιτνάςύ
720 3908 755 3973 lu
783 3907 925 3974 tenebris
956 3909 1125 3974 micamus.
1161 3907 1197 3974 ln
1223 3906 1384 3996 Odysseae

192 4013 262 4081 ioco
280 4010 403 4100 aliquid
425 4012 564 4099 perspici
585 4023 699 4098 potest.
735 4012 967 4100 Porrigeudum
987 4025 1036 4078 est
1056 4012 1159 4078 euim:
1179 4013 1193 4079 ὃ
1215 4014 1245 4078 δὲ
1266 4013 1382 4079 Ἀσκα·

192 4120 321 4194 λανύτης
357 4118 527 4197 δάμνατ’
562 4119 652 4186 έτεύ
685 4144 718 4185 κε
757 4126 887 4200 πρῶτα.
927 4120 973 4188 tce
1012 4117 1247 4205 δδ,δάμνατ’
1276 4122 1294 4196 οἱ
1328 4124 1383 4186 τοῦ

192 4225 395 4304 δάμναται
420 4225 575 4299 άτοκοτιὶ.
626 4225 666 4290 iit
691 4224 767 4292 haec
792 4224 924 4311 quidem
949 4224 1113 4310 scriptura
1138 4226 1245 4293 verior
1266 4234 1299 4292 et
1320 4224 1381 4291 Ho-

194 4351 284 4397 mero
306 4327 469 4397 reddenda
1231 4330 1240 4340 ’

274 4498 280 4501 .
330 4434 376 4502 δά
383 4435 503 4515 μνατ’
527 4436 596 4504 dael
618 4461 653 4502 κε
675 4438 782 4518 τρύτα
803 4438 880 4521 λέτη
903 4435 991 4504 λεύκ’
1014 4437 1089 4508 ύσέα
1112 4435 1223 4519 ύυμύς.
