3254 5034
587 339 779 388 nnlnonoonoa
803 342 840 389 ιτ
863 343 989 391 ινιτιαλ.
1343 331 1385 393 55

192 499 285 568 libris
310 522 385 569 unos
408 523 498 586 esse,
524 508 581 593 qni
605 508 796 586 ννιίοίίίιυε,
832 520 870 578 ut
893 514 1001 592 aiunt,
1024 513 1127 580 litenis
1151 515 1274 581 exarati
1295 534 1385 583 vona·

188 606 264 674 bola
290 628 355 676 nnn
378 609 481 677 divisa
506 612 562 679 sed
588 634 651 682 uno
676 624 786 684 tenore
810 619 996 686 continuata
1018 619 1230 699 exhibebant,
1251 629 1385 689 utesset

189 734 434 803 nonnumquam
462 719 651 806 ambignum
673 742 736 809 quo
762 731 854 810 panto
879 724 1020 812 syllabae
1045 726 1077 791 in
1102 725 1254 793 vocabula
1275 737 1384 794 essent

188 818 429 907 dispesoendao.
475 824 631 912 Exempla
657 825 696 893 de
721 828 830 897 multis
854 847 957 917 pauca
978 830 1151 917 proteram.
1200 829 1246 898 dd
1266 830 1380 922 Ουτοι.

186 937 229 995 Α.
255 932 332 996 ⁴89.

324 1034 493 1114 βουλοίμην
515 1046 797 1108 KGHAPOTPOC
820 1042 873 1108 ἐὼν
897 1042 1060 1122 θητευέμεν
1081 1041 1181 1126 ἄλλῳ.

233 1137 382 1206 Scholion
410 1150 459 1208 est
490 1143 671 1227 ἐποίρουροςε
703 1149 741 1220 τίς
766 1146 902 1226 ἐπίγειος
926 1152 969 1230 τῷ
994 1149 1069 1231 τίνῳ
1093 1150 1145 1216 καί
1165 1151 1209 1231 τῷ
1234 1172 1380 1228 σημαινο-

184 1244 284 1327 μίνρ.
320 1246 398 1321 τινὲς
431 1248 464 1315 δὲ
498 1248 695 1333 πιίρουρος
731 1252 745 1318 ί
781 1253 943 1329 οὶνίλουίος
978 1256 1032 1321 οὐκ
1071 1251 1115 1321 εὖ.
1164 1254 1377 1342 Ambigebant

185 1358 298 1418 utrum
322 1355 351 1420 κ’
374 1352 533 1438 ἐπάρουρος
557 1375 596 1421 an
621 1382 657 1424 κε
677 1355 823 1441 πάριυρος
843 1369 928 1428 esset
948 1360 1169 1430 scribendum.
1219 1360 1378 1430 Similiter

183 1459 226 1526 ad
250 1471 292 1527 A.
319 1463 384 1527 519

319 1567 416 1650 Φοίτα
440 1568 549 1649 μακροὶ
571 1565 702 1648 βιβᾶσα
722 1581 1079 1642 ΚΛΤΑΟΦΟΔΕΛΟΝ
1102 1581 1262 1654 λειμῶνα,

182 1676 376 1740 annotatur:
409 1670 523 1748 ἄδηλον
554 1674 679 1756 πότερον
710 1677 859 1756 σΦοδελίν
889 1679 906 1756 ἢ
931 1681 1124 1760 οὶσΦίδελον.
1155 1679 1289 1759 λέγεται
1311 1682 1376 1766 γαρ

181 1779 237 1846 καί
269 1778 363 1861 χωρίς
392 1783 446 1844 τοῦ
480 1789 519 1846 Α.
569 1780 781 1848 Grammatini
811 1792 937 1851 certant
963 1793 1071 1852 utrum
1097 1794 1190 1853 vetuo
1211 1787 1375 1872 scriptura

181 1887 216 1952 in
242 1886 327 1952 κοντοὶ
349 1884 499 1967 condenti
524 1884 733 1973 dispesoenda
756 1888 800 1953 sit
824 1908 864 1954 an
890 1890 922 1955 in
947 1893 1020 1956 κατ’
1044 1890 1230 1973 οἱσφοδελίν.
1280 1891 1375 1959 Simi-

180 1991 259 2060 liter
281 1990 396 2080 Odyss.
422 2002 460 2058 Σ.
490 1996 553 2058 184

317 2096 362 2173 σίν
385 2097 413 2164 δ’
436 2097 624 2176 abusionem
645 2104 718 2179 μετ’
741 2099 870 2182 οίνίρας.
896 2100 1039 2181 αἰδέομαι
1064 2100 1137 2185 γοίρ.

227 2203 408 2272 Haerebant
440 2204 473 2269 in
508 2213 770 2272 ΟΤΚΕΙΟΕΙΜΙ.
820 2203 988 2272 Scholion:
1022 2208 1058 2273 τὸ
1091 2215 1205 2292 πλῆρες
1236 2211 1374 2278 ίιιεῒσε

179 2310 257 2402 (leg.
281 2309 378 2399 κεῖσε)
405 2306 487 2389 εἶμι.
521 2312 600 2383 τινες
623 2312 655 2378 δὲ
678 2310 807 2390 είσειριι.
840 2309 963 2391 ἄμεινον
985 2313 1017 2379 δὲ
1040 2316 1075 2382 τὸ
1099 2322 1224 2396 πρῶτον.
1271 2316 1373 2383 Dubi-

177 2416 295 2484 tabant
322 2424 432 2482 ntroin
459 2418 492 2482 οὐ
517 2420 593 2482 κεῑσ’
616 2412 682 2494 εἶμι
706 2437 746 2483 an
771 2418 825 2484 οὐκ
848 2416 959 2498 είσειμι
981 2428 1065 2486 esset
1090 2422 1209 2488 venius.
1258 2422 1371 2490 Gram-

176 2524 320 2591 matieos
340 2520 417 2587 illud
437 2522 607 2608 praetulit,
632 2521 691 2590 boe
712 2521 879 2608 vulgatum
892 2534 960 2601 est,
977 2525 1177 2603 rectissime.
1198 2536 1234 2594 ut
1248 2529 1370 2615 opinor.

224 2630 261 2698 ln
294 2627 456 2696 nonnullis
486 2627 686 2696 dissidebant
717 2630 829 2697 Critini
861 2649 925 2717 qua
951 2632 1074 2698 ratione
1097 2630 1239 2720 syllabae
1261 2643 1372 2701 essent

177 2734 415 2823 disponendae,
440 2732 539 2801 veluti
565 2732 677 2822 Odyss.
701 2744 741 2800 A.
769 2739 843 2800 112.

316 2842 341 2907 oi
365 2840 392 2906 δ’
414 2837 491 2907 αὖτε
515 2839 683 2919 σπόγγοισι
707 2841 922 2921 πολυτρήτοισι
943 2839 1104 2924 τραπίζοις

315 2947 393 3030 νίζον
415 2948 468 3013 καὶ
493 2955 853 3014 ΠΡΟΤΙΘΕΝΤΟΙΔΕ
876 2945 949 3029 κρία
971 2949 1078 3014 πολλοὶ
1101 2947 1259 3016 δατεῦντο.

175 3063 211 3119 et
235 3050 351 3141 Odyss.
377 3062 411 3118 Γ.
439 3058 490 3119 10.

313 3160 339 3225 ol
362 3160 389 3225 δ’
412 3161 474 3233 itte
500 3167 814 3226 ΚΑΤΑΓΟΝΤΟΙΔ
840 3159 907 3229 islo
930 3158 997 3235 νυὸς
1023 3161 1104 3236 Hono

311 3273 420 3335 τεῒλαυ
443 3266 620 3346 ἀείραντες.

174 3370 230 3437 nbi
263 3381 459 3437 annotatur:
493 3373 679 3454 ’λρίταρχις
708 3370 894 3450 ιιοίτοιγον
925 3368 996 3438 είτα
1027 3371 1088 3439 τοὶ
1121 3371 1148 3437 δ’
1178 3371 1260 3442 ίςία.
1293 3374 1307 3439 ί
1336 3373 1367 3440 dl

173 3477 354 3558 ’Ἡρωδιανὸς
378 3476 634 3556 κατάγοντο.
661 3478 696 3543 τὸ
721 3473 818 3556 ὅμοιον
842 3477 895 3543 καί
921 3477 971 3544 ἐπί
995 3483 1048 3544 τοῦ

313 3581 390 3664 νίζον
412 3584 465 3650 καί
490 3585 664 3666 προτίθεντο
688 3584 732 3650 ἰδὲ
755 3584 829 3665 κρέα
853 3583 958 3650 πολλοὶ
982 3583 1148 3650 δατεῦντο.

174 3686 230 3753 ubi
252 3687 488 3774 supplendum:
515 3689 693 3770 Ἡρωδιανὸς
716 3690 959 3769 κατάγοντι
981 3689 1059 3768 ἰδέ,
1085 3698 1117 3757 et
1140 3688 1364 3759 scribendum:

171 3793 250 3875 νίζον
273 3794 326 3860 καί
354 3794 545 3875 πρότιθεν
568 3796 630 3861 τοί
652 3794 692 3860 δὲ
715 3796 778 3861 nni.
829 3796 909 3863 Hine
933 3804 1065 3883 apparet
1086 3794 1235 3864 Snbolion
1260 3796 1300 3862 ad
1323 3808 1364 3864 λ.

174 3905 238 3966 ¹12
269 3901 495 3987 perturbatum
520 3921 589 3968 esse
614 3909 646 3968 et
672 3901 877 3967 mutilatum:
913 3900 1037 3981 ἄμεινόν
1070 3911 1164 3986 φησιν
1186 3902 1365 3984 Ἡρωδιανὸς

169 4008 418 4086 ἀναγιγνώσκειν
439 4008 506 4075 καί
527 4006 737 4087 πρίτιίεν,
762 4008 822 4073 τοί
845 4008 903 4074 δέ.
931 4028 1070 4094 namque
1087 4006 1267 4074 Aristarchi
1286 4006 1364 4076 haec

169 4113 332 4179 sententia
363 4122 430 4191 est,
463 4133 525 4179 non
552 4112 743 4188 Herodiani,
769 4133 863 4200 quem
889 4111 950 4178 sibi
977 4114 1008 4178 in
1033 4123 1169 4201 ntrnqne
1193 4112 1262 4181 loco
1287 4135 1363 4181 non·

171 4221 299 4286 stitisse
331 4239 389 4306 ρει
420 4228 479 4286 est.
528 4218 649 4285 Deinde
680 4228 767 4287 necte
791 4226 959 4285 inonetun:
987 4219 1116 4300 ὀλίγος
1141 4218 1216 4288 οὕτω
1239 4225 1363 4300 μᾶλλον

177 4326 357 4399 οὶκίλουίος·
382 4328 408 4392 σί
431 4327 489 4406 μὲν
512 4322 583 4392 οἶνον
605 4326 753 4405 ἔμισγον,
778 4328 803 4393 oi
828 4326 859 4392 tl
883 4326 1050 4405 σπόγγοισι
1071 4327 1166 4411 νίζον,
1190 4329 1215 4394 oi
1239 4328 1271 4394 at
1290 4328 1364 4411 κρέα

178 4431 329 4515 ἐμέριζεν,
361 4438 395 4498 et
425 4430 557 4499 additor
587 4432 637 4499 bis
670 4433 838 4499 verissima
870 4431 1065 4501 observatio:
1097 4435 1150 4500 καὶ
1183 4432 1289 4510 ἄλλοις
1312 4435 1364 4502 τὸν
