3388 5010
302 330 370 397 268
703 347 858 397 mortum
882 349 919 398 rr
942 348 1098 398 amtorem

304 521 336 583 in
369 538 404 585 re
433 519 578 605 asperior
605 529 661 587 aut
693 520 902 589 inhumanior
935 518 1034 586 luisse
1068 515 1239 595 rideare”,
1271 516 1325 583 ubi
1356 517 1397 585 de
1432 538 1494 586 una

301 624 440 711 quadam
471 629 713 713 opportunitate
737 630 867 715 agitur,
896 644 957 691 nou
984 644 1035 690 res
1059 623 1222 709 cogitatur
1244 643 1327 710 quae
1352 625 1495 710 quotidie

301 729 348 796 lit.
403 729 560 798 Similiter
590 731 630 799 de
656 731 728 800 Nat.
765 734 802 800 e.
826 733 852 799 l.
882 737 955 809 bh..
986 735 1045 797 59:
1080 750 1194 816 »roges
1227 749 1296 808 me,
1328 730 1406 818 qnid
1438 741 1495 799 aut

300 835 394 923 quale
418 837 461 902 sit
486 834 582 916 deuS,
608 846 740 906 auctore
766 848 839 907 utar
863 836 1066 916 Simonide’',
1089 834 1288 923 deeoquod
1309 836 1494 925 paulopost

299 941 368 1008 heri
394 962 485 1029 posse
509 943 725 1030 significatur.
773 945 849 1012 Hor.
873 944 939 1012 Sat.
963 943 1005 1009 ll.
1027 947 1058 1008 6.
1080 947 1141 1009 39;
1162 941 1308 1009 »Dixeris
1327 945 1492 1030 experiar:

298 1050 325 1116 si
356 1050 421 1127 ris,
447 1060 557 1137 potes,
585 1050 673 1118 addit
696 1062 728 1119 et
752 1053 886 1120 instat’'.
936 1049 979 1117 lb.
1006 1050 1030 1117 l.
1058 1055 1089 1118 3.
1119 1055 1175 1115 m:
1201 1047 1332 1115 »Decies
1356 1058 1491 1116 centena

290 1154 441 1222 dedisses
470 1157 552 1223 Huic
586 1178 682 1245 parco
713 1159 826 1245 paucis
848 1164 1019 1235 contento,
1044 1156 1188 1243 quinque
1212 1154 1326 1222 diebus
1350 1154 1400 1220 Nil
1421 1164 1491 1222 erat

298 1262 330 1327 in
365 1261 512 1328 loculis’'.
566 1264 606 1328 ht
637 1263 676 1330 dc
707 1263 850 1351 eoquod
874 1263 1002 1350 saepius
1025 1271 1058 1329 et
1082 1261 1178 1349 vulgo
1202 1263 1257 1341 ht,
1284 1271 1316 1327 tn
1340 1282 1404 1349 quo
1428 1283 1489 1329 non

295 1368 466 1453 quaeritur
501 1388 578 1434 num
615 1388 652 1437 re
686 1389 761 1436 vera
798 1369 970 1457 aliquando
993 1368 1137 1437 aecidat:
1175 1367 1380 1435 indicativus.
1415 1369 1490 1435 lior.

296 1471 365 1540 Sat.
400 1473 438 1541 ll.
472 1477 536 1549 94;
570 1473 647 1541 »das
678 1475 801 1562 aliquid
833 1475 937 1543 lamae
959 1513 1006 1526 -
1028 1473 1167 1562 grandes
1197 1472 1323 1540 rhombi
1348 1476 1489 1562 patinae·

294 1598 357 1664 que
391 1578 513 1665 grande
550 1579 659 1648 lerunt
689 1622 734 1632 -
765 1581 938 1649 dedecus''.
985 1581 1100 1649 iuven.
1133 1580 1188 1647 lll.
1224 1584 1307 1646 100:
1352 1579 1489 1659 illides,

294 1687 417 1753 uiatore
440 1686 597 1753 cachinno
622 1687 835 1767 concutitun
857 1688 933 1767 del,
958 1688 985 1753 si
1008 1687 1160 1753 lacrimas
1183 1686 1349 1773 conspexit
1371 1688 1488 1764 amici,

293 1790 357 1858 Nec
400 1790 519 1862 dolet”.
567 1792 612 1861 De
648 1793 718 1871 illo,
754 1816 830 1862 rrum
868 1815 902 1862 re
939 1813 1012 1861 vera
1050 1794 1148 1858 visuri
1185 1793 1252 1857 sint
1288 1791 1384 1859 alieni
1420 1811 1482 1858 uon

292 1900 482 1985 quaeritur,
515 1897 607 1966 laeile
640 1899 718 1967 illud
752 1902 821 1968 lieri
852 1921 942 1989 posse
972 1900 1110 1986 quisque
1141 1898 1252 1964 sentit.
1302 1898 1343 1963 ht
1366 1898 1419 1964 uhi
1443 1897 1498 1965 de.

292 2005 417 2070 incerto
452 2005 498 2071 rei
525 2015 643 2072 eventu
675 2007 837 2092 cogitatur
868 2007 1094 2095 coniunctirus
1125 2012 1196 2082 est,
1227 2002 1325 2070 veluti
1358 2006 1483 2092 quotics

291 2109 438 2197 apodosis
462 2109 557 2177 habet
582 2109 747 2179 laturum:
774 2114 840 2178 »sit
863 2132 936 2199 spes
954 2110 1104 2190 lallendi3
1127 2108 1276 2177 miscebis
1297 2129 1388 2176 sacra
1410 2130 1483 2198 pro·

292 2213 410 2283 ianis’'.
428 2217 505 2285 Hor.
528 2217 616 2300 Quae
635 2217 676 2284 tl.
693 2216 797 2285 adlert
816 2217 880 2285 hue
894 2218 1054 2305 pertinere
1067 2236 1128 2282 noo
1143 2215 1309 2283 videntur:
1324 2215 1407 2283 XlV.
1425 2221 1481 2283 10:

358 2322 583 2390 naumachiam
609 2322 683 2390 licet
707 2323 806 2404 haec,
831 2326 984 2412 inquam,
1008 2321 1230 2408 alveolumque
1255 2329 1369 2410 putare
1391 2330 1424 2389 et

358 2428 471 2497 calces.
497 2429 634 2498 delecter
658 2439 707 2508 te,
732 2430 797 2497 hilo
822 2452 884 2497 noo
911 2431 1032 2498 rectius
1058 2431 1167 2509 viras,

288 2553 373 2621 quae
402 2554 466 2602 non
500 2556 662 2603 morosum
696 2536 858 2604 hominem
884 2545 1032 2625 spectant
1054 2534 1110 2602 sed
1135 2534 1220 2601 dieta
1246 2546 1322 2603 sunt
1346 2537 1378 2602 in
1401 2534 1481 2603 ludi·

287 2639 394 2707 hrinm
415 2642 694 2731 philosophorum,
716 2645 770 2731 qui
793 2645 891 2710 vitam
914 2663 987 2709 eum
1007 2641 1101 2720 ludo,
1120 2661 1220 2709 eursu
1233 2652 1289 2709 aut
1303 2644 1482 2711 certamine

286 2755 485 2836 comparant,
510 2751 604 2815 cuius
628 2751 673 2816 rei
702 2749 874 2816 utilitatem
901 2769 962 2815 non
987 2749 1154 2836 perspicit.
1180 2747 1322 2815 Delectes
1341 2758 1481 2816 estcon·

283 2851 451 2934 cedentis3
478 2856 654 2940 nigratum
677 2853 734 2920 tibi
757 2854 854 2922 luerit
878 2854 991 2931 iacias,
1012 2852 1112 2920 nihilo
1131 2855 1253 2921 rectius
1273 2856 1371 2922 rivas.
1395 2855 1478 2944 (Nou

285 2978 367 3045 opus
397 2968 447 3024 est
479 2962 659 3028 mutatione
685 2960 826 3028 bluelieri
852 2962 975 3037 sectiu'‚
1001 2979 1084 3050 quae
1109 2959 1229 3026 nullam
1255 2961 1355 3047 priori
1381 2963 1480 3029 uersi-

285 3062 358 3131 eulo
387 3062 491 3132 lucem
527 3065 690 3150 offundit).
738 3066 860 3134 Deinde
894 3067 992 3134 XXX.
1029 3070 1108 3142 122.
1140 3067 1167 3132 si
1194 3076 1280 3134 recte
1304 3066 1478 3152 legeretur:

287 3169 366 3235 »hoc
391 3171 525 3239 naissum
553 3172 666 3248 iacies.
688 3171 740 3239 illo
760 3193 810 3239 me
830 3183 920 3241 utere
943 3172 1097 3239 libentei”
1119 3191 1232 3238 novam
1253 3172 1389 3239 [ormam
1404 3194 1479 3240 eon-

284 3274 453 3344 dieionalis
481 3279 643 3346 enuntiati
674 3279 870 3354 contineret,
900 3280 931 3345 iu
963 3298 1026 3364 qua
1052 3278 1233 3345 membrum
1260 3279 1479 3348 condicionale

284 3384 318 3450 iu
344 3382 454 3450 loturo
478 3394 563 3452 esset
587 3387 748 3473 positum3
775 3384 830 3452 sed
855 3384 1026 3471 legendum
1052 3385 1233 3472 [arienses
1257 3385 1354 3452 Turn.

282 3540 285 3545 >
328 3489 414 3574 XlX.
439 3495 470 3559 d.
497 3491 796 3559 Peniculamentum
823 3511 899 3557 vero
922 3489 1155 3579 reprehendere
1178 3491 1255 3557 noli.

328 3594 446 3664 Codd.:
482 3596 763 3685 ›speculamento'’.
798 3595 918 3664 Scrib.:
939 3597 1198 3684 peniculamenta.
1225 3596 1476 3666 Plautinum.

283 3710 343 3772 hb:
380 3702 447 3770 »vei
478 3703 572 3784 illae,
605 3724 688 3790 quae
720 3703 795 3771 here
829 3702 925 3791 pallio
949 3724 1000 3770 me
1024 3703 1334 3791 reprehenderunt
1382 3704 1475 3793 Epid.

282 3810 394 3878 initio:
419 3808 520 3879 »heus
540 3810 744 3878 adulesceusl
767 3810 822 3876 Tu.
850 3809 929 3891 Quis
950 3818 1176 3897 properantem
1199 3829 1250 3877 me
1271 3810 1477 3898 reprehendit

282 3916 386 4006 (codd.
404 3915 587 4003 prehendit)
610 3914 751 4003 palliol'’
788 3914 933 4005 (Troch.)
955 3916 1047 3981 Trio.
1068 3919 1152 3982 oet:
1175 3915 1251 3982 »ille
1271 3916 1477 4005 reprehendit

282 4022 368 4088 hunc
389 4023 528 4110 priorem
549 4022 677 4111 pallio''.
716 4020 1006 4109 »llepreheudere”
1026 4022 1154 4110 saepius
1173 4030 1273 4090 estex
1286 4021 1361 4109 iuga
1376 4032 1474 4092 retra·

281 4127 358 4196 here
379 4137 414 4195 ut
434 4148 483 4218 ap.
507 4128 577 4197 (Xe.
611 4129 748 4196 »Virtus
767 4127 974 4216 reprehendit
993 4126 1125 4195 mauu’'.
1158 4128 1204 4194 hd
1218 4148 1313 4216 quam
1329 4149 1473 4198 normam

281 4235 309 4303 ai
331 4235 480 4321 exigatur
502 4236 663 4302 »animam
684 4235 859 4322 reprendi’'
880 4235 899 4301 Ι.
913 4234 981 4302 XX.
996 4254 1024 4301 v.
1047 4240 1106 4312 10,
1119 4235 1204 4322 apud
1222 4235 1263 4302 tl.
1276 4237 1322 4304 sic
1335 4238 1474 4325 scripto:

418 4339 570 4428 Calpurni
596 4360 690 4408 saeva
714 4339 783 4428 lege
803 4341 835 4406 in
863 4340 981 4408 Pisoni‘
1003 4340 1155 4429 reprendi

417 4446 577 4535 eduxique
600 4446 741 4515 animam
768 4447 958 4534 primoribu'
981 4444 1122 4535 partihu’
1147 4447 1254 4526 naris,
