3340 5014
610 419 800 468 rntcucoarct
825 422 862 467 er
884 422 1012 469 cnrrrcn.
1360 400 1404 466 99

208 581 292 668 Ergo
315 595 508 671 supererant
530 587 722 655 etiamtum
747 598 779 656 et
804 588 940 655 aliorum
967 597 997 655 et
1025 590 1074 678 (ut
1100 589 1183 657 inira
1207 587 1402 678 ridebimus)

208 688 341 754 Periclis
352 691 552 774 ψηφίσματα
571 693 672 783 ipsius
684 716 778 761 menn
792 697 917 782 scriptu.
947 694 1031 762 llaec
1044 696 1151 763 omnia
1166 694 1253 785 Sylla
1267 694 1402 763 Romam

206 795 349 863 abstulit.
401 796 594 865 Plutarchus
626 801 657 865 in
693 801 756 867 rita
789 801 896 891 Syllae
928 820 997 888 cap.
1023 806 1066 868 26
1095 801 1182 892 Sylla
1213 800 1253 867 ah
1278 801 1403 889 Epheso

205 903 348 970 llthcnas
376 924 544 983 reversus,
577 905 700 992 inquit,
720 909 845 987 μυηθεὶς
867 905 983 985 ἐξεῖλεν
1002 908 1101 990 ἑαυτῷ
1120 910 1176 984 τὴν
1194 901 1402 973 'Arsameia

204 1036 254 1084 τις
276 1015 332 1077 τοῦ
362 1011 458 1087 Τηΐου
488 1012 708 1090 βιβλιοθήκην.
738 1023 772 1080 at
804 1013 921 1081 Strahu
944 1012 1019 1081 Xlll
1053 1014 1401 1102 peccatumve

203 1120 258 1195 rire
291 1120 541 1189 Ἀτελλικῶντις
571 1121 719 1195 τελευτὴν
750 1119 881 1193 Σύλλας
913 1115 963 1201 ἦρε
993 1123 1049 1197 τὴν
1080 1122 1326 1194 'strenuissime
1349 1120 1399 1199 βι·

203 1224 370 1304 deroldum
395 1224 421 1312 (i
446 1221 522 1310 del.)
553 1225 613 1297 τάς
646 1225 777 1302 ’uiduae
799 1226 887 1294 ἑλών.
937 1226 978 1292 Et
1003 1224 1119 1292 Strabo
1149 1234 1180 1292 ct
1208 1223 1401 1293 Plutarchus

204 1331 316 1396 multis
349 1337 483 1395 narrant
524 1327 621 1395 libros
654 1331 836 1397 Aristotelis
867 1341 898 1398 et
923 1330 1134 1420 Theophrasti
1160 1340 1230 1398 tum
1257 1331 1399 1419 primum

203 1436 324 1502 Romae
349 1437 382 1500 iu
407 1435 512 1501 luceru
533 1434 637 1501 editos
658 1435 712 1501 sed
733 1437 859 1504 mendis
870 1437 1098 1524 erroribusque
1111 1437 1233 1503 clrsitos
1252 1435 1399 1505 socordia

201 1544 398 1609 scriturum.
447 1542 586 1628 Antiqua
610 1543 811 1625 ψηφίσματα
835 1562 931 1609 neure
955 1542 1086 1630 posthac
1110 1552 1343 1609 commemorat
1367 1552 1400 1610 ct

202 1649 288 1717 haud
314 1650 361 1715 ita
387 1646 489 1713 nrultn
508 1656 578 1733 post
598 1646 740 1713 ssarrrmis
762 1658 794 1714 ct
826 1647 991 1726 inccndio,
1017 1658 1052 1715 ut
1072 1648 1240 1736 plerosque
1264 1649 1295 1719 in
1321 1647 1401 1716 urbe

202 1757 304 1824 lluma
329 1754 451 1832 libros,
477 1752 623 1818 absumta
647 1773 718 1820 esse
741 1753 896 1821 credibile
918 1763 978 1822 est.

245 1862 315 1929 Non
344 1870 451 1927 tamen
476 1859 583 1925 omnia
602 1857 750 1926 funditus
770 1861 947 1947 perierunt.
983 1860 1142 1927 Cnsrrrus
1160 1861 1248 1928 enim
1280 1858 1399 1948 aliquis

200 1971 288 2047 sire,
324 1976 361 2033 ut
393 1964 570 2032 llcirtelrius
601 1963 776 2031 Niebuhrio
799 1964 954 2039 credidit.
989 1966 1130 2033 »Crateri
1159 1965 1337 2033 Macedonis
1359 1988 1400 2033 ec

201 2075 299 2141 Philo
326 2074 432 2160 filius,
458 2071 607 2156 Antipatri
630 2071 715 2158 repis
736 2073 840 2157 [ratur
860 2073 1036 2149 uterinus'’‚
1060 2074 1144 2150 sire,
1172 2082 1206 2138 ut
1225 2070 1305 2138 milti
1326 2072 1399 2159 qui·

200 2182 273 2248 dem
291 2180 397 2246 multo
416 2180 483 2244 reri
495 2176 636 2242 similius
655 2175 882 2253 videturesse,
906 2177 1112 2264 antiquarius
1124 2179 1242 2266 aliquis
1253 2176 1398 2245 eiusdem

202 2289 347 2354 nonrinis
370 2305 474 2373 neque
501 2283 589 2368 regio
605 2302 724 2369 genere
746 2290 837 2348 ortus
858 2292 891 2349 et
910 2292 1015 2349 aetate
1035 2282 1201 2370 aliquanto
1222 2284 1400 2360 recentior,

200 2394 243 2459 τά
266 2400 329 2460 τῶν
353 2397 495 2457 παλαιῶν
517 2388 713 2474 αὐτόγραφα
736 2390 938 2472 ψηφίσματα
961 2390 996 2455 ἐκ
1017 2393 1072 2455 τοῦ
1103 2387 1252 2472 Μητρῴου
1275 2388 1400 2456 dment-

201 2507 254 2585 pta
279 2507 314 2564 et
338 2497 572 2564 courmentario
603 2494 783 2569 illustrata,
816 2495 848 2560 in
881 2515 945 2582 quo
969 2494 1081 2563 multis
1106 2496 1343 2563 llistoriccrum
1367 2504 1400 2563 et

200 2605 407 2670 Gonnicorurn
441 2611 585 2668 veterum
622 2602 815 2669 testimoniis
846 2621 925 2666 usus
956 2609 1022 2676 est,
1053 2599 1155 2667 edidit
1179 2604 1210 2668 in
1236 2600 1341 2671 lucem
1366 2611 1398 2669 et

201 2709 348 2775 modeste
368 2705 587 2791 Ψηφιτμάτων
600 2707 793 2786 Συναγωγιὶν
816 2706 990 2792 inscripsit.
1027 2707 1118 2772 Fecit
1130 2725 1245 2793 operae
1257 2707 1397 2792 {tretium

201 2813 383 2881 lleinelius
406 2833 506 2900 quurn
533 2814 565 2878 in
579 2806 756 2899 *Epimetro
772 2809 811 2877 ad
826 2811 1026 2897 Stephanum
1050 2813 1265 2900 Byzarrtinum
1287 2816 1397 2900 pili

201 2941 272 3007 sqq.
304 2919 427 2984 Crateri
457 2917 636 3003 fragmenta
672 2917 814 3004 undique
848 2917 981 2983 collecta
1012 2926 1044 2984 et
1068 2918 1181 2985 ordine
1206 2917 1343 3004 digessit
1365 2928 1399 2985 et

107 3042 110 3049 ·
203 3025 356 3112 perdocta
388 3025 594 3091 annotatione
629 3025 794 3090 enarravit
824 3024 1041 3111 correxitque.
1097 3024 1133 3091 lu
1158 3022 1277 3111 quihus
1297 3043 1399 3111 quum

202 3132 284 3198 milri
310 3129 428 3197 atalia
453 3128 609 3217 quaedam
642 3128 735 3216 qreulo
765 3129 880 3197 melius
904 3129 1131 3199 constituenda
1157 3151 1227 3198 esse
1252 3129 1398 3198 videreu-

202 3247 259 3305 tur
281 3246 314 3304 et
348 3234 538 3323 corrigenda
573 3234 743 3314 nonnulla,
775 3257 857 3325 quae
889 3237 1067 3304 lleinclius
1091 3234 1296 3303 inemendata
1321 3237 1399 3304 reli·

201 3345 347 3431 quisset,
373 3353 403 3408 et
438 3343 628 3429 praesertim
652 3342 775 3409 Crateri
800 3342 982 3429 fragmenta
1008 3343 1168 3428 insignem
1199 3343 1230 3409 iu
1267 3341 1397 3411 modurn

201 3447 351 3536 augenda
364 3470 433 3516 esse
453 3458 483 3515 et
497 3447 719 3536 locupletanda
733 3469 771 3514 cx
786 3448 850 3515 illis
863 3448 941 3514 locis
962 3447 1014 3514 ulri
1029 3450 1099 3515 sine
1109 3448 1253 3516 auctoris
1269 3450 1398 3517 nocerino

203 3558 248 3623 ila
269 3555 412 3623 lateirant
431 3563 464 3620 ut
492 3563 599 3619 tamen
625 3554 660 3620 εἰς
678 3560 735 3627 τῆς
747 3562 900 3636 Κρατεροῦ
913 3564 1107 3635 Συναγωγῆς
1121 3575 1191 3622 csse
1210 3556 1290 3624 eatis
1302 3574 1398 3644 appa·

204 3670 310 3740 reret,
330 3661 449 3749 placuit
471 3660 620 3727 lieinelrii
640 3660 794 3727 Errsrrno
815 3660 902 3728 lmnc
919 3660 1018 3727 veluti
1032 3662 1199 3729 centulum
1213 3662 1397 3731 etalterum

203 3769 406 3857 Epimetrum
430 3766 581 3833 adiicere.

250 3978 481 4064 Harpocration
519 3998 548 4045 r.
583 3976 659 4045 ‘Ori
695 3977 898 4061 διαμαρτάνει
935 3979 1131 4055 Δημοσθένης
1169 3981 1201 4045 ἓν
1234 3981 1276 4062 τῷ
1310 3981 1397 4048 κατά

204 4086 341 4166 Νεαίρας
374 4084 475 4164 λέγων
507 4087 676 4157 Πλαταιάς
704 4083 889 4166 γεγράφθαι
917 4085 948 4149 ἐν
979 4096 1019 4168 τῇ
1051 4087 1179 4168 Ποικίλη
1208 4094 1277 4173 sod.
1302 4087 1398 4162 οὐδεὶς

203 4191 267 4272 γάρ
299 4194 390 4257 τοῦτο
421 4190 536 4271 εἴρηκεν
566 4188 665 4272 ὥσπερ
693 4192 760 4258 οὐδὲ
791 4190 940 4274 Κρατερὸς
972 4193 1001 4257 ἐν
1033 4202 1072 4275 τῇ
1099 4199 1158 4258 τῶν
1181 4193 1398 4276 ψηφισμάτων

204 4307 386 4381 συναγωγῇ.
433 4296 600 4364 llanilcsto
633 4296 821 4364 mendosum
858 4304 908 4364 cst
942 4295 1041 4381 dorae
1076 4298 1160 4375 οὐδὲ,
1194 4299 1287 4386 quasi
1321 4319 1396 4367 vcro

205 4422 332 4469 necesse
355 4412 440 4470 esset
461 4402 501 4469 de
524 4423 560 4470 ea
585 4423 620 4469 rc
644 4403 811 4489 scripsisse
835 4404 1003 4470 Craterum
1028 4414 1085 4472 aut
1119 4405 1149 4470 id
1176 4406 1262 4473 inter
1284 4424 1397 4473 annues

205 4517 380 4577 constaret.
429 4508 512 4592 Quid
545 4508 669 4577 rnuttal
715 4508 846 4596 Corripe
875 4509 971 4582 οὐδεὶς
1001 4511 1183 4593 γάρτοῦτο
1214 4509 1328 4595 εἴρηκεν
1358 4514 1397 4586 ὡς
