<?xml version="1.0" encoding="UTF-8"?>
<!DOCTYPE html PUBLIC "-//W3C//DTD XHTML 1.0 Transitional//EN"
    "http://www.w3.org/TR/xhtml1/DTD/xhtml1-transitional.dtd">
<html xmlns="http://www.w3.org/1999/xhtml" xml:lang="en" lang="en">
 <head>
  <title>
</title>
<meta http-equiv="Content-Type" content="text/html;charset=utf-8" />
  <meta name='ocr-system' content='tesseract 3.04.00' />
  <meta name='ocr-capabilities' content='ocr_page ocr_carea ocr_par ocr_line ocrx_word'/>
</head>
<body>
  <div class='ocr_page' id='page_1' title='image "./mnemosynebiblio00servgoog_0261.png"; bbox 0 0 3388 5010; ppageno 0'>
   <div class='ocr_carea' id='block_1_1' title="bbox 292 332 1089 394">
    <p class='ocr_par' dir='ltr' id='par_1_1' title="bbox 292 332 1089 394">
     <span class='ocr_line' id='line_1_1' title="bbox 292 332 1089 394; baseline -0.004 0"><span class='ocrx_word' id='word_1_1' title='bbox 292 332 361 394; x_wconf 73' lang='grc' dir='ltr'><strong>2ὕο</strong></span> <span class='ocrx_word' id='word_1_2' title='bbox 691 345 846 392; x_wconf 75' lang='lat' dir='ltr'><strong>secuturo</strong></span> <span class='ocrx_word' id='word_1_3' title='bbox 871 346 908 392; x_wconf 82' lang='lat' dir='ltr'><strong>er</strong></span> <span class='ocrx_word' id='word_1_4' title='bbox 932 344 1089 392; x_wconf 75' lang='lat' dir='ltr'><strong>cucurri.</strong></span> 
     </span>
    </p>
   </div>
   <div class='ocr_carea' id='block_1_2' title="bbox 289 508 1490 1133">
    <p class='ocr_par' dir='ltr' id='par_1_2' title="bbox 289 508 1490 1133">
     <span class='ocr_line' id='line_1_2' title="bbox 289 508 1487 601; baseline -0.005 -21"><span class='ocrx_word' id='word_1_5' title='bbox 289 515 333 581; x_wconf 85' lang='lat' dir='ltr'><strong>sit</strong></span> <span class='ocrx_word' id='word_1_6' title='bbox 356 513 440 581; x_wconf 81' lang='lat' dir='ltr'><strong>ittts:</strong></span> <span class='ocrx_word' id='word_1_7' title='bbox 467 527 565 601; x_wconf 65' lang='lat' dir='ltr'><strong>cicer,</strong></span> <span class='ocrx_word' id='word_1_8' title='bbox 587 513 717 590; x_wconf 82' lang='lat' dir='ltr'><strong>redere,</strong></span> <span class='ocrx_word' id='word_1_9' title='bbox 738 515 839 589; x_wconf 78' lang='lat' dir='ltr'><strong>colus,</strong></span> <span class='ocrx_word' id='word_1_10' title='bbox 863 515 956 581; x_wconf 77' lang='lat' dir='ltr'><strong>edocit</strong></span> <span class='ocrx_word' id='word_1_11' title='bbox 980 534 1037 600; x_wconf 87' lang='lat' dir='ltr'><strong>pro</strong></span> <span class='ocrx_word' id='word_1_12' title='bbox 1058 513 1153 580; x_wconf 75' lang='lat' dir='ltr'><strong>edocit</strong></span> <span class='ocrx_word' id='word_1_13' title='bbox 1178 519 1236 578; x_wconf 88' lang='lat' dir='ltr'><strong>aut</strong></span> <span class='ocrx_word' id='word_1_14' title='bbox 1257 509 1334 577; x_wconf 73' lang='lat' dir='ltr'><strong>eluit</strong></span> <span class='ocrx_word' id='word_1_15' title='bbox 1354 508 1487 596; x_wconf 67' lang='lat' dir='ltr'><strong>(xxvi,</strong></span> 
     </span>
     <span class='ocr_line' id='line_1_3' title="bbox 292 614 1490 708; baseline -0.004 -22"><span class='ocrx_word' id='word_1_16' title='bbox 292 624 356 695; x_wconf 83' lang='grc'><strong>61,</strong></span> <span class='ocrx_word' id='word_1_17' title='bbox 380 621 409 685; x_wconf 90' lang='lat' dir='ltr'><strong>si</strong></span> <span class='ocrx_word' id='word_1_18' title='bbox 434 620 512 687; x_wconf 85' lang='lat' dir='ltr'><strong>haee</strong></span> <span class='ocrx_word' id='word_1_19' title='bbox 537 640 611 687; x_wconf 87' lang='lat' dir='ltr'><strong>vera</strong></span> <span class='ocrx_word' id='word_1_20' title='bbox 638 619 820 697; x_wconf 72' lang='lat' dir='ltr'><strong>declinem,</strong></span> <span class='ocrx_word' id='word_1_21' title='bbox 844 619 972 708; x_wconf 86' lang='lat' dir='ltr'><strong>dequo</strong></span> <span class='ocrx_word' id='word_1_22' title='bbox 997 620 1095 693; x_wconf 70' lang='lat' dir='ltr'><strong>mimz</strong></span> <span class='ocrx_word' id='word_1_23' title='bbox 1115 619 1208 686; x_wconf 86' lang='lat' dir='ltr'><strong>codd</strong></span> <span class='ocrx_word' id='word_1_24' title='bbox 1229 615 1355 705; x_wconf 80' lang='lat' dir='ltr'><strong>elevit),</strong></span> <span class='ocrx_word' id='word_1_25' title='bbox 1375 614 1490 681; x_wconf 73' lang='lat' dir='ltr'><strong>elorico</strong></span> 
     </span>
     <span class='ocr_line' id='line_1_4' title="bbox 290 721 1490 815; baseline -0.006 -21"><span class='ocrx_word' id='word_1_26' title='bbox 290 749 349 815; x_wconf 78' lang='lat' dir='ltr'><strong>pro</strong></span> <span class='ocrx_word' id='word_1_27' title='bbox 382 727 500 794; x_wconf 76' lang='lat' dir='ltr'><strong>cluvies</strong></span> <span class='ocrx_word' id='word_1_28' title='bbox 533 726 639 809; x_wconf 83' lang='lat' dir='ltr'><strong>(codd.</strong></span> <span class='ocrx_word' id='word_1_29' title='bbox 675 748 739 794; x_wconf 80' lang='lat' dir='ltr'><strong>troo</strong></span> <span class='ocrx_word' id='word_1_30' title='bbox 767 727 835 793; x_wconf 89' lang='lat' dir='ltr'><strong>loco</strong></span> <span class='ocrx_word' id='word_1_31' title='bbox 858 728 987 805; x_wconf 78' lang='lat' dir='ltr'><strong>elerico,</strong></span> <span class='ocrx_word' id='word_1_32' title='bbox 1011 729 1114 793; x_wconf 84' lang='lat' dir='ltr'><strong>attero</strong></span> <span class='ocrx_word' id='word_1_33' title='bbox 1137 725 1254 794; x_wconf 82' lang='lat' dir='ltr'><strong>eluvies</strong></span> <span class='ocrx_word' id='word_1_34' title='bbox 1279 723 1322 790; x_wconf 87' lang='lat' dir='ltr'><strong>ib.</strong></span> <span class='ocrx_word' id='word_1_35' title='bbox 1349 722 1427 811; x_wconf 74' lang='grc' dir='ltr'><strong>ὅθ),</strong></span> <span class='ocrx_word' id='word_1_36' title='bbox 1450 721 1490 789; x_wconf 81' lang='lat' dir='ltr'><strong>iii</strong></span> 
     </span>
     <span class='ocr_line' id='line_1_5' title="bbox 290 829 1486 921; baseline -0.003 -23"><span class='ocrx_word' id='word_1_37' title='bbox 290 853 348 921; x_wconf 83' lang='lat' dir='ltr'><strong>pro</strong></span> <span class='ocrx_word' id='word_1_38' title='bbox 372 833 423 899; x_wconf 72' lang='lat' dir='ltr'><strong>itti</strong></span> <span class='ocrx_word' id='word_1_39' title='bbox 451 832 580 900; x_wconf 82' lang='lat' dir='ltr'><strong>xxvtt.</strong></span> <span class='ocrx_word' id='word_1_40' title='bbox 606 838 649 900; x_wconf 66' lang='lat'><strong>20</strong></span> <span class='ocrx_word' id='word_1_41' title='bbox 675 843 708 900; x_wconf 84' lang='lat' dir='ltr'><strong>et</strong></span> <span class='ocrx_word' id='word_1_42' title='bbox 732 840 795 911; x_wconf 74' lang='lat'><strong>35,</strong></span> <span class='ocrx_word' id='word_1_43' title='bbox 820 834 846 898; x_wconf 81' lang='lat' dir='ltr'><strong>u·</strong></span> <span class='ocrx_word' id='word_1_44' title='bbox 871 853 929 919; x_wconf 79' lang='lat' dir='ltr'><strong>pro</strong></span> <span class='ocrx_word' id='word_1_45' title='bbox 952 833 1062 900; x_wconf 87' lang='lat' dir='ltr'><strong>eodem</strong></span> <span class='ocrx_word' id='word_1_46' title='bbox 1087 834 1165 921; x_wconf 89' lang='lat' dir='ltr'><strong>(iam</strong></span> <span class='ocrx_word' id='word_1_47' title='bbox 1190 829 1268 897; x_wconf 91' lang='lat' dir='ltr'><strong>olim</strong></span> <span class='ocrx_word' id='word_1_48' title='bbox 1292 849 1312 896; x_wconf 94' lang='lat' dir='ltr'><strong>a</strong></span> <span class='ocrx_word' id='word_1_49' title='bbox 1334 829 1376 895; x_wconf 83' lang='lat' dir='ltr'><strong>u.</strong></span> <span class='ocrx_word' id='word_1_50' title='bbox 1395 848 1486 895; x_wconf 89' lang='lat' dir='ltr'><strong>com·</strong></span> 
     </span>
     <span class='ocr_line' id='line_1_6' title="bbox 291 938 1489 1026; baseline -0.005 -20"><span class='ocrx_word' id='word_1_51' title='bbox 291 938 501 1019; x_wconf 86' lang='lat' dir='ltr'><strong>mendatum,</strong></span> <span class='ocrx_word' id='word_1_52' title='bbox 542 938 598 1006; x_wconf 88' lang='lat' dir='ltr'><strong>sed</strong></span> <span class='ocrx_word' id='word_1_53' title='bbox 635 959 698 1005; x_wconf 87' lang='lat' dir='ltr'><strong>noo</strong></span> <span class='ocrx_word' id='word_1_54' title='bbox 730 940 834 1026; x_wconf 80' lang='lat' dir='ltr'><strong>magis</strong></span> <span class='ocrx_word' id='word_1_55' title='bbox 866 939 1065 1026; x_wconf 80' lang='lat' dir='ltr'><strong>probandum</strong></span> <span class='ocrx_word' id='word_1_56' title='bbox 1100 957 1199 1026; x_wconf 80' lang='lat' dir='ltr'><strong>quam</strong></span> <span class='ocrx_word' id='word_1_57' title='bbox 1231 938 1259 1002; x_wconf 89' lang='lat' dir='ltr'><strong>si</strong></span> <span class='ocrx_word' id='word_1_58' title='bbox 1288 957 1340 1001; x_wconf 78' lang='lat' dir='ltr'><strong>esc</strong></span> <span class='ocrx_word' id='word_1_59' title='bbox 1369 942 1427 1000; x_wconf 88' lang='lat' dir='ltr'><strong>aut</strong></span> <span class='ocrx_word' id='word_1_60' title='bbox 1456 956 1489 1000; x_wconf 84' lang='lat' dir='ltr'><strong>so</strong></span> 
     </span>
     <span class='ocr_line' id='line_1_7' title="bbox 291 1039 1488 1133; baseline -0.005 -23"><span class='ocrx_word' id='word_1_61' title='bbox 291 1065 348 1131; x_wconf 82' lang='lat' dir='ltr'><strong>pro</strong></span> <span class='ocrx_word' id='word_1_62' title='bbox 379 1052 448 1110; x_wconf 68' lang='lat' dir='ltr'><strong>esre</strong></span> <span class='ocrx_word' id='word_1_63' title='bbox 478 1045 639 1133; x_wconf 86' lang='lat' dir='ltr'><strong>scribas),</strong></span> <span class='ocrx_word' id='word_1_64' title='bbox 667 1046 873 1133; x_wconf 72' lang='lat' dir='ltr'><strong>philosophus</strong></span> <span class='ocrx_word' id='word_1_65' title='bbox 903 1056 936 1113; x_wconf 88' lang='lat' dir='ltr'><strong>et</strong></span> <span class='ocrx_word' id='word_1_66' title='bbox 959 1057 1082 1111; x_wconf 72' lang='lat' dir='ltr'><strong>morsus</strong></span> <span class='ocrx_word' id='word_1_67' title='bbox 1106 1048 1139 1110; x_wconf 88' lang='lat' dir='ltr'><strong>iu</strong></span> <span class='ocrx_word' id='word_1_68' title='bbox 1163 1043 1348 1110; x_wconf 79' lang='lat' dir='ltr'><strong>accusativo</strong></span> <span class='ocrx_word' id='word_1_69' title='bbox 1373 1039 1488 1128; x_wconf 75' lang='lat' dir='ltr'>plurali</span> 
     </span>
    </p>
   </div>
   <div class='ocr_carea' id='block_1_3' title="bbox 211 1150 1489 4321">
    <p class='ocr_par' dir='ltr' id='par_1_3' title="bbox 211 1150 1489 2280">
     <span class='ocr_line' id='line_1_8' title="bbox 291 1150 1488 1241; baseline -0.005 -23"><span class='ocrx_word' id='word_1_70' title='bbox 291 1151 439 1218; x_wconf 82' lang='lat' dir='ltr'><strong>xxvtu.</strong></span> <span class='ocrx_word' id='word_1_71' title='bbox 474 1154 515 1216; x_wconf 80' lang='lat' dir='ltr'><strong>ta</strong></span> <span class='ocrx_word' id='word_1_72' title='bbox 546 1161 579 1220; x_wconf 91' lang='lat' dir='ltr'><strong>et</strong></span> <span class='ocrx_word' id='word_1_73' title='bbox 611 1158 650 1219; x_wconf 79' lang='lat' dir='ltr'><strong>to</strong></span> <span class='ocrx_word' id='word_1_74' title='bbox 677 1152 746 1241; x_wconf 89' lang='lat' dir='ltr'><strong>(ubi</strong></span> <span class='ocrx_word' id='word_1_75' title='bbox 772 1154 803 1217; x_wconf 88' lang='lat' dir='ltr'><strong>in</strong></span> <span class='ocrx_word' id='word_1_76' title='bbox 826 1150 1052 1238; x_wconf 73' lang='lat' dir='ltr'><strong>philosophus,</strong></span> <span class='ocrx_word' id='word_1_77' title='bbox 1076 1162 1199 1217; x_wconf 81' lang='lat' dir='ltr'><strong>atomus</strong></span> <span class='ocrx_word' id='word_1_78' title='bbox 1220 1168 1360 1236; x_wconf 76' lang='lat' dir='ltr'><strong>agnosco</strong></span> <span class='ocrx_word' id='word_1_79' title='bbox 1383 1156 1488 1213; x_wconf 83' lang='lat' dir='ltr'><strong>traus-</strong></span> 
     </span>
     <span class='ocr_line' id='line_1_9' title="bbox 290 1255 1488 1345; baseline -0.005 -21"><span class='ocrx_word' id='word_1_80' title='bbox 290 1258 483 1345; x_wconf 79' lang='lat' dir='ltr'><strong>scriptiones</strong></span> <span class='ocrx_word' id='word_1_81' title='bbox 522 1257 719 1326; x_wconf 84' lang='lat' dir='ltr'><strong>Graecorum</strong></span> <span class='ocrx_word' id='word_1_82' title='bbox 750 1258 962 1340; x_wconf 70' lang='grc' dir='ltr'><strong>Φιλοσόφονς,</strong></span> <span class='ocrx_word' id='word_1_83' title='bbox 995 1257 1163 1345; x_wconf 66' lang='grc' dir='ltr'><strong>ἀτόμους),</strong></span> <span class='ocrx_word' id='word_1_84' title='bbox 1195 1255 1372 1330; x_wconf 66' lang='lat' dir='ltr'><strong>indociles,</strong></span> <span class='ocrx_word' id='word_1_85' title='bbox 1405 1260 1488 1340; x_wconf 82' lang='lat' dir='ltr'><strong>part.</strong></span> 
     </span>
     <span class='ocr_line' id='line_1_10' title="bbox 291 1357 1488 1453; baseline -0.003 -25"><span class='ocrx_word' id='word_1_86' title='bbox 291 1382 398 1452; x_wconf 88' lang='lat' dir='ltr'><strong>praes.</strong></span> <span class='ocrx_word' id='word_1_87' title='bbox 423 1386 465 1421; x_wconf 91' lang='lat'>=</span> <span class='ocrx_word' id='word_1_88' title='bbox 486 1364 666 1431; x_wconf 70' lang='lat' dir='ltr'><strong>insimilatus</strong></span> <span class='ocrx_word' id='word_1_89' title='bbox 691 1364 791 1431; x_wconf 78' lang='lat' dir='ltr'>XXX.</span> <span class='ocrx_word' id='word_1_90' title='bbox 817 1368 860 1431; x_wconf 79' lang='lat'><strong>29</strong></span> <span class='ocrx_word' id='word_1_91' title='bbox 888 1365 934 1453; x_wconf 92' lang='lat'><strong>¹),</strong></span> <span class='ocrx_word' id='word_1_92' title='bbox 958 1385 1042 1450; x_wconf 86' lang='lat' dir='ltr'><strong>quac</strong></span> <span class='ocrx_word' id='word_1_93' title='bbox 1065 1384 1127 1430; x_wconf 88' lang='lat' dir='ltr'><strong>nou</strong></span> <span class='ocrx_word' id='word_1_94' title='bbox 1153 1365 1263 1430; x_wconf 88' lang='lat' dir='ltr'><strong>micus</strong></span> <span class='ocrx_word' id='word_1_95' title='bbox 1286 1370 1399 1429; x_wconf 87' lang='lat' dir='ltr'><strong>sucta</strong></span> <span class='ocrx_word' id='word_1_96' title='bbox 1420 1357 1488 1426; x_wconf 85' lang='lat' dir='ltr'><strong>rul-</strong></span> 
     </span>
     <span class='ocr_line' id='line_1_11' title="bbox 291 1467 1488 1558; baseline -0.006 -21"><span class='ocrx_word' id='word_1_97' title='bbox 291 1472 361 1557; x_wconf 78' lang='lat' dir='ltr'><strong>gari</strong></span> <span class='ocrx_word' id='word_1_98' title='bbox 386 1471 512 1538; x_wconf 85' lang='lat' dir='ltr'><strong>ratione</strong></span> <span class='ocrx_word' id='word_1_99' title='bbox 534 1470 651 1539; x_wconf 86' lang='lat' dir='ltr'><strong>atiena.</strong></span> <span class='ocrx_word' id='word_1_100' title='bbox 699 1469 787 1538; x_wconf 82' lang='lat' dir='ltr'><strong>»Nec</strong></span> <span class='ocrx_word' id='word_1_101' title='bbox 802 1469 925 1557; x_wconf 16' lang='lat' dir='ltr'><strong>‘rcro”‚</strong></span> <span class='ocrx_word' id='word_1_102' title='bbox 950 1470 1058 1557; x_wconf 74' lang='lat' dir='ltr'><strong>inquit</strong></span> <span class='ocrx_word' id='word_1_103' title='bbox 1083 1468 1189 1537; x_wconf 82' lang='lat' dir='ltr'><strong>uuett.</strong></span> <span class='ocrx_word' id='word_1_104' title='bbox 1214 1491 1246 1558; x_wconf 85' lang='lat' dir='ltr'><strong>p.</strong></span> <span class='ocrx_word' id='word_1_105' title='bbox 1272 1467 1377 1545; x_wconf 78' lang='lat' dir='ltr'><strong>xutl,</strong></span> <span class='ocrx_word' id='word_1_106' title='bbox 1401 1473 1488 1531; x_wconf 81' lang='lat' dir='ltr'><strong>»tota</strong></span> 
     </span>
     <span class='ocr_line' id='line_1_12' title="bbox 292 1571 1488 1664; baseline -0.006 -20"><span class='ocrx_word' id='word_1_107' title='bbox 292 1577 410 1644; x_wconf 77' lang='lat' dir='ltr'><strong>Lucilii</strong></span> <span class='ocrx_word' id='word_1_108' title='bbox 437 1577 525 1644; x_wconf 87' lang='lat' dir='ltr'><strong>satus</strong></span> <span class='ocrx_word' id='word_1_109' title='bbox 549 1578 581 1643; x_wconf 86' lang='lat' dir='ltr'><strong>in</strong></span> <span class='ocrx_word' id='word_1_110' title='bbox 605 1600 647 1657; x_wconf 87' lang='lat' dir='ltr'><strong>u,</strong></span> <span class='ocrx_word' id='word_1_111' title='bbox 675 1578 720 1654; x_wconf 83' lang='lat' dir='ltr'><strong>ci,</strong></span> <span class='ocrx_word' id='word_1_112' title='bbox 744 1598 778 1643; x_wconf 82' lang='lat' dir='ltr'><strong>cc</strong></span> <span class='ocrx_word' id='word_1_113' title='bbox 802 1596 860 1664; x_wconf 87' lang='lat' dir='ltr'><strong>pro</strong></span> <span class='ocrx_word' id='word_1_114' title='bbox 885 1597 925 1664; x_wconf 73' lang='lat' dir='ltr'><strong>y,</strong></span> <span class='ocrx_word' id='word_1_115' title='bbox 951 1577 981 1654; x_wconf 90' lang='lat' dir='ltr'><strong>i,</strong></span> <span class='ocrx_word' id='word_1_116' title='bbox 1004 1599 1046 1642; x_wconf 79' lang='lat' dir='ltr'><strong>ec</strong></span> <span class='ocrx_word' id='word_1_117' title='bbox 1070 1576 1281 1644; x_wconf 82' lang='lat' dir='ltr'><strong>restituendis</strong></span> <span class='ocrx_word' id='word_1_118' title='bbox 1303 1575 1353 1641; x_wconf 86' lang='lat' dir='ltr'><strong>rel</strong></span> <span class='ocrx_word' id='word_1_119' title='bbox 1375 1571 1488 1640; x_wconf 89' lang='lat' dir='ltr'><strong>simili·</strong></span> 
     </span>
     <span class='ocr_line' id='line_1_13' title="bbox 292 1679 1489 1770; baseline -0.003 -21"><span class='ocrx_word' id='word_1_120' title='bbox 292 1683 352 1750; x_wconf 76' lang='lat' dir='ltr'><strong>tous</strong></span> <span class='ocrx_word' id='word_1_121' title='bbox 376 1692 526 1750; x_wconf 84' lang='lat' dir='ltr'><strong>versatur</strong></span> <span class='ocrx_word' id='word_1_122' title='bbox 550 1683 735 1750; x_wconf 86' lang='lat' dir='ltr'><strong>minutiis&#39;’.</strong></span> <span class='ocrx_word' id='word_1_123' title='bbox 784 1681 846 1750; x_wconf 84' lang='lat' dir='ltr'><strong>set</strong></span> <span class='ocrx_word' id='word_1_124' title='bbox 872 1703 934 1749; x_wconf 89' lang='lat' dir='ltr'><strong>ooo</strong></span> <span class='ocrx_word' id='word_1_125' title='bbox 961 1684 1064 1770; x_wconf 83' lang='lat' dir='ltr'><strong>magis</strong></span> <span class='ocrx_word' id='word_1_126' title='bbox 1089 1693 1237 1751; x_wconf 79' lang='lat' dir='ltr'><strong>versamr</strong></span> <span class='ocrx_word' id='word_1_127' title='bbox 1263 1683 1295 1748; x_wconf 90' lang='lat' dir='ltr'><strong>in</strong></span> <span class='ocrx_word' id='word_1_128' title='bbox 1322 1679 1489 1766; x_wconf 75' lang='lat' dir='ltr'><strong>idioquae</strong></span> 
     </span>
     <span class='ocr_line' id='line_1_14' title="bbox 293 1787 1488 1876; baseline -0.003 -20"><span class='ocrx_word' id='word_1_129' title='bbox 293 1789 334 1856; x_wconf 85' lang='lat' dir='ltr'><strong>tt.</strong></span> <span class='ocrx_word' id='word_1_130' title='bbox 359 1788 475 1876; x_wconf 77' lang='lat' dir='ltr'><strong>cupide</strong></span> <span class='ocrx_word' id='word_1_131' title='bbox 498 1809 536 1856; x_wconf 86' lang='lat' dir='ltr'><strong>cx</strong></span> <span class='ocrx_word' id='word_1_132' title='bbox 561 1788 649 1856; x_wconf 81' lang='lat' dir='ltr'><strong>ttSS.</strong></span> <span class='ocrx_word' id='word_1_133' title='bbox 676 1790 804 1876; x_wconf 87' lang='lat' dir='ltr'><strong>repetit.</strong></span> <span class='ocrx_word' id='word_1_134' title='bbox 851 1788 887 1856; x_wconf 91' lang='lat' dir='ltr'><strong>Si</strong></span> <span class='ocrx_word' id='word_1_135' title='bbox 911 1790 985 1876; x_wconf 89' lang='lat' dir='ltr'><strong>quis</strong></span> <span class='ocrx_word' id='word_1_136' title='bbox 1008 1810 1047 1855; x_wconf 83' lang='lat' dir='ltr'><strong>ex</strong></span> <span class='ocrx_word' id='word_1_137' title='bbox 1073 1790 1180 1858; x_wconf 77' lang='lat' dir='ltr'><strong>vestiis</strong></span> <span class='ocrx_word' id='word_1_138' title='bbox 1203 1788 1309 1856; x_wconf 84' lang='lat' dir='ltr'><strong>altatis</strong></span> <span class='ocrx_word' id='word_1_139' title='bbox 1332 1787 1488 1855; x_wconf 87' lang='lat' dir='ltr'><strong>editorem</strong></span> 
     </span>
     <span class='ocr_line' id='line_1_15' title="bbox 293 1890 1488 1984; baseline -0.001 -24"><span class='ocrx_word' id='word_1_140' title='bbox 293 1896 383 1980; x_wconf 79' lang='lat' dir='ltr'><strong>parri</strong></span> <span class='ocrx_word' id='word_1_141' title='bbox 406 1895 514 1961; x_wconf 79' lang='lat' dir='ltr'><strong>tacere</strong></span> <span class='ocrx_word' id='word_1_142' title='bbox 541 1895 621 1961; x_wconf 85' lang='lat' dir='ltr'><strong>tates</strong></span> <span class='ocrx_word' id='word_1_143' title='bbox 644 1897 850 1981; x_wconf 78' lang='lat' dir='ltr'><strong>quaestiones</strong></span> <span class='ocrx_word' id='word_1_144' title='bbox 866 1894 1135 1984; x_wconf 68' lang='lat' dir='ltr'><strong>orthographicas</strong></span> <span class='ocrx_word' id='word_1_145' title='bbox 1157 1897 1379 1971; x_wconf 84' lang='lat' dir='ltr'><strong>existimaret,</strong></span> <span class='ocrx_word' id='word_1_146' title='bbox 1401 1890 1488 1960; x_wconf 81' lang='lat' dir='ltr'><strong>totle·</strong></span> 
     </span>
     <span class='ocr_line' id='line_1_16' title="bbox 211 2000 1489 2089; baseline 0 -24"><span class='ocrx_word' id='word_1_147' title='bbox 211 2068 216 2076; x_wconf 75' lang='grc'><em>,</em></span> <span class='ocrx_word' id='word_1_148' title='bbox 293 2010 400 2075; x_wconf 79' lang='lat' dir='ltr'><strong>retur:</strong></span> <span class='ocrx_word' id='word_1_149' title='bbox 440 2020 513 2066; x_wconf 88' lang='lat' dir='ltr'><strong>nam</strong></span> <span class='ocrx_word' id='word_1_150' title='bbox 549 2002 677 2088; x_wconf 82' lang='lat' dir='ltr'><strong>saepius</strong></span> <span class='ocrx_word' id='word_1_151' title='bbox 714 2009 860 2067; x_wconf 86' lang='lat' dir='ltr'><strong>moratur</strong></span> <span class='ocrx_word' id='word_1_152' title='bbox 892 2003 926 2068; x_wconf 89' lang='lat' dir='ltr'><strong>io</strong></span> <span class='ocrx_word' id='word_1_153' title='bbox 962 2000 1032 2080; x_wconf 87' lang='lat' dir='ltr'><strong>his,</strong></span> <span class='ocrx_word' id='word_1_154' title='bbox 1067 2003 1122 2070; x_wconf 86' lang='lat' dir='ltr'><strong>ubi</strong></span> <span class='ocrx_word' id='word_1_155' title='bbox 1159 2003 1307 2089; x_wconf 77' lang='lat' dir='ltr'><strong>graviora</strong></span> <span class='ocrx_word' id='word_1_156' title='bbox 1340 2007 1489 2087; x_wconf 86' lang='lat' dir='ltr'><strong>poteraut</strong></span> 
     </span>
     <span class='ocr_line' id='line_1_17' title="bbox 291 2104 1487 2194; baseline 0.001 -23"><span class='ocrx_word' id='word_1_157' title='bbox 291 2104 424 2186; x_wconf 77' lang='lat' dir='ltr'><strong>offerri,</strong></span> <span class='ocrx_word' id='word_1_158' title='bbox 448 2105 560 2174; x_wconf 77' lang='lat' dir='ltr'><strong>stubi</strong></span> <span class='ocrx_word' id='word_1_159' title='bbox 586 2107 653 2194; x_wconf 83' lang='lat' dir='ltr'><strong>ipse</strong></span> <span class='ocrx_word' id='word_1_160' title='bbox 678 2106 838 2174; x_wconf 78' lang='lat' dir='ltr'><strong>Lucilium</strong></span> <span class='ocrx_word' id='word_1_161' title='bbox 864 2107 1032 2188; x_wconf 88' lang='lat' dir='ltr'><strong>emendat,</strong></span> <span class='ocrx_word' id='word_1_162' title='bbox 1056 2109 1137 2176; x_wconf 81' lang='lat' dir='ltr'><strong>sodet</strong></span> <span class='ocrx_word' id='word_1_163' title='bbox 1158 2108 1247 2176; x_wconf 88' lang='lat' dir='ltr'><strong>outto</strong></span> <span class='ocrx_word' id='word_1_164' title='bbox 1266 2127 1342 2175; x_wconf 88' lang='lat' dir='ltr'><strong>cum</strong></span> <span class='ocrx_word' id='word_1_165' title='bbox 1364 2104 1487 2174; x_wconf 83' lang='lat' dir='ltr'><strong>emotu-</strong></span> 
     </span>
     <span class='ocr_line' id='line_1_18' title="bbox 294 2211 886 2280; baseline 0.003 -2"><span class='ocrx_word' id='word_1_166' title='bbox 294 2212 458 2280; x_wconf 78' lang='lat' dir='ltr'><strong>mentori</strong></span> <span class='ocrx_word' id='word_1_167' title='bbox 483 2211 561 2278; x_wconf 86' lang='lat' dir='ltr'><strong>ittud</strong></span> <span class='ocrx_word' id='word_1_168' title='bbox 586 2211 699 2280; x_wconf 82' lang='lat' dir='ltr'><strong>sedulo</strong></span> <span class='ocrx_word' id='word_1_169' title='bbox 721 2211 886 2280; x_wconf 83' lang='lat' dir='ltr'><strong>adhibere.</strong></span> 
     </span>
    </p>

    <p class='ocr_par' dir='ltr' id='par_1_4' title="bbox 291 2318 1489 2832">
     <span class='ocr_line' id='line_1_19' title="bbox 337 2318 1488 2408; baseline 0 -23"><span class='ocrx_word' id='word_1_170' title='bbox 337 2320 477 2386; x_wconf 72' lang='lat' dir='ltr'><strong>Miratur</strong></span> <span class='ocrx_word' id='word_1_171' title='bbox 500 2319 540 2388; x_wconf 80' lang='lat' dir='ltr'><strong>ii.</strong></span> <span class='ocrx_word' id='word_1_172' title='bbox 565 2341 595 2408; x_wconf 83' lang='lat' dir='ltr'><strong>p.</strong></span> <span class='ocrx_word' id='word_1_173' title='bbox 622 2323 687 2385; x_wconf 81' lang='lat'><strong>219</strong></span> <span class='ocrx_word' id='word_1_174' title='bbox 710 2319 809 2387; x_wconf 83' lang='lat' dir='ltr'><strong>tuisse</strong></span> <span class='ocrx_word' id='word_1_175' title='bbox 827 2321 884 2407; x_wconf 89' lang='lat' dir='ltr'><strong>qui</strong></span> <span class='ocrx_word' id='word_1_176' title='bbox 904 2320 945 2387; x_wconf 86' lang='lat' dir='ltr'><strong>dc</strong></span> <span class='ocrx_word' id='word_1_177' title='bbox 964 2319 1073 2386; x_wconf 77' lang='lat' dir='ltr'><strong>dativo</strong></span> <span class='ocrx_word' id='word_1_178' title='bbox 1093 2321 1127 2387; x_wconf 88' lang='lat' dir='ltr'><strong>io</strong></span> <span class='ocrx_word' id='word_1_179' title='bbox 1147 2343 1164 2387; x_wconf 86' lang='lat' dir='ltr'><strong>e</strong></span> <span class='ocrx_word' id='word_1_180' title='bbox 1183 2320 1279 2388; x_wconf 77' lang='lat' dir='ltr'><strong>breve</strong></span> <span class='ocrx_word' id='word_1_181' title='bbox 1292 2318 1488 2387; x_wconf 63' lang='lat' dir='ltr'><strong>dubitarent.</strong></span> 
     </span>
     <span class='ocr_line' id='line_1_20' title="bbox 293 2423 1489 2514; baseline 0 -22"><span class='ocrx_word' id='word_1_182' title='bbox 293 2424 452 2512; x_wconf 77' lang='lat' dir='ltr'>Equidem</span> <span class='ocrx_word' id='word_1_183' title='bbox 481 2423 574 2493; x_wconf 81' lang='lat' dir='ltr'><strong>tacite</strong></span> <span class='ocrx_word' id='word_1_184' title='bbox 593 2424 692 2493; x_wconf 84' lang='lat' dir='ltr'><strong>teram</strong></span> <span class='ocrx_word' id='word_1_185' title='bbox 715 2447 767 2493; x_wconf 88' lang='lat' dir='ltr'><strong>mc</strong></span> <span class='ocrx_word' id='word_1_186' title='bbox 786 2428 988 2493; x_wconf 83' lang='lat' dir='ltr'><strong>courruisissc</strong></span> <span class='ocrx_word' id='word_1_187' title='bbox 1009 2426 1092 2514; x_wconf 86' lang='lat' dir='ltr'><strong>quod</strong></span> <span class='ocrx_word' id='word_1_188' title='bbox 1119 2427 1198 2493; x_wconf 84' lang='lat' dir='ltr'><strong>mitri</strong></span> <span class='ocrx_word' id='word_1_189' title='bbox 1216 2446 1292 2494; x_wconf 83' lang='lat' dir='ltr'><strong>cum</strong></span> <span class='ocrx_word' id='word_1_190' title='bbox 1315 2424 1489 2493; x_wconf 77' lang='lat' dir='ltr'><strong>Bitscholio</strong></span> 
     </span>
     <span class='ocr_line' id='line_1_21' title="bbox 294 2531 1489 2621; baseline -0.001 -23"><span class='ocrx_word' id='word_1_191' title='bbox 294 2551 469 2600; x_wconf 83' lang='lat' dir='ltr'><strong>commune</strong></span> <span class='ocrx_word' id='word_1_192' title='bbox 499 2543 559 2599; x_wconf 88' lang='lat' dir='ltr'><strong>est.</strong></span> <span class='ocrx_word' id='word_1_193' title='bbox 608 2533 728 2599; x_wconf 84' lang='lat' dir='ltr'><strong>Tamen</strong></span> <span class='ocrx_word' id='word_1_194' title='bbox 763 2552 825 2599; x_wconf 88' lang='lat' dir='ltr'><strong>nou</strong></span> <span class='ocrx_word' id='word_1_195' title='bbox 859 2531 994 2600; x_wconf 83' lang='lat' dir='ltr'><strong>verebor</strong></span> <span class='ocrx_word' id='word_1_196' title='bbox 1023 2531 1139 2612; x_wconf 80' lang='lat' dir='ltr'><strong>fateri,</strong></span> <span class='ocrx_word' id='word_1_197' title='bbox 1172 2553 1224 2600; x_wconf 91' lang='lat' dir='ltr'><strong>me</strong></span> <span class='ocrx_word' id='word_1_198' title='bbox 1252 2541 1323 2621; x_wconf 79' lang='lat' dir='ltr'><strong>post</strong></span> <span class='ocrx_word' id='word_1_199' title='bbox 1346 2552 1385 2599; x_wconf 86' lang='lat' dir='ltr'><strong>ea</strong></span> <span class='ocrx_word' id='word_1_200' title='bbox 1407 2550 1489 2619; x_wconf 83' lang='lat' dir='ltr'><strong>quae</strong></span> 
     </span>
     <span class='ocr_line' id='line_1_22' title="bbox 291 2638 1489 2727; baseline 0 -21"><span class='ocrx_word' id='word_1_201' title='bbox 291 2639 409 2725; x_wconf 84' lang='lat' dir='ltr'><strong>scripsi</strong></span> <span class='ocrx_word' id='word_1_202' title='bbox 445 2638 534 2706; x_wconf 87' lang='lat' dir='ltr'><strong>Cooi.</strong></span> <span class='ocrx_word' id='word_1_203' title='bbox 568 2639 594 2706; x_wconf 92' lang='grc' dir='ltr'><strong>Ι.</strong></span> <span class='ocrx_word' id='word_1_204' title='bbox 630 2659 661 2726; x_wconf 86' lang='lat' dir='ltr'><strong>p.</strong></span> <span class='ocrx_word' id='word_1_205' title='bbox 693 2643 736 2706; x_wconf 78' lang='grc'><strong>56</strong></span> <span class='ocrx_word' id='word_1_206' title='bbox 768 2639 807 2705; x_wconf 92' lang='lat' dir='ltr'><strong>ad</strong></span> <span class='ocrx_word' id='word_1_207' title='bbox 842 2639 938 2705; x_wconf 84' lang='lat' dir='ltr'><strong>aliam</strong></span> <span class='ocrx_word' id='word_1_208' title='bbox 968 2639 1162 2706; x_wconf 86' lang='lat' dir='ltr'><strong>senteutiam</strong></span> <span class='ocrx_word' id='word_1_209' title='bbox 1186 2639 1378 2727; x_wconf 84' lang='lat' dir='ltr'><strong>perductum</strong></span> <span class='ocrx_word' id='word_1_210' title='bbox 1402 2656 1489 2715; x_wconf 80' lang='lat' dir='ltr'><strong>csse,</strong></span> 
     </span>
     <span class='ocr_line' id='line_1_23' title="bbox 293 2744 974 2832; baseline -0.001 -20"><span class='ocrx_word' id='word_1_211' title='bbox 293 2745 498 2832; x_wconf 80' lang='lat' dir='ltr'><strong>potissimum</strong></span> <span class='ocrx_word' id='word_1_212' title='bbox 523 2755 716 2832; x_wconf 77' lang='lat' dir='ltr'><strong>argumento</strong></span> <span class='ocrx_word' id='word_1_213' title='bbox 741 2745 761 2812; x_wconf 92' lang='grc' dir='ltr'><strong>Ι.</strong></span> <span class='ocrx_word' id='word_1_214' title='bbox 788 2744 889 2812; x_wconf 79' lang='lat' dir='ltr'><strong>XXX.</strong></span> <span class='ocrx_word' id='word_1_215' title='bbox 917 2750 974 2812; x_wconf 78' lang='lat'><strong>13:</strong></span> 
     </span>
    </p>

    <p class='ocr_par' dir='ltr' id='par_1_5' title="bbox 291 2848 1489 4321">
     <span class='ocr_line' id='line_1_24' title="bbox 496 2848 1301 2919; baseline -0.004 0"><span class='ocrx_word' id='word_1_216' title='bbox 496 2862 528 2919; x_wconf 87' lang='lat' dir='ltr'><strong>et</strong></span> <span class='ocrx_word' id='word_1_217' title='bbox 553 2853 672 2919; x_wconf 79' lang='lat' dir='ltr'><strong>uirtute</strong></span> <span class='ocrx_word' id='word_1_218' title='bbox 699 2860 828 2919; x_wconf 77' lang='lat' dir='ltr'><strong>tuaest</strong></span> <span class='ocrx_word' id='word_1_219' title='bbox 856 2850 952 2917; x_wconf 89' lang='lat' dir='ltr'><strong>claris</strong></span> <span class='ocrx_word' id='word_1_220' title='bbox 976 2848 1157 2917; x_wconf 85' lang='lat' dir='ltr'><strong>conducere</strong></span> <span class='ocrx_word' id='word_1_221' title='bbox 1178 2849 1301 2917; x_wconf 81' lang='lat' dir='ltr'><strong>chartis</strong></span> 
     </span>
     <span class='ocr_line' id='line_1_25' title="bbox 295 2955 1488 3045; baseline -0.003 -20"><span class='ocrx_word' id='word_1_222' title='bbox 295 2958 348 3025; x_wconf 86' lang='lat' dir='ltr'><strong>ubi</strong></span> <span class='ocrx_word' id='word_1_223' title='bbox 371 2957 513 3035; x_wconf 85' lang='lat' dir='ltr'><strong>Nonius,</strong></span> <span class='ocrx_word' id='word_1_224' title='bbox 535 2962 613 3026; x_wconf 69' lang='lat' dir='ltr'><strong>iit.</strong></span> <span class='ocrx_word' id='word_1_225' title='bbox 640 2963 684 3025; x_wconf 77' lang='lat'><strong>20</strong></span> <span class='ocrx_word' id='word_1_226' title='bbox 709 2969 782 3029; x_wconf 83' lang='lat' dir='ltr'><strong>tuo.</strong></span> <span class='ocrx_word' id='word_1_227' title='bbox 803 2958 836 3023; x_wconf 90' lang='lat' dir='ltr'><strong>in</strong></span> <span class='ocrx_word' id='word_1_228' title='bbox 858 2978 922 3044; x_wconf 91' lang='lat' dir='ltr'><strong>quo</strong></span> <span class='ocrx_word' id='word_1_229' title='bbox 941 2967 1012 3023; x_wconf 84' lang='lat' dir='ltr'><strong>tuoe</strong></span> <span class='ocrx_word' id='word_1_230' title='bbox 1029 2955 1426 3045; x_wconf 79' lang='lat' dir='ltr'><strong>agnoscebam·(sequitur</strong></span> <span class='ocrx_word' id='word_1_231' title='bbox 1445 2956 1488 3044; x_wconf 79' lang='lat' dir='ltr'><strong>c).</strong></span> 
     </span>
     <span class='ocr_line' id='line_1_26' title="bbox 294 3062 1489 3150; baseline -0.003 -19"><span class='ocrx_word' id='word_1_232' title='bbox 294 3063 384 3131; x_wconf 84' lang='lat' dir='ltr'><strong>Idem</strong></span> <span class='ocrx_word' id='word_1_233' title='bbox 405 3063 588 3130; x_wconf 73' lang='lat' dir='ltr'><strong>Muellerus.</strong></span> <span class='ocrx_word' id='word_1_234' title='bbox 622 3063 729 3144; x_wconf 82' lang='lat' dir='ltr'><strong>Quare</strong></span> <span class='ocrx_word' id='word_1_235' title='bbox 750 3084 837 3131; x_wconf 87' lang='lat' dir='ltr'><strong>cunc</strong></span> <span class='ocrx_word' id='word_1_236' title='bbox 859 3084 919 3129; x_wconf 89' lang='lat' dir='ltr'><strong>con</strong></span> <span class='ocrx_word' id='word_1_237' title='bbox 939 3062 1052 3129; x_wconf 86' lang='lat' dir='ltr'><strong>dubito</strong></span> <span class='ocrx_word' id='word_1_238' title='bbox 1068 3065 1146 3150; x_wconf 86' lang='lat' dir='ltr'><strong>quic</strong></span> <span class='ocrx_word' id='word_1_239' title='bbox 1162 3064 1229 3131; x_wconf 72' lang='lat' dir='ltr'><strong>itt.</strong></span> <span class='ocrx_word' id='word_1_240' title='bbox 1244 3067 1288 3130; x_wconf 70' lang='lat' dir='ltr'><strong>it</strong></span> <span class='ocrx_word' id='word_1_241' title='bbox 1303 3063 1489 3130; x_wconf 76' lang='lat' dir='ltr'><strong>»esuriente</strong></span> 
     </span>
     <span class='ocr_line' id='line_1_27' title="bbox 291 3168 1486 3258; baseline 0.002 -23"><span class='ocrx_word' id='word_1_242' title='bbox 291 3169 376 3237; x_wconf 84' lang='lat' dir='ltr'><strong>teoni</strong></span> <span class='ocrx_word' id='word_1_243' title='bbox 395 3190 436 3237; x_wconf 84' lang='lat' dir='ltr'><strong>ex</strong></span> <span class='ocrx_word' id='word_1_244' title='bbox 456 3190 510 3236; x_wconf 89' lang='lat' dir='ltr'><strong>ore</strong></span> <span class='ocrx_word' id='word_1_245' title='bbox 522 3169 880 3258; x_wconf 82' lang='lat' dir='ltr'><strong>crcuipom·praedaur’&#39;</strong></span> <span class='ocrx_word' id='word_1_246' title='bbox 897 3178 983 3236; x_wconf 88' lang='lat' dir='ltr'><strong>recte</strong></span> <span class='ocrx_word' id='word_1_247' title='bbox 995 3169 1158 3236; x_wconf 74' lang='lat' dir='ltr'><strong>scribatur</strong></span> <span class='ocrx_word' id='word_1_248' title='bbox 1169 3178 1220 3246; x_wconf 86' lang='lat' dir='ltr'><strong>,ct</strong></span> <span class='ocrx_word' id='word_1_249' title='bbox 1231 3180 1353 3255; x_wconf 80' lang='lat' dir='ltr'><strong>pectore</strong></span> <span class='ocrx_word' id='word_1_250' title='bbox 1368 3168 1486 3237; x_wconf 76' lang='lat' dir='ltr'><strong>vitto</strong></span> 
     </span>
     <span class='ocr_line' id='line_1_28' title="bbox 292 3273 1488 3364; baseline -0.001 -22"><span class='ocrx_word' id='word_1_251' title='bbox 292 3277 337 3342; x_wconf 82' lang='lat' dir='ltr'><strong>sit</strong></span> <span class='ocrx_word' id='word_1_252' title='bbox 366 3274 513 3353; x_wconf 76' lang='lat' dir='ltr'><strong>dativus,</strong></span> <span class='ocrx_word' id='word_1_253' title='bbox 538 3278 682 3364; x_wconf 87' lang='lat' dir='ltr'><strong>itemque</strong></span> <span class='ocrx_word' id='word_1_254' title='bbox 703 3298 832 3364; x_wconf 80' lang='lat' dir='ltr'><strong>corpore</strong></span> <span class='ocrx_word' id='word_1_255' title='bbox 856 3276 1005 3344; x_wconf 80' lang='lat' dir='ltr'><strong>xxvttt.</strong></span> <span class='ocrx_word' id='word_1_256' title='bbox 1032 3282 1089 3343; x_wconf 73' lang='lat'><strong>53.</strong></span> <span class='ocrx_word' id='word_1_257' title='bbox 1129 3275 1263 3361; x_wconf 82' lang='lat' dir='ltr'><strong>Reliqua</strong></span> <span class='ocrx_word' id='word_1_258' title='bbox 1287 3282 1367 3342; x_wconf 86' lang='lat' dir='ltr'><strong>suut</strong></span> <span class='ocrx_word' id='word_1_259' title='bbox 1389 3273 1488 3341; x_wconf 83' lang='lat' dir='ltr'><strong>dubia</strong></span> 
     </span>
     <span class='ocr_line' id='line_1_29' title="bbox 293 3377 1486 3481; baseline -0.002 -34"><span class='ocrx_word' id='word_1_260' title='bbox 293 3389 351 3447; x_wconf 85' lang='lat' dir='ltr'><strong>aut</strong></span> <span class='ocrx_word' id='word_1_261' title='bbox 382 3381 577 3460; x_wconf 88' lang='lat' dir='ltr'><strong>reiicieuda,</strong></span> <span class='ocrx_word' id='word_1_262' title='bbox 607 3391 641 3448; x_wconf 91' lang='lat' dir='ltr'><strong>ut</strong></span> <span class='ocrx_word' id='word_1_263' title='bbox 667 3382 695 3473; x_wconf 91' lang='grc' dir='ltr'><strong>Ι.Ι</strong></span> <span class='ocrx_word' id='word_1_264' title='bbox 718 3390 738 3449; x_wconf 79' lang='lat' dir='ltr'><strong>u</strong></span> <span class='ocrx_word' id='word_1_265' title='bbox 765 3383 901 3450; x_wconf 83' lang='lat' dir='ltr'><strong>»vetlem</strong></span> <span class='ocrx_word' id='word_1_266' title='bbox 928 3380 1145 3450; x_wconf 81' lang='lat' dir='ltr'><strong>adfuissemus</strong></span> <span class='ocrx_word' id='word_1_267' title='bbox 1169 3384 1277 3468; x_wconf 88' lang='lat' dir='ltr'><strong>priore</strong></span> <span class='ocrx_word' id='word_1_268' title='bbox 1300 3377 1486 3481; x_wconf 56' lang='lat' dir='ltr'><strong>Concitioj’,</strong></span> 
     </span>
     <span class='ocr_line' id='line_1_30' title="bbox 293 3485 1130 3576; baseline 0.006 -22"><span class='ocrx_word' id='word_1_269' title='bbox 293 3485 354 3575; x_wconf 78' lang='lat' dir='ltr'><strong>leg.</strong></span> <span class='ocrx_word' id='word_1_270' title='bbox 376 3488 478 3576; x_wconf 84' lang='lat' dir='ltr'><strong>priori</strong></span> <span class='ocrx_word' id='word_1_271' title='bbox 491 3511 502 3564; x_wconf 92' lang='lat'><strong>,·</strong></span> <span class='ocrx_word' id='word_1_272' title='bbox 526 3488 583 3557; x_wconf 87' lang='grc' dir='ltr'><strong>ΙΙΙ.</strong></span> <span class='ocrx_word' id='word_1_273' title='bbox 609 3494 672 3556; x_wconf 78' lang='lat' dir='ltr'><strong>tu:</strong></span> <span class='ocrx_word' id='word_1_274' title='bbox 1125 3554 1130 3559; x_wconf 87' lang='grc'><em>,</em></span> 
     </span>
     <span class='ocr_line' id='line_1_31' title="bbox 478 3592 1302 3683; baseline -0.002 -20"><span class='ocrx_word' id='word_1_275' title='bbox 478 3623 554 3650; x_wconf 78' lang='grc' dir='ltr'><strong>-υν</strong></span> <span class='ocrx_word' id='word_1_276' title='bbox 580 3605 613 3663; x_wconf 90' lang='lat' dir='ltr'><strong>et</strong></span> <span class='ocrx_word' id='word_1_277' title='bbox 637 3597 777 3683; x_wconf 86' lang='lat' dir='ltr'><strong>spatium</strong></span> <span class='ocrx_word' id='word_1_278' title='bbox 803 3594 948 3663; x_wconf 89' lang='lat' dir='ltr'><strong>curando</strong></span> <span class='ocrx_word' id='word_1_279' title='bbox 971 3615 1106 3682; x_wconf 83' lang='lat' dir='ltr'><strong>corpore</strong></span> <span class='ocrx_word' id='word_1_280' title='bbox 1130 3592 1302 3662; x_wconf 85' lang='lat' dir='ltr'><strong>honestum</strong></span> 
     </span>
     <span class='ocr_line' id='line_1_32' title="bbox 477 3721 661 3779; baseline 0 -12"><span class='ocrx_word' id='word_1_281' title='bbox 477 3721 661 3779; x_wconf 86' lang='lat' dir='ltr'><strong>sumemus,</strong></span> 
     </span>
     <span class='ocr_line' id='line_1_33' title="bbox 295 3805 1484 3895; baseline -0.003 -22"><span class='ocrx_word' id='word_1_282' title='bbox 295 3827 357 3874; x_wconf 87' lang='lat' dir='ltr'><strong>non</strong></span> <span class='ocrx_word' id='word_1_283' title='bbox 372 3815 505 3895; x_wconf 86' lang='lat' dir='ltr'><strong>apparet</strong></span> <span class='ocrx_word' id='word_1_284' title='bbox 517 3806 642 3875; x_wconf 84' lang='lat' dir='ltr'><strong>chroro</strong></span> <span class='ocrx_word' id='word_1_285' title='bbox 654 3828 735 3875; x_wconf 88' lang='lat' dir='ltr'><strong>esse.</strong></span> <span class='ocrx_word' id='word_1_286' title='bbox 773 3806 884 3875; x_wconf 79' lang='lat' dir='ltr'><strong>Obiter</strong></span> <span class='ocrx_word' id='word_1_287' title='bbox 896 3807 1099 3895; x_wconf 79' lang='lat' dir='ltr'><strong>corrigamus</strong></span> <span class='ocrx_word' id='word_1_288' title='bbox 1111 3815 1218 3873; x_wconf 80' lang='lat' dir='ltr'><strong>onusto</strong></span> <span class='ocrx_word' id='word_1_289' title='bbox 1230 3826 1288 3894; x_wconf 86' lang='lat' dir='ltr'><strong>pro</strong></span> <span class='ocrx_word' id='word_1_290' title='bbox 1301 3805 1461 3873; x_wconf 71' lang='lat' dir='ltr'><strong>dormtum</strong></span> <span class='ocrx_word' id='word_1_291' title='bbox 1474 3854 1484 3883; x_wconf 94' lang='lat'><strong>,</strong></span> 
     </span>
     <span class='ocr_line' id='line_1_34' title="bbox 296 3913 1486 4001; baseline -0.002 -21"><span class='ocrx_word' id='word_1_292' title='bbox 296 3934 371 3980; x_wconf 89' lang='lat' dir='ltr'><strong>uam</strong></span> <span class='ocrx_word' id='word_1_293' title='bbox 392 3914 528 4001; x_wconf 83' lang='lat' dir='ltr'><strong>spatium</strong></span> <span class='ocrx_word' id='word_1_294' title='bbox 550 3913 711 3980; x_wconf 74' lang='lat' dir='ltr'><strong>honestum</strong></span> <span class='ocrx_word' id='word_1_295' title='bbox 733 3922 798 3980; x_wconf 87' lang='lat' dir='ltr'><strong>tam</strong></span> <span class='ocrx_word' id='word_1_296' title='bbox 822 3915 997 3982; x_wconf 86' lang='lat' dir='ltr'><strong>insolenter</strong></span> <span class='ocrx_word' id='word_1_297' title='bbox 1017 3914 1139 3980; x_wconf 86' lang='lat' dir='ltr'><strong>dicitur</strong></span> <span class='ocrx_word' id='word_1_298' title='bbox 1157 3932 1254 4000; x_wconf 89' lang='lat' dir='ltr'><strong>quam</strong></span> <span class='ocrx_word' id='word_1_299' title='bbox 1276 3920 1486 4000; x_wconf 73' lang='lat' dir='ltr'><strong>rectecor&#39;pus</strong></span> 
     </span>
     <span class='ocr_line' id='line_1_35' title="bbox 292 4017 1483 4108; baseline 0 -21"><span class='ocrx_word' id='word_1_300' title='bbox 292 4029 448 4087; x_wconf 74' lang='lat' dir='ltr'><strong>ociorum.</strong></span> <span class='ocrx_word' id='word_1_301' title='bbox 474 4019 624 4087; x_wconf 83' lang='lat' dir='ltr'><strong>Fortasse</strong></span> <span class='ocrx_word' id='word_1_302' title='bbox 645 4020 788 4088; x_wconf 76' lang='lat' dir='ltr'><strong>Lucilius</strong></span> <span class='ocrx_word' id='word_1_303' title='bbox 800 4023 932 4088; x_wconf 79' lang='lat' dir='ltr'><strong>huaurto</strong></span> <span class='ocrx_word' id='word_1_304' title='bbox 945 4019 1052 4096; x_wconf 87' lang='lat' dir='ltr'><strong>dedit,</strong></span> <span class='ocrx_word' id='word_1_305' title='bbox 1066 4021 1149 4108; x_wconf 82' lang='lat' dir='ltr'><strong>qrrod</strong></span> <span class='ocrx_word' id='word_1_306' title='bbox 1164 4018 1285 4088; x_wconf 85' lang='lat' dir='ltr'><strong>Gellius</strong></span> <span class='ocrx_word' id='word_1_307' title='bbox 1297 4019 1337 4086; x_wconf 88' lang='lat' dir='ltr'><strong>tt.</strong></span> <span class='ocrx_word' id='word_1_308' title='bbox 1354 4025 1410 4086; x_wconf 62' lang='lat' dir='ltr'><strong>id</strong></span> <span class='ocrx_word' id='word_1_309' title='bbox 1423 4017 1483 4087; x_wconf 83' lang='lat' dir='ltr'><strong>tor·</strong></span> 
     </span>
     <span class='ocr_line' id='line_1_36' title="bbox 295 4124 1485 4215; baseline 0 -23"><span class='ocrx_word' id='word_1_310' title='bbox 295 4144 380 4192; x_wconf 90' lang='lat' dir='ltr'><strong>mam</strong></span> <span class='ocrx_word' id='word_1_311' title='bbox 399 4133 560 4191; x_wconf 81' lang='lat' dir='ltr'><strong>vetustam</strong></span> <span class='ocrx_word' id='word_1_312' title='bbox 574 4125 724 4215; x_wconf 80' lang='lat' dir='ltr'><strong>appellat.</strong></span> <span class='ocrx_word' id='word_1_313' title='bbox 739 4165 785 4178; x_wconf 92' lang='lat'><em>-</em></span> <span class='ocrx_word' id='word_1_314' title='bbox 797 4127 967 4194; x_wconf 82' lang='lat' dir='ltr'><strong>Indoctum</strong></span> <span class='ocrx_word' id='word_1_315' title='bbox 981 4137 1030 4194; x_wconf 88' lang='lat' dir='ltr'><strong>est</strong></span> <span class='ocrx_word' id='word_1_316' title='bbox 1044 4125 1128 4214; x_wconf 88' lang='lat' dir='ltr'><strong>quod</strong></span> <span class='ocrx_word' id='word_1_317' title='bbox 1143 4124 1262 4211; x_wconf 82' lang='lat' dir='ltr'><strong>tegitur</strong></span> <span class='ocrx_word' id='word_1_318' title='bbox 1279 4124 1425 4191; x_wconf 81' lang='lat' dir='ltr'><strong>xxvttt.</strong></span> <span class='ocrx_word' id='word_1_319' title='bbox 1441 4129 1485 4192; x_wconf 75' lang='grc'><strong>55</strong></span> 
     </span>
     <span class='ocr_line' id='line_1_37' title="bbox 500 4229 1284 4321; baseline -0.001 -23"><span class='ocrx_word' id='word_1_320' title='bbox 500 4231 681 4319; x_wconf 77' lang='lat' dir='ltr'><strong>proicientes</strong></span> <span class='ocrx_word' id='word_1_321' title='bbox 705 4252 781 4301; x_wconf 88' lang='lat' dir='ltr'><strong>seue</strong></span> <span class='ocrx_word' id='word_1_322' title='bbox 806 4235 855 4300; x_wconf 87' lang='lat' dir='ltr'><strong>vis</strong></span> <span class='ocrx_word' id='word_1_323' title='bbox 879 4243 976 4321; x_wconf 89' lang='lat' dir='ltr'><strong>atque</strong></span> <span class='ocrx_word' id='word_1_324' title='bbox 1000 4252 1064 4300; x_wconf 89' lang='lat' dir='ltr'><strong>anu</strong></span> <span class='ocrx_word' id='word_1_325' title='bbox 1087 4229 1284 4299; x_wconf 89' lang='lat' dir='ltr'><strong>subducere.</strong></span> 
     </span>
    </p>
   </div>
   <div class='ocr_carea' id='block_1_4' title="bbox 297 4384 494 4403">
    <p class='ocr_par' dir='ltr' id='par_1_6' title="bbox 297 4384 494 4403">
     <span class='ocr_line' id='line_1_38' title="bbox 297 4384 494 4403; baseline -0.005 -2"><span class='ocrx_word' id='word_1_326' title='bbox 297 4384 494 4403; x_wconf 55' lang='grc' dir='ltr'><strong>Μ</strong></span> 
     </span>
    </p>
   </div>
   <div class='ocr_carea' id='block_1_5' title="bbox 332 4471 1079 4541">
    <p class='ocr_par' dir='ltr' id='par_1_7' title="bbox 332 4471 1079 4541">
     <span class='ocr_line' id='line_1_39' title="bbox 332 4471 1079 4541; baseline 0 -19"><span class='ocrx_word' id='word_1_327' title='bbox 332 4477 357 4541; x_wconf 91' lang='lat' dir='ltr'><strong>t)</strong></span> <span class='ocrx_word' id='word_1_328' title='bbox 375 4471 476 4524; x_wconf 79' lang='lat' dir='ltr'><strong>Similis</strong></span> <span class='ocrx_word' id='word_1_329' title='bbox 494 4472 587 4524; x_wconf 82' lang='lat' dir='ltr'><strong>videsis</strong></span> <span class='ocrx_word' id='word_1_330' title='bbox 603 4474 669 4538; x_wconf 69' lang='lat' dir='ltr'><strong>opud</strong></span> <span class='ocrx_word' id='word_1_331' title='bbox 688 4472 793 4524; x_wconf 84' lang='lat' dir='ltr'><strong>Rttschl.</strong></span> <span class='ocrx_word' id='word_1_332' title='bbox 813 4471 904 4538; x_wconf 84' lang='lat' dir='ltr'><strong>Opcsc.</strong></span> <span class='ocrx_word' id='word_1_333' title='bbox 923 4473 962 4522; x_wconf 90' lang='lat'><strong>11.</strong></span> <span class='ocrx_word' id='word_1_334' title='bbox 979 4488 1004 4537; x_wconf 84' lang='lat' dir='ltr'><strong>p.</strong></span> <span class='ocrx_word' id='word_1_335' title='bbox 1023 4475 1079 4524; x_wconf 79' lang='grc'><strong>785.</strong></span> 
     </span>
    </p>
   </div>
   <div class='ocr_carea' id='block_1_6' title="bbox 0 0 1701 5010">
    <p class='ocr_par' dir='ltr' id='par_1_8' title="bbox 0 0 1701 5010">
     <span class='ocr_line' id='line_1_40' title="bbox 0 0 1701 5010; baseline 0 0"><span class='ocrx_word' id='word_1_336' title='bbox 0 0 1701 5010; x_wconf 95' lang='lat' dir='ltr'><strong> </strong></span> 
     </span>
    </p>
   </div>
  </div>
 </body>
</html>
