3244 5012
644 390 859 441 rrnornmm.
1289 370 1352 438 291

156 556 236 623 Dele
265 561 368 646 igitur
399 558 513 626 ἕίίοντι
543 562 707 637 Βοιωτούς,
741 570 773 628 et
803 566 906 649 recipe
933 559 1353 632 codd.1a.(}.lecti0nem

160 664 383 743 παραδώσουσι.

201 768 240 833 V.
265 767 318 837 38.
343 770 469 851 οίόμενοι
493 775 548 848 τὴν
571 774 743 853 βουλὺν-
756 776 809 840 οὐκ
830 774 918 841 ἄλλα
942 776 1128 858 ψηφιεῖσθαι
1148 776 1166 851 θ
1187 768 1209 840 ci
1231 776 1351 857 σφίσι

158 874 393 954 προόιαγνόντες
424 885 630 961 παραινοῦσιν.
675 879 804 968 Optime
835 882 1001 949 Belrlrerus
1031 888 1136 965 σφεῖς.
1182 880 1247 948 Sed
1277 901 1353 966 quo-

156 981 245 1046 niam
276 1003 385 1049 secum
415 988 461 1050 sic
490 984 719 1072 loquebantur,
752 990 804 1054 οὐκ
836 985 924 1053 ἄλλα
952 992 1143 1070 ψηφιοῦνται
1173 982 1351 1064 idipsis

158 1087 381 1167 παραινέσομεν
410 1091 464 1158 rel
486 1083 524 1156 θον
549 1094 637 1171 ἡμεῖς
662 1100 858 1175 παραινῶμεν
882 1093 1085 1160 scribendum
1108 1100 1172 1173 eat,
1197 1084 1235 1158 όν
1259 1095 1351 1173 σφεῖο

158 1217 191 1256 π.
217 1217 412 1272 παραινοσιν.

203 1299 240 1364 V.
266 1298 319 1365 59.
344 1301 515 1370 anianum
535 1305 638 1372 diviso
659 1309 802 1372 exercitu
821 1305 1064 1373 Lacedaemonii
1083 1326 1257 1391 eommque
1275 1307 1353 1370 socii

157 1426 213 1491 per
235 1414 360 1475 montes
381 1410 415 1473 in
438 1412 635 1498 Argivorum
659 1412 827 1496 planitiem
852 1412 1054 1479 descendunt.
1096 1412 1146 1478 ax
1169 1413 1220 1478 his
1242 1411 1354 1477 Boeoti

158 1516 190 1575 et
223 1510 366 1599 Sicyonii
395 1518 540 1600 equitatu
573 1518 792 1602 praestabant;
817 1517 869 1583 his
893 1520 996 1606 igitur
1019 1518 1209 1584 mandatum
1231 1523 1280 1583 est
1299 1516 1354 1589 τίον

159 1618 208 1682 ἐπί
243 1619 371 1695 Νεμέας
403 1621 467 1686 ibor
501 1623 724 1700 καταβαίνειν,
755 1620 822 1704 pici
846 1625 981 1704 ’λργεῖοι
1002 1624 1150 1699 καθῆντο,
1175 1620 1255 1694 θπος
1279 1624 1305 1688 εί
1328 1622 1353 1687 οί

157 1722 289 1804 Ἀργεῖοι
313 1726 364 1791 όπί
388 1731 476 1810 σφοῖς
500 1727 603 1800 ίόντας
625 1730 656 1802 ἐς
680 1728 717 1793 τό
740 1728 841 1795 πεδίον
866 1730 1001 1809 βοηθοῖεν
1021 1730 1205 1811 ἐφεπόμενοι
1225 1726 1351 1801 τοῖοί·

158 1853 224 1903 ποις
255 1833 383 1913 χρῷντο.
418 1831 528 1919 Inepte
561 1834 637 1900 libri
660 1834 767 1908 ἰόντες.
803 1837 919 1924 Argivi
940 1840 1008 1903 iam
1029 1838 1064 1902 in
1086 1836 1222 1922 planitie
1244 1841 1350 1912 eraut,

158 1941 190 2001 et
218 1939 388 2004 verebatur
420 1942 502 2027 Agis
531 1962 587 2017 ne,
621 1941 700 2006 dum
723 1962 762 2006 ex
784 1948 954 2029 praerupta
976 1944 1031 2009 via
1052 1946 1086 2007 in
1108 1942 1278 2028 planitiem
1300 1941 1351 2006 de

157 2044 298 2122 scandit,
329 2047 445 2133 Argivi
476 2065 549 2112 suos
581 2046 772 2113 adoriantur.
809 2046 888 2114 Mox
910 2050 995 2114 inter
1017 2047 1242 2127 καταβάντες,
1267 2045 1351 2130 quod

158 2150 196 2214 de
210 2187 213 2193 ·
228 2150 372 2229 Boeotis,
405 2151 647 2238 Megarensibus
677 2158 710 2219 et
740 2151 900 2240 Sicyoniis
924 2154 1060 2231 dieitur,
1086 2161 1118 2221 et
1140 2158 1178 2226 ὡς
1203 2155 1294 2232 aaron
1308 2190 1351 2227 ,-

158 2255 406 2337 παρετιίσσοντι,
433 2259 517 2342 quod
539 2260 672 2346 Argivis
694 2257 770 2324 solis
793 2262 959 2338 convenit,
987 2259 1081 2345 plura
1101 2261 1278 2349 exciderint
1300 2279 1352 2323 ne·

158 2384 243 2430 cesse
265 2371 323 2430 est.

202 2470 240 2535 V.
266 2470 319 2537 60.
352 2472 404 2536 καὶ
437 2473 462 2535 oi
494 2472 550 2545 μὲν
573 2477 679 2537 ταῦτα
702 2467 1012 2543 ιίπόντες-είπονί
1037 2472 1141 2559 Lege,
1166 2472 1219 2535 καί
1244 2473 1270 2536 oi
1295 2471 1351 2547 μὶν

158 2580 263 2640 ταῦτα
294 2579 355 2656 ἀφ’
384 2578 500 2640 ἑαυτῶν
524 2578 575 2640 καί
599 2577 633 2641 οὐ
656 2584 716 2642 τιῖιν
741 2577 890 2657 Ἀργείων
913 2582 966 2642 τοῦ
991 2579 1124 2653 πλιίθονς
1148 2578 1351 2647 κελεύσαντος

159 2676 259 2745 είπον.
285 2681 337 2746 καί
364 2683 378 2745 θ
402 2682 458 2756 μὲν
476 2676 574 2759 Ἀγις
599 2679 764 2760 δεξόμενος
784 2684 854 2753 τοὺς
874 2682 984 2760 λόγους
1006 2683 1114 2769 [αὐτός
1135 2681 1188 2748 καί
1210 2683 1244 2748 οὐ
1266 2680 1351 2759 μετόν

159 2793 216 2850 τῶν
240 2785 399 2870 πλειόνων]
425 2786 489 2850 obri
514 2788 606 2857 αὐτὸς
633 2787 912 2872 [βουλευσόμενος]
935 2789 1012 2853 αλλ’
1038 2789 1055 2863 ἢ
1080 2788 1120 2853 ἑνί
1146 2787 1228 2867 coepi
1253 2787 1351 2853 κοινό-

158 2916 218 2964 σας
242 2891 306 2957 κτὲ.

204 2998 241 3063 V.
267 2996 320 3062 61.
346 2999 398 3062 καί
422 2998 586 3070 πείσαντες
611 3000 644 3062 ἐκ
665 3005 723 3063 τῶν
743 2999 845 3076 λόγον
864 2999 935 3073 τοὺς
955 3000 1144 3084 ξυμμάχους
1166 3001 1252 3072 εὐθὺς
1274 3000 1349 3079 όχοί-

159 3130 222 3184 ρουν
255 3107 319 3169 κτὲ.
356 3103 513 3186 Quoniam
538 3106 572 3169 ἐκ
594 3111 652 3170 τῶν
676 3104 776 3182 λόγων
800 3105 886 3174 εὐθὺς
910 3107 1080 3186 οόνεχοίρουν
1103 3108 1280 3173 arctissime
1303 3126 1352 3172 aa

158 3213 289 3278 haerent
319 3214 389 3283 τοὺς
413 3210 603 3293 ξομμιίχονς
627 3210 680 3277 vel
702 3212 881 3276 insiticium
905 3218 954 3277 est
975 3211 1028 3278 vel
1051 3211 1154 3278 alieno
1177 3211 1246 3279 loco
1268 3214 1351 3299 posi·

158 3324 239 3384 tum.
272 3316 335 3384 Sed
365 3319 544 3383 insiticium
576 3338 643 3383 esse
671 3319 820 3405 arguitur
849 3317 934 3401 quod
957 3317 1072 3391 πάντες
1097 3318 1178 3393 πλόον
1203 3319 1350 3399 ’Λργείοιυ

157 3425 244 3490 idem
275 3430 323 3489 est
353 3423 436 3508 quod
466 3425 492 3488 οί
524 3423 699 3504 ξύμμαχοι.
742 3421 805 3488 His
837 3443 913 3490 vero
947 3425 1101 3490 concessis
1128 3426 1273 3510 sequitur
1294 3445 1352 3512 pro

158 3530 323 3600 πείσαντες
347 3528 519 3601 πεισθέντες
543 3532 652 3616 reponi
674 3534 826 3614 oportere.
861 3528 940 3595 Mox
962 3528 1092 3616 supple,
1118 3529 1170 3594 καί
1190 3526 1210 3594 θ’
1214 3555 1252 3594 τι
1273 3527 1346 3607 θμιρ-

158 3660 198 3716 ροι
213 3675 255 3684 -
269 3636 497 3712 κατακείμενοι.
532 3635 650 3722 Recipe
674 3637 856 3699 αὐτῶντῶν
879 3641 1050 3714 Τεγεατῶν
1073 3657 1112 3701 ex
1135 3648 1174 3701 A.

204 3742 241 3806 V.
268 3739 320 3806 63.
345 3740 424 3806 Dele
445 3741 596 3826 putidum
618 3740 794 3818 emblema,
820 3742 907 3806 αὐτοὶ
930 3741 1074 3823 ἐνόμιζον.

204 3849 240 3914 V.
266 3848 320 3913 65.
345 3849 425 3935 Agis
448 3846 617 3913 consilium
639 3852 746 3913 mutat
770 3846 832 3912 είτε
856 3848 939 3931 [καί]
963 3848 1013 3913 διὰ
1033 3849 1068 3913 τό
1087 3848 1264 3925 ἐπιβόκμα,
1285 3847 1349 3912 είτε

158 3957 211 4020 καί
247 3955 332 4035 αὐτῷ
367 3952 447 4018 όιλλο
482 3977 512 4018 τι
548 3953 565 4027 ἢ
601 3954 687 4017 κατόν
721 3954 755 4018 τό
792 3955 868 4019 αὐτό
904 3954 995 4032 δόξαν
1020 3992 1080 4017 -.
1111 3958 1241 4041 apparet
1271 3954 1350 4019 duas

157 4063 307 4127 lectiones
340 4062 374 4124 in
409 4080 506 4125 unam
542 4059 711 4136 coaluisse,
749 4080 884 4144 quarum
918 4058 1017 4125 altera
1051 4059 1165 4138 fuerit,
1203 4058 1265 4124 είτε
1295 4059 1348 4124 καί

158 4169 242 4247 αὐτῷ
274 4164 353 4231 ἄλλο
390 4190 419 4230 τι
451 4163 563 4242 δόξαν,
601 4164 716 4241 altera,
753 4164 815 4228 είτε
846 4164 931 4230 κατόι
962 4163 997 4229 τό
1030 4167 1114 4245 αὐτῷ
1144 4164 1246 4241 δόξαν.
1289 4164 1350 4231 Illa

157 4273 267 4361 procul
296 4273 392 4339 dnbio
423 4272 621 4359 Thucydidis
650 4278 707 4337 est.
748 4270 834 4337 Infra
865 4274 934 4344 τοὺς
967 4274 1030 4338 cirri
1055 4278 1107 4337 τοῦ
1140 4272 1238 4354 λόφον
1266 4272 1350 4338 dixit

157 4385 285 4467 propter
324 4380 460 4446 verbum
498 4378 724 4456 καταβιβάσαι
758 4384 833 4443 nota
866 4382 900 4444 in
935 4380 1221 4464 praepositionibus
1254 4384 1349 4444 attra-

159 4491 270 4554 ctione.
306 4484 369 4552 Sed
400 4487 471 4559 τοὺς
500 4487 658 4567 Ἀργείους
689 4486 741 4549 καί
773 4486 844 4557 τοὺς
874 4483 1065 4565 ξυμμάχους
1089 4487 1244 4571 interpres
1267 4484 1350 4549 adie-
