3330 5012
601 399 773 448 urrunnrsn
796 398 832 444 ur
855 399 1052 447 ruucuumrn.
1355 384 1420 448 389

237 565 411 633 scribatur.
446 568 480 631 In
512 563 614 631 alteru
641 562 710 629 lasa
733 562 920 633 detestabile
943 586 1046 652 genus
1070 566 1257 646 hominurn,
1282 587 1419 655 quorum

235 669 380 758 exempla
406 671 438 736 in
461 668 625 735 hodiernis
647 669 745 735 etiam
770 669 903 737 enluuiis
928 670 1021 738 laeile
1040 672 1201 749 invenias,
1224 671 1419 760 depingitur.

237 774 278 840 lli
309 775 469 861 tantisper
498 775 529 839 in
562 770 684 840 enlunia
717 784 888 842 versantur
909 773 1009 844 donee
1031 775 1161 842 diuitias
1184 795 1265 862 quas
1287 777 1350 843 alin
1373 798 1421 845 as·

237 885 367 964 perleui
396 879 458 944 sibi
490 882 684 966 paraverint.
716 883 827 950 οίονται
858 883 925 951 οίοτὸ
948 886 1001 948 τοῦ
1025 885 1121 947 κοινοῦ
1143 880 1297 959 λαβόντες
1320 883 1422 960 ἄλλην

237 990 298 1062 γῆν
330 984 470 1060 οίκνὶοειν.
506 984 546 1049 Et
575 986 715 1071 primum
741 987 885 1073 legitime
910 986 969 1053 nor
992 987 1120 1072 assequi
1144 984 1294 1053 student:
1322 986 1423 1053 lanul-

237 1095 304 1154 tate
327 1087 455 1155 dicendi
481 1097 619 1156 utuntur
644 1100 680 1157 ut
706 1092 747 1159 ad
770 1094 981 1178 magistratus
1003 1102 1036 1157 et
1060 1109 1194 1157 munera
1219 1089 1345 1177 publiea
1371 1111 1422 1178 pu·

238 1193 307 1281 puli
336 1192 491 1261 beneficio
521 1196 719 1281 perveniant.
761 1197 818 1263 Sin
851 1217 903 1264 res
934 1195 1016 1263 male
1046 1197 1256 1282 processerit,
1286 1195 1421 1263 alteram

238 1301 323 1365 uiam
355 1299 469 1365 ineunt
499 1308 532 1367 et
565 1299 743 1367 lactionum
773 1300 872 1368 duces
902 1302 1057 1368 esistunt.
1097 1300 1154 1368 llis
1186 1300 1264 1365 nihii
1297 1302 1422 1377 uerius,

233 1402 320 1470 sinu
343 1402 507 1471 intelleelu
530 1404 672 1474 facilius.-
707 1405 770 1473 Sed
793 1405 989 1493 qunm0d0.l
1013 1404 1076 1470 riri
1099 1409 1152 1471 τοῦ
1175 1411 1270 1472 κοινοῦ
1293 1404 1422 1485 λαβών,

235 1510 295 1596 qui
326 1507 359 1574 id
386 1510 493 1596 ipsum
524 1510 608 1597 quad
632 1511 807 1599 quaerebat
830 1520 998 1578 assecutus
1021 1520 1070 1577 est
1092 1512 1126 1576 od
1150 1514 1336 1593 κατορθῶσαι
1358 1509 1424 1576 diei

240 1612 364 1700 patesti
407 1614 479 1681 Erit
508 1614 643 1682 fortasse
673 1616 730 1702 qui
763 1614 954 1702 respondeat
984 1614 1053 1680 lieri
1079 1633 1169 1700 posse
1194 1624 1230 1681 ut
1254 1624 1423 1702 postquam

239 1717 330 1785 diues
357 1717 463 1785 laetus
495 1720 539 1786 sit
570 1740 588 1786 a
619 1721 782 1788 centraria
812 1719 952 1787 laetinne
975 1722 1008 1785 in
1033 1718 1207 1785 discrimen
1233 1719 1422 1787 adducatur.

233 1825 284 1891 -ult
315 1824 378 1891 uisi
410 1823 455 1890 illi
487 1826 624 1892 uicerint
656 1825 743 1894 nulla
771 1835 821 1892 est
843 1844 941 1892 causa
965 1844 1025 1892 eur
1047 1823 1221 1891 adiicietur
1243 1828 1288 1904 μίν
1313 1850 1425 1908 κατοο·

240 1929 349 2002 ίοίοας.
392 1929 457 1996 liae
486 1939 594 1997 autem
626 1951 699 1998 eunr
730 1930 771 1999 alr
796 1930 990 1998 aduersariis
1013 1948 1201 2017 oppressum
1224 1949 1313 2007 essa,
1346 1930 1424 2018 quid

240 2034 303 2101 siti
328 2033 438 2101 volunt
460 2033 513 2102 illa
536 2038 633 2102 οίιται
658 2036 721 2102 ἀπὸ
744 2043 798 2103 τοῦ
822 2041 918 2103 κοινοῦ
941 2037 1050 2116 λαβὼν
1072 2032 1174 2112 ἄλλην
1196 2045 1256 2114 γῆν
1275 2037 1423 2112 disisam?

240 2141 289 2206 An
319 2159 429 2206 secum
458 2140 502 2206 ita
531 2140 680 2227 reputati
714 2151 897 2228 »postquam
926 2142 1067 2227 factiosis
1098 2141 1219 2206 artibus
1241 2161 1313 2226 apes
1333 2162 1424 2228 purn-

240 2265 334 2321 ueru„
348 2245 376 2308 si
391 2264 442 2309 ιιιο
452 2243 625 2311 aduersarii
637 2247 858 2332 oppresserint,
881 2245 977 2312 ulium
990 2256 1106 2311 terrum
1118 2245 1302 2331 quaerum.”
1326 2248 1424 2333 Atqui

241 2347 299 2414 lune
328 2357 362 2414 et
395 2367 451 2434 per
479 2367 513 2414 se
544 2348 719 2415 absurdum
751 2354 800 2416 est
820 2357 853 2416 et
877 2350 910 2415 in
934 2349 1071 2417 alterum
1096 2349 1208 2429 illum,
1233 2350 1289 2436 qui
1314 2351 1348 2416 ἐκ
1371 2355 1424 2417 τοῦ

240 2451 352 2519 τείίειν
376 2452 542 2530 lucratur,
566 2472 698 2540 prorsus
722 2473 783 2519 nnn
808 2454 905 2521 eadit.
944 2453 1100 2540 Ulrnsque
1119 2462 1228 2521 autem
1250 2453 1320 2520 ideo
1341 2474 1424 2521 uum·

241 2565 399 2625 memorat
429 2556 563 2635 Orator,
604 2567 640 2624 ut
669 2557 816 2624 ostendat
847 2578 910 2624 nun
939 2578 1010 2625 esse
1040 2577 1189 2643 magnam
1227 2560 1423 2644 potentiam,

238 2662 293 2727 sui
325 2680 416 2727 arma
440 2659 561 2727 illaturi
586 2662 671 2739 sinl,
696 2681 798 2747 neque
822 2661 941 2728 multus
965 2681 1023 2748 prn
1047 2659 1110 2727 illis
1133 2660 1319 2726 eivitatilrus
1343 2669 1426 2727 taru-

240 2784 337 2851 quam
363 2784 420 2850 pru
444 2768 559 2851 patriis
582 2765 802 2831 dimicaturos.
840 2765 901 2832 llic
925 2766 1027 2851 igilur
1048 2763 1136 2830 loeus
1161 2764 1274 2830 vitium
1300 2773 1425 2830 contra·

241 2869 308 2947 xit,
340 2869 395 2935 sed
428 2871 543 2936 uitium
575 2869 732 2936 eiusmodi
763 2880 812 2935 est
841 2870 925 2956 quud
960 2877 1084 2936 mutato
1115 2869 1285 2935 rerlurunr
1313 2867 1426 2936 ordine

240 2976 350 3041 statim
383 2973 523 3039 tollatur.
553 2971 589 3053 ο”,
618 2997 648 3039 τι
680 2975 706 3041 δ’
737 2972 894 3071 inarari
926 2976 960 3040 lx
992 2979 1046 3040 τοῦ
1073 2974 1173 3054 λέγων
1195 2973 1309 3040 τείίειν
1330 2972 1425 3041 οίεται

242 3079 259 3155 ἢ
281 3083 327 3162 μὴ
352 3079 544 3161 κατορίιίοαο
562 3076 717 3159 saridim
736 3080 799 3145 κοί.
832 3078 893 3146 Sed
915 3087 1086 3164 antequam
1108 3077 1149 3144 ad
1169 3080 1302 3146 tertium
1320 3099 1426 3146 exem·

242 3184 330 3271 plum
356 3193 517 3250 transeam
539 3202 637 3269 grave
659 3182 776 3250 uulnus
795 3183 827 3248 in
847 3183 966 3248 uicinia
988 3182 1131 3249 indicare
1152 3185 1424 3271 operaepretium

240 3296 300 3356 est.
336 3287 483 3355 iudicare
515 3288 602 3365 dieo,
635 3308 709 3355 uam
740 3287 898 3355 eiusmodi
929 3296 977 3355 est
1008 3287 1093 3375 quod
1123 3289 1221 3355 semel
1247 3289 1426 3358 indicatum

240 3392 327 3460 nulla
357 3411 454 3477 opera
486 3394 593 3458 sanari
626 3393 739 3479 possit.
771 3394 822 3459 καί
856 3393 950 3468 οὐδείς
984 3394 1022 3459 δι’
1053 3394 1129 3459 αὐτὸ
1163 3393 1213 3481 (δι’
1235 3394 1355 3481 αὐταί)
1386 3398 1425 3469 ola

239 3498 306 3580 περί
337 3498 450 3571 οἰκείας
482 3498 627 3580 πατρίδος
659 3497 728 3565 οὔτε
759 3499 803 3563 τοὶ
831 3498 899 3581 περὶ
930 3499 965 3563 τί
995 3505 1087 3577 σῶμα
1113 3495 1217 3571 ίτλοις
1242 3500 1423 3579 ἐξήρτυται,

237 3602 308 3669 οὔτε
338 3603 381 3667 τὸ
411 3603 442 3667 ἕν
472 3611 512 3685 τῇ
541 3602 629 3685 χώρα
660 3602 798 3680 νομίμοις
825 3612 1048 3676 κατασκευαῖς.
1083 3601 1166 3682 Quid
1200 3622 1257 3689 pro
1288 3603 1425 3681 νομίμοις

238 3703 445 3772 scribendum
478 3706 521 3772 sit
549 3705 717 3793 discipulis
748 3707 829 3772 meis
862 3706 1113 3795 Sydneiensilrus
1134 3705 1276 3782 ostendis
1301 3707 1425 3774 llusun·

239 3831 329 3879 srnss
360 3811 534 3878 lectoribus
567 3810 651 3877 idern
684 3809 789 3876 lacere
820 3830 1094 3896 supervacaneum
1127 3818 1212 3877 esset
1236 3810 1276 3900 ¹).
1312 3811 1359 3877 ta
1387 3832 1425 3880 ea

239 3935 321 4003 quae
351 3934 370 3982 e
401 3915 482 3982 libro
512 3916 566 3982 VI.
598 3918 741 3980 22-23.
774 3913 899 3980 laudaui
934 3916 1096 3980 monuisse
1127 3913 1287 3994 sufficiat,
1318 3918 1424 3983 omnia

238 4039 321 4107 quae
344 4039 430 4085 nune
455 4029 537 4085 tetra
561 4026 594 4086 et
618 4018 817 4084 tenebricosa
841 4027 936 4093 suut,
969 4028 1005 4084 ut
1029 4018 1109 4085 nihil
1134 4038 1252 4107 supra,
1276 4028 1425 4108 transpu-

238 4124 311 4190 sitis
331 4121 452 4209 aliquot
476 4122 637 4189 turabulis
661 4121 856 4188 nitidissima
882 4121 963 4188 lieri.
999 4123 1099 4209 Lege:
1124 4124 1178 4190 καί
1199 4124 1283 4206 λόγῳ
1298 4125 1425 4203 μείλινα

237 4226 349 4308 ἕτοιμα
361 4225 451 4306 εἶναι,
464 4229 547 4304 πλήν
557 4252 597 4306 με
610 4227 682 4307 τρίς
695 4228 730 4294 τί
742 4229 885 4308 μοίχιμον
896 4231 997 4295 αὐτῶν
1008 4229 1043 4294 τί
1056 4227 1223 4297 lustranda.
1237 4231 1272 4306 la
1283 4231 1346 4312 γὰρ
1357 4232 1423 4298 sai.

274 4436 298 4494 t)
315 4433 378 4497 Leg.
396 4437 528 4497 μονίμοις.
555 4434 744 4487 Mssucsrrms
756 4448 903 4489 'usuronnn
