3254 5034
572 382 763 430 rurnocoorcn
786 381 823 428 cr
846 379 973 428 omrem.
1327 364 1369 426 29

222 552 410 630 Σημειοώτοιι
435 552 467 619 δὲ
491 552 563 636 τμδς
587 552 639 618 τὸν
662 554 755 619 αώτδν
780 555 967 637 ώτεριςίκτμ
991 550 1085 636 διπλῇ
1109 550 1169 627 τὰς
1192 551 1369 631 ίμωνυμίας

177 654 327 735 ώσοίσας,
347 654 392 724 ὅτι
412 662 444 725 οὐ
464 661 575 737 νοήσας
595 659 629 724 τὸ
649 664 781 725 τοιοῦτον
800 660 939 744 ἔγραψεν
957 658 1006 724 tet
1028 658 1085 737 μὲν
1103 657 1370 737 Πυλαιμένεα

177 762 225 827 tet
254 762 287 828 δὲ
320 762 600 844 Κυλαιμίνεα.
634 765 706 846 σρδς
729 767 786 845 μὲν
811 765 847 843 δη
872 766 1032 843 Ζηνόδοτον
1055 765 1138 845 αὐτῷ
1161 766 1178 841 ἡ
1201 762 1369 846 σαρώίεσις

175 876 229 944 τῆς
254 871 492 950 τεριιςιμμίνης
516 871 626 946 διπλῆς
649 871 722 952 πρὸς
746 871 860 948 ἐκοίςην
883 871 1010 955 γραφὴν
1034 869 1230 953 οδκμβέςερον
1254 869 1369 951 dourri-

174 998 236 1039 ται.
287 975 332 1041 ite
358 996 420 1061 qno
445 973 521 1040 haec
551 974 707 1040 dicuntur
735 978 864 1062 etquis
892 975 1055 1063 loquitur?
1105 975 1268 1040 dicuntur
1293 974 1369 1040 haec

176 1078 212 1145 de
236 1081 430 1147 Aristarcho
454 1080 605 1146 Zenodoti
631 1082 762 1149 uitiosos
786 1084 966 1169 scripturas
996 1090 1028 1147 et
1059 1080 1138 1147 aiios
1167 1100 1293 1147 errores
1318 1100 1370 1146 re·

177 1184 303 1253 iettente
330 1208 368 1252 ac
392 1186 528 1266 σημείοις
548 1185 685 1252 dirersis
711 1195 852 1253 notante.
902 1187 1058 1274 Loquitur
1082 1194 1191 1253 aretem
1211 1188 1239 1252 is
1259 1187 1315 1273 qni
1336 1206 1370 1253 se

174 1290 213 1358 ad
233 1293 384 1379 singulos
411 1292 538 1358 Homeri
564 1292 669 1370 tucos,
693 1293 744 1359 uhi
771 1295 1027 1376 ησεμεςιγμένη
1049 1293 1144 1369 arnan
1164 1294 1308 1380 apposita
1330 1292 1369 1357 ah

174 1398 366 1464 Aristarcho
385 1406 487 1476 esset,
510 1396 698 1484 diligentius
719 1400 758 1466 de
780 1398 830 1464 his
849 1400 954 1485 egisse
976 1406 1221 1465 commemorat.
1260 1397 1370 1483 Ecqua

174 1503 276 1589 igitur
301 1503 463 1570 dubitatio
488 1514 590 1590 potest
614 1524 685 1571 esse
709 1505 786 1591 quin
816 1506 918 1592 ipsius
942 1506 1115 1570 Aristonici
1142 1503 1238 1569 rerba
1260 1502 1369 1568 audia-

175 1627 247 1674 mus
281 1609 379 1674 initio
411 1609 483 1674 iibri
515 1611 582 1692 περὶ
614 1617 673 1676 τών
698 1609 886 1694 'Api-crimen
918 1612 1050 1690 σημείων
1090 1610 1253 1676 narrantis
1288 1627 1370 1694 quae

175 1714 337 1802 cuiusque
363 1716 490 1795 σημείου
514 1717 597 1781 ratio
621 1725 651 1782 et
674 1717 869 1802 significatio
893 1715 977 1802 apud
1001 1714 1226 1782 Aristarchum
1246 1713 1369 1780 inisset.

175 1818 232 1886 Uhi
264 1820 367 1888 semei
394 1820 472 1887 haec
501 1824 643 1909 suspicio
675 1842 736 1887 uon
771 1820 1007 1909 improbabilis,
1041 1832 1075 1887 ut
1107 1822 1238 1908 opinor,
1271 1819 1371 1885 suhiit

175 1927 322 1992 animum
355 1929 559 1994 excutiamus
590 1926 697 2014 pantio
730 1929 892 1994 curiosius
925 1927 1059 2016 reliquo.
1118 1926 1175 1992 Est
1209 1927 1240 1992 in
1272 1923 1370 1991 iliade

174 2041 205 2101 Ξ.
231 2036 312 2100 199.

630 2141 644 2205 ί
668 2139 700 2205 δὲ
723 2141 770 2222 Φὶη
794 2141 920 2207 κώδειαν
944 2138 1092 2220 ώνασχών

358 2243 499 2328 τέφμαδέ
523 2269 559 2310 σε
581 2246 718 2328 Τρώεσσι
742 2246 795 2312 καί
820 2245 988 2328 εὐχόμενος
1010 2245 1081 2319 ἔτος
1106 2246 1200 2321 ηώδα.

175 2349 228 2417 uhi
255 2351 337 2417 haec
359 2361 408 2416 est
432 2371 470 2417 ex
495 2352 677 2418 Aristonico
701 2362 851 2439 excerpta
876 2353 1054 2418 annotatio:
1081 2353 1098 2427 η
1124 2349 1368 2440 (τεμεε-ιγμίνη)

175 2456 269 2532 διπλῆ
298 2454 345 2523 der
376 2457 565 2535 ώναμνίντες
593 2460 671 2533 τινὲς
699 2460 753 2541 <ph
777 2458 945 2524 κώδειαν
969 2459 1024 2541 ὑφ’
1051 2455 1102 2534 ἕν,
1134 2454 1170 2521 ἵν’
1195 2454 1212 2539 ᾖ
1236 2460 1280 2531 ώς
1305 2458 1370 2523 κώ·

174 2561 307 2639 δειαν,
333 2560 567 2644 σμοσεοιὲταξαν
588 2563 639 2628 τδν
663 2562 862 2643 ἦίεσημένον.
889 2564 1032 2630 οώδέσοτε
1053 2563 1084 2628 δὲ
1106 2560 1243 2645 Ὅμηρος
1264 2564 1300 2628 τδ
1322 2570 1369 2645 φῆ

173 2668 241 2734 cirri
268 2673 325 2735 τοῦ
348 2670 387 2741 ώς
410 2667 565 2749 τέταχεν.
599 2668 670 2740 ίσως
693 2669 725 2734 δὲ
752 2668 805 2735 καὶ
830 2670 1025 2752 Ἀντίμαχος
1055 2670 1191 2734 ἐντεῦθεν
1215 2669 1370 2746 ἐσλαννίίη

173 2776 227 2857 ot
252 2773 488 2857 γεμώνοισιν
513 2774 619 2840 εἰσιών.
651 2773 699 2840 δεῖ
723 2774 754 2840 δὲ
778 2772 884 2854 ἔξωίεν
916 2773 1172 2857 οιροσλαμβώνειν
1195 2774 1230 2840 τὸ
1254 2777 1292 2849 ώς
1316 2777 1370 2841 καί

174 2881 298 2947 ώίετεῖν
322 2880 374 2945 τδν
396 2880 495 2960 ςίχον.
533 2878 615 2960 Quid
642 2880 699 2945 tibi
721 2878 869 2946 videtur?
906 2880 1005 2946 [istun
1030 2880 1113 2948 idem
1139 2882 1179 2948 de
1203 2880 1313 2947 eadem
1338 2902 1371 2948 re

174 2985 293 3073 agens?
320 2982 375 3051 sed
399 2986 519 3071 retiqua
543 2983 721 3052 videmnus.
770 2983 924 3070 Sequitur
950 2988 981 3051 in
1005 2986 1205 3073 fragmento:
1230 2994 1371 3068 σημειοῦ-

175 3117 227 3159 ται
254 3092 288 3157 δὲ
309 3091 383 3173 πρὸς
403 3091 455 3156 σδν
478 3092 574 3157 αὐτὸν
601 3092 787 3174 ώπεμςίκτῳ
817 3091 912 3175 διπλῇ
936 3092 995 3165 τοὶς
1026 3094 1202 3173 ίμωνυμίοος
1226 3093 1370 3169 οὶτώσας.

175 3197 260 3265 Audi
288 3216 374 3262 nnnc
399 3197 619 3263 Aristonicum
649 3196 688 3262 ad
714 3196 804 3263 tttad.
828 3208 859 3263 B.
886 3203 968 3265 857:
994 3202 1011 3277 η
1035 3201 1130 3275 immi
1153 3196 1199 3266 dur
1223 3201 1237 3266 ί
1262 3205 1371 3275 Ἄσιος

173 3300 258 3379 οὗτος
284 3300 441 3385 ίμώνυμίς
467 3305 512 3373 ἕςι
532 3305 575 3385 τῷ
597 3304 738 3384 Ἑκνίβης
760 3303 907 3387 ἀδελφῷ.
933 3306 1111 3382 ἐσημενοῦτο
1135 3306 1166 3372 δὲ
1190 3307 1204 3371 ί
1230 3308 1372 3389 Ἀμίτας-

173 3434 229 3493 χος
262 3410 324 3482 τας
354 3409 533 3488 ὁμωνυμίας
564 3410 637 3491 spir
668 3411 712 3476 τδ
736 3409 816 3498 (erpi
843 3409 961 3501 insere)
996 3411 1220 3491 Πυλαιμίνους.
1269 3411 1372 3479 Satin’

175 3513 442 3604 appareteadem
467 3514 641 3581 abeodem
667 3515 753 3582 dicit
803 3515 865 3597 Qui
891 3514 943 3582 itta
968 3537 1007 3584 ex
1034 3519 1207 3584 Aristonici
1236 3517 1318 3584 tihro
1340 3519 1373 3584 iu

175 3621 384 3709 marginibus·
410 3619 535 3686 Codicis
571 3621 684 3688 Veneti
716 3621 887 3709 descripsit
921 3623 1023 3709 ipsius
1060 3625 1232 3690 Aristonici
1266 3623 1373 3691 uerbis

176 3731 304 3807 utitur,
345 3737 376 3793 et
420 3728 491 3793 sine
523 3729 651 3795 nomine
689 3728 865 3794 Aristarchi
902 3734 1108 3808 σημειοῦται,
1152 3732 1275 3817 inquit,
1312 3731 1372 3805 τοὶς

176 3832 355 3916 ὁμωνυμίας
387 3832 517 3910 οἱσώσας
549 3834 622 3914 τρδς
655 3834 707 3900 σδν
743 3833 903 3910 Ζηνόδοτον
913 3885 922 3915 ,
955 3843 987 3900 ci
1019 3836 1099 3901 satis
1130 3845 1199 3913 est,
1235 3855 1373 3922 natuque

178 3940 229 4007 itta
247 3940 354 4006 omnia
380 3938 586 4005 Aristarchea
604 3959 673 4006 esso
692 3940 869 4006 corustahat.
894 3939 981 4006 Coni.
1004 3940 1114 4006 hehrs.
1136 3942 1174 4005 de
1195 3940 1374 4008 Aristarchi

177 4046 288 4112 studiis
319 4044 495 4112 Homericis
531 4066 601 4132 pag.
630 4051 682 4114 10.
745 4045 825 4111 Aiiis
862 4045 938 4112 iocis
971 4045 1172 4113 scholiorum
1209 4043 1373 4113 coniector

178 4153 246 4218 suis
269 4151 376 4217 vorhis
405 4151 576 4217 Aristonici
602 4153 796 4218 seutentiam
823 4152 939 4226 refert,
965 4162 996 4218 et
1022 4153 1150 4238 saepius
1173 4155 1375 4232 σημειοῦνταί

178 4281 274 4336 τινες,
299 4277 540 4341 nonnumquam
567 4259 743 4339 denunciare
765 4259 982 4342 δἈρίςαρχος
1004 4269 1035 4325 et
1059 4258 1156 4323 simili
1183 4259 1275 4326 modo
1294 4261 1373 4326 scri·

180 4361 236 4432 hii.
285 4362 339 4431 Sic
364 4382 462 4449 supra
487 4362 627 4430 vidimus
661 4364 707 4431 dm
731 4365 919 4444 ώναμνίντες
943 4366 1021 4438 τινὲς
1044 4370 1100 4449 Φῆ
1124 4365 1292 4432 κώδειαν
1316 4387 1373 4453 pro
1480 4382 1482 4386 ’

180 4470 329 4550 ἀναγνοὺς
354 4469 368 4535 ὃ
401 4467 572 4546 Ζηνόδοτος.
620 4471 675 4537 Tri
703 4471 770 4553 περὶ
799 4472 1012 4555 Πυλαιμίνους
1041 4468 1150 4539 eodem
1177 4471 1271 4538 modo
1298 4491 1373 4538 nar·
