<?xml version="1.0" encoding="UTF-8"?>
<!DOCTYPE html PUBLIC "-//W3C//DTD XHTML 1.0 Transitional//EN"
    "http://www.w3.org/TR/xhtml1/DTD/xhtml1-transitional.dtd">
<html xmlns="http://www.w3.org/1999/xhtml" xml:lang="en" lang="en">
 <head>
  <title>
</title>
<meta http-equiv="Content-Type" content="text/html;charset=utf-8" />
  <meta name='ocr-system' content='tesseract 3.04.00' />
  <meta name='ocr-capabilities' content='ocr_page ocr_carea ocr_par ocr_line ocrx_word'/>
</head>
<body>
  <div class='ocr_page' id='page_1' title='image "./mnemosynebiblio00servgoog_0264.png"; bbox 0 0 3388 5010; ppageno 0'>
   <div class='ocr_carea' id='block_1_1' title="bbox 587 361 1399 436">
    <p class='ocr_par' dir='ltr' id='par_1_1' title="bbox 587 361 1399 436">
     <span class='ocr_line' id='line_1_1' title="bbox 587 361 1399 436; baseline -0.002 -3"><span class='ocrx_word' id='word_1_1' title='bbox 587 361 759 435; x_wconf 67' lang='lat' dir='ltr'><strong>&#39;cucnrana</strong></span> <span class='ocrx_word' id='word_1_2' title='bbox 780 389 816 434; x_wconf 84' lang='lat' dir='ltr'><strong>rr</strong></span> <span class='ocrx_word' id='word_1_3' title='bbox 841 389 995 436; x_wconf 78' lang='lat' dir='ltr'><strong>cucrmra.</strong></span> <span class='ocrx_word' id='word_1_4' title='bbox 1334 368 1399 432; x_wconf 66' lang='lat' dir='ltr'><strong>ads</strong></span> 
     </span>
    </p>
   </div>
   <div class='ocr_carea' id='block_1_2' title="bbox 210 556 1488 3408">
    <p class='ocr_par' dir='ltr' id='par_1_2' title="bbox 210 556 1409 1815">
     <span class='ocr_line' id='line_1_2' title="bbox 210 556 1403 646; baseline -0.002 -19"><span class='ocrx_word' id='word_1_5' title='bbox 210 577 307 646; x_wconf 87' lang='lat' dir='ltr'><strong>saepe</strong></span> <span class='ocrx_word' id='word_1_6' title='bbox 326 558 463 625; x_wconf 83' lang='lat' dir='ltr'><strong>minoris</strong></span> <span class='ocrx_word' id='word_1_7' title='bbox 483 565 560 624; x_wconf 89' lang='lat' dir='ltr'><strong>sunt</strong></span> <span class='ocrx_word' id='word_1_8' title='bbox 579 557 756 641; x_wconf 88' lang='lat' dir='ltr'><strong>momenti;</strong></span> <span class='ocrx_word' id='word_1_9' title='bbox 779 577 854 625; x_wconf 92' lang='lat' dir='ltr'><strong>nam</strong></span> <span class='ocrx_word' id='word_1_10' title='bbox 875 558 930 625; x_wconf 92' lang='lat' dir='ltr'><strong>ubi</strong></span> <span class='ocrx_word' id='word_1_11' title='bbox 949 558 990 625; x_wconf 92' lang='lat' dir='ltr'><strong>ad</strong></span> <span class='ocrx_word' id='word_1_12' title='bbox 1012 556 1182 625; x_wconf 88' lang='lat' dir='ltr'><strong>lectionem</strong></span> <span class='ocrx_word' id='word_1_13' title='bbox 1203 557 1403 624; x_wconf 87' lang='lat' dir='ltr'><strong>constituen-</strong></span> 
     </span>
     <span class='ocr_line' id='line_1_3' title="bbox 211 662 1405 753; baseline -0.002 -20"><span class='ocrx_word' id='word_1_14' title='bbox 211 664 286 733; x_wconf 90' lang='lat' dir='ltr'><strong>dam</strong></span> <span class='ocrx_word' id='word_1_15' title='bbox 319 684 381 731; x_wconf 90' lang='lat' dir='ltr'><strong>non</strong></span> <span class='ocrx_word' id='word_1_16' title='bbox 410 662 616 744; x_wconf 89' lang='lat' dir='ltr'><strong>conducunt,</strong></span> <span class='ocrx_word' id='word_1_17' title='bbox 642 684 757 753; x_wconf 88' lang='lat' dir='ltr'><strong>parum</strong></span> <span class='ocrx_word' id='word_1_18' title='bbox 783 662 882 732; x_wconf 88' lang='lat' dir='ltr'><strong>relert</strong></span> <span class='ocrx_word' id='word_1_19' title='bbox 907 673 1016 732; x_wconf 90' lang='lat' dir='ltr'><strong>utrum</strong></span> <span class='ocrx_word' id='word_1_20' title='bbox 1042 662 1182 731; x_wconf 85' lang='lat' dir='ltr'><strong>Graecae</strong></span> <span class='ocrx_word' id='word_1_21' title='bbox 1205 683 1245 730; x_wconf 91' lang='lat' dir='ltr'><strong>an</strong></span> <span class='ocrx_word' id='word_1_22' title='bbox 1270 662 1405 731; x_wconf 75' lang='lat' dir='ltr'><strong>Latinae</strong></span> 
     </span>
     <span class='ocr_line' id='line_1_4' title="bbox 212 769 1404 857; baseline 0 -21"><span class='ocrx_word' id='word_1_23' title='bbox 212 772 399 839; x_wconf 77' lang='lat' dir='ltr'><strong>scribantur</strong></span> <span class='ocrx_word' id='word_1_24' title='bbox 430 769 569 838; x_wconf 90' lang='lat' dir='ltr'><strong>litterae.</strong></span> <span class='ocrx_word' id='word_1_25' title='bbox 616 771 652 837; x_wconf 94' lang='lat' dir='ltr'><strong>ln</strong></span> <span class='ocrx_word' id='word_1_26' title='bbox 683 790 721 837; x_wconf 87' lang='lat' dir='ltr'><strong>eo</strong></span> <span class='ocrx_word' id='word_1_27' title='bbox 746 771 849 838; x_wconf 90' lang='lat' dir='ltr'><strong>maior</strong></span> <span class='ocrx_word' id='word_1_28' title='bbox 875 770 1044 857; x_wconf 71' lang='lat' dir='ltr'><strong>diligentia</strong></span> <span class='ocrx_word' id='word_1_29' title='bbox 1068 769 1249 839; x_wconf 85' lang='lat' dir='ltr'><strong>adhibenda</strong></span> <span class='ocrx_word' id='word_1_30' title='bbox 1273 779 1341 851; x_wconf 86' lang='lat' dir='ltr'><strong>cst,</strong></span> <span class='ocrx_word' id='word_1_31' title='bbox 1367 778 1404 836; x_wconf 84' lang='lat' dir='ltr'><strong>ut</strong></span> 
     </span>
     <span class='ocr_line' id='line_1_5' title="bbox 213 875 1404 965; baseline -0.002 -20"><span class='ocrx_word' id='word_1_32' title='bbox 213 898 254 945; x_wconf 91' lang='lat' dir='ltr'><strong>ne</strong></span> <span class='ocrx_word' id='word_1_33' title='bbox 277 878 409 946; x_wconf 85' lang='lat' dir='ltr'><strong>Graecis</strong></span> <span class='ocrx_word' id='word_1_34' title='bbox 433 876 619 943; x_wconf 87' lang='lat' dir='ltr'><strong>hominibus</strong></span> <span class='ocrx_word' id='word_1_35' title='bbox 638 875 783 944; x_wconf 91' lang='lat' dir='ltr'><strong>inaudita</strong></span> <span class='ocrx_word' id='word_1_36' title='bbox 805 877 960 944; x_wconf 85' lang='lat' dir='ltr'><strong>llomanis</strong></span> <span class='ocrx_word' id='word_1_37' title='bbox 979 877 1156 944; x_wconf 76' lang='lat' dir='ltr'><strong>adscribas.</strong></span> <span class='ocrx_word' id='word_1_38' title='bbox 1191 876 1271 943; x_wconf 89' lang='lat' dir='ltr'><strong>Nam</strong></span> <span class='ocrx_word' id='word_1_39' title='bbox 1292 896 1404 965; x_wconf 89' lang='lat' dir='ltr'><strong>quam·</strong></span> 
     </span>
     <span class='ocr_line' id='line_1_6' title="bbox 213 982 1405 1071; baseline -0.003 -21"><span class='ocrx_word' id='word_1_40' title='bbox 213 985 263 1051; x_wconf 81' lang='lat' dir='ltr'><strong>ris</strong></span> <span class='ocrx_word' id='word_1_41' title='bbox 298 984 421 1051; x_wconf 88' lang='lat' dir='ltr'><strong>Graeca</strong></span> <span class='ocrx_word' id='word_1_42' title='bbox 457 1004 519 1049; x_wconf 89' lang='lat' dir='ltr'><strong>non</strong></span> <span class='ocrx_word' id='word_1_43' title='bbox 554 1003 681 1071; x_wconf 78' lang='lat' dir='ltr'>semper</span> <span class='ocrx_word' id='word_1_44' title='bbox 711 985 851 1070; x_wconf 81' lang='lat' dir='ltr'><strong>optimae</strong></span> <span class='ocrx_word' id='word_1_45' title='bbox 883 993 976 1050; x_wconf 87' lang='lat' dir='ltr'><strong>notae</strong></span> <span class='ocrx_word' id='word_1_46' title='bbox 1007 993 1132 1062; x_wconf 86' lang='lat' dir='ltr'><strong>essent,</strong></span> <span class='ocrx_word' id='word_1_47' title='bbox 1163 1003 1246 1071; x_wconf 87' lang='lat' dir='ltr'><strong>quae</strong></span> <span class='ocrx_word' id='word_1_48' title='bbox 1280 982 1405 1050; x_wconf 85' lang='lat' dir='ltr'><strong>Latinis</strong></span> 
     </span>
     <span class='ocr_line' id='line_1_7' title="bbox 213 1080 1404 1179; baseline -0.003 -22"><span class='ocrx_word' id='word_1_49' title='bbox 213 1080 622 1179; x_wconf 54' lang='lat' dir='ltr'><strong>adspergerent&#39;llomann</strong></span> <span class='ocrx_word' id='word_1_50' title='bbox 648 1097 681 1156; x_wconf 86' lang='lat' dir='ltr'><strong>et</strong></span> <span class='ocrx_word' id='word_1_51' title='bbox 704 1089 861 1176; x_wconf 84' lang='lat' dir='ltr'><strong>quaedam</strong></span> <span class='ocrx_word' id='word_1_52' title='bbox 887 1091 1005 1158; x_wconf 87' lang='lat' dir='ltr'><strong>Graeca</strong></span> <span class='ocrx_word' id='word_1_53' title='bbox 1029 1089 1183 1157; x_wconf 80' lang='lat' dir='ltr'><strong>uocabula</strong></span> <span class='ocrx_word' id='word_1_54' title='bbox 1207 1089 1247 1156; x_wconf 83' lang='lat' dir='ltr'><strong>alr</strong></span> <span class='ocrx_word' id='word_1_55' title='bbox 1270 1089 1311 1156; x_wconf 90' lang='lat' dir='ltr'><strong>iis</strong></span> <span class='ocrx_word' id='word_1_56' title='bbox 1332 1108 1404 1155; x_wconf 91' lang='lat' dir='ltr'><strong>sus·</strong></span> 
     </span>
     <span class='ocr_line' id='line_1_8' title="bbox 214 1195 1404 1286; baseline -0.004 -21"><span class='ocrx_word' id='word_1_57' title='bbox 214 1218 277 1286; x_wconf 85' lang='lat' dir='ltr'><strong>quc</strong></span> <span class='ocrx_word' id='word_1_58' title='bbox 311 1197 415 1284; x_wconf 88' lang='lat' dir='ltr'><strong>deque</strong></span> <span class='ocrx_word' id='word_1_59' title='bbox 444 1196 556 1263; x_wconf 89' lang='lat' dir='ltr'><strong>habita</strong></span> <span class='ocrx_word' id='word_1_60' title='bbox 586 1197 652 1262; x_wconf 89' lang='lat' dir='ltr'><strong>sint</strong></span> <span class='ocrx_word' id='word_1_61' title='bbox 686 1195 844 1285; x_wconf 82' lang='lat' dir='ltr'><strong>(salerno,</strong></span> <span class='ocrx_word' id='word_1_62' title='bbox 877 1217 929 1271; x_wconf 84' lang='lat' dir='ltr'><strong>cc.</strong></span> <span class='ocrx_word' id='word_1_63' title='bbox 961 1196 1146 1285; x_wconf 80' lang='lat' dir='ltr'><strong>protlrpmc‚</strong></span> <span class='ocrx_word' id='word_1_64' title='bbox 1179 1195 1266 1285; x_wconf 87' lang='lat' dir='ltr'><strong>all),</strong></span> <span class='ocrx_word' id='word_1_65' title='bbox 1296 1203 1404 1262; x_wconf 88' lang='lat' dir='ltr'><strong>tamen</strong></span> 
     </span>
     <span class='ocr_line' id='line_1_9' title="bbox 215 1285 1406 1386; baseline -0.004 -15"><span class='ocrx_word' id='word_1_66' title='bbox 215 1324 280 1371; x_wconf 91' lang='lat' dir='ltr'><strong>non</strong></span> <span class='ocrx_word' id='word_1_67' title='bbox 304 1311 374 1370; x_wconf 91' lang='lat' dir='ltr'><strong>crat</strong></span> <span class='ocrx_word' id='word_1_68' title='bbox 398 1301 619 1370; x_wconf 88' lang='lat' dir='ltr'><strong>admittendus</strong></span> <span class='ocrx_word' id='word_1_69' title='bbox 643 1302 850 1370; x_wconf 82' lang='lat' dir='ltr'><strong>accusativus</strong></span> <span class='ocrx_word' id='word_1_70' title='bbox 872 1303 977 1385; x_wconf 79' lang='grc' dir='ltr'><em>Τυρών</em></span> <span class='ocrx_word' id='word_1_71' title='bbox 1000 1327 1022 1369; x_wconf 82' lang='lat' dir='ltr'><strong>c</strong></span> <span class='ocrx_word' id='word_1_72' title='bbox 1043 1285 1133 1386; x_wconf 72' lang='grc' dir='ltr'><strong>Τυρώ</strong></span> <span class='ocrx_word' id='word_1_73' title='bbox 1158 1301 1258 1370; x_wconf 83' lang='lat' dir='ltr'><strong>XVll.</strong></span> <span class='ocrx_word' id='word_1_74' title='bbox 1283 1306 1322 1380; x_wconf 79' lang='lat'><strong>3,</strong></span> <span class='ocrx_word' id='word_1_75' title='bbox 1348 1320 1406 1367; x_wconf 89' lang='lat' dir='ltr'><strong>neo</strong></span> 
     </span>
     <span class='ocr_line' id='line_1_10' title="bbox 215 1406 1409 1495; baseline -0.005 -19"><span class='ocrx_word' id='word_1_76' title='bbox 215 1429 334 1477; x_wconf 85' lang='lat' dir='ltr'><strong>nouum</strong></span> <span class='ocrx_word' id='word_1_77' title='bbox 372 1407 561 1475; x_wconf 82' lang='lat' dir='ltr'><strong>uocabulum</strong></span> <span class='ocrx_word' id='word_1_78' title='bbox 594 1407 740 1484; x_wconf 66' lang='lat' dir='ltr'><strong>edaciter</strong></span> <span class='ocrx_word' id='word_1_79' title='bbox 771 1407 894 1475; x_wconf 86' lang='lat' dir='ltr'><strong>Lucilio</strong></span> <span class='ocrx_word' id='word_1_80' title='bbox 918 1408 1175 1486; x_wconf 85' lang='lat' dir='ltr'><strong>obtrudendunr,</strong></span> <span class='ocrx_word' id='word_1_81' title='bbox 1199 1406 1284 1495; x_wconf 91' lang='lat' dir='ltr'><strong>quod</strong></span> <span class='ocrx_word' id='word_1_82' title='bbox 1309 1406 1409 1471; x_wconf 92' lang='lat' dir='ltr'><strong>nimi·</strong></span> 
     </span>
     <span class='ocr_line' id='line_1_11' title="bbox 215 1512 1406 1603; baseline -0.003 -21"><span class='ocrx_word' id='word_1_83' title='bbox 215 1536 289 1582; x_wconf 86' lang='lat' dir='ltr'><strong>rum</strong></span> <span class='ocrx_word' id='word_1_84' title='bbox 314 1513 476 1602; x_wconf 82' lang='lat' dir='ltr'><strong>significet</strong></span> <span class='ocrx_word' id='word_1_85' title='bbox 500 1514 698 1602; x_wconf 79' lang='lat' dir='ltr'><strong>splendidum</strong></span> <span class='ocrx_word' id='word_1_86' title='bbox 723 1513 780 1582; x_wconf 86' lang='lat' dir='ltr'><strong>Xl.</strong></span> <span class='ocrx_word' id='word_1_87' title='bbox 811 1515 1012 1602; x_wconf 67' lang='lat' dir='ltr'><strong>ruperant</strong></span> <span class='ocrx_word' id='word_1_88' title='bbox 1035 1523 1127 1603; x_wconf 89' lang='lat' dir='ltr'><strong>pater</strong></span> <span class='ocrx_word' id='word_1_89' title='bbox 1147 1512 1406 1580; x_wconf 82' lang='lat' dir='ltr'><strong>lruiu&#39;l‘anaeti&#39;’</strong></span> 
     </span>
     <span class='ocr_line' id='line_1_12' title="bbox 215 1619 1289 1711; baseline -0.004 -22"><span class='ocrx_word' id='word_1_90' title='bbox 215 1622 420 1689; x_wconf 88' lang='lat' dir='ltr'><strong>conieceram</strong></span> <span class='ocrx_word' id='word_1_91' title='bbox 445 1621 529 1686; x_wconf 89' lang='lat' dir='ltr'><strong>coni.</strong></span> <span class='ocrx_word' id='word_1_92' title='bbox 553 1620 593 1688; x_wconf 90' lang='lat' dir='ltr'><strong>ll.</strong></span> <span class='ocrx_word' id='word_1_93' title='bbox 620 1623 690 1711; x_wconf 73' lang='lat'><strong>59).</strong></span> <span class='ocrx_word' id='word_1_94' title='bbox 727 1620 824 1687; x_wconf 85' lang='lat' dir='ltr'><strong>Libro</strong></span> <span class='ocrx_word' id='word_1_95' title='bbox 848 1620 917 1703; x_wconf 72' lang='lat' dir='ltr'><strong>xx.</strong></span> <span class='ocrx_word' id='word_1_96' title='bbox 943 1623 962 1686; x_wconf 81' lang='lat'><strong>4</strong></span> <span class='ocrx_word' id='word_1_97' title='bbox 987 1621 1119 1708; x_wconf 84' lang='lat' dir='ltr'><strong>scripsit</strong></span> <span class='ocrx_word' id='word_1_98' title='bbox 1142 1619 1202 1687; x_wconf 75' lang='lat' dir='ltr'><strong>ll:</strong></span> <span class='ocrx_word' id='word_1_99' title='bbox 1283 1660 1289 1665; x_wconf 88' lang='lat'><em>·</em></span> 
     </span>
     <span class='ocr_line' id='line_1_13' title="bbox 330 1723 1278 1815; baseline -0.003 -21"><span class='ocrx_word' id='word_1_100' title='bbox 330 1726 546 1815; x_wconf 90' lang='lat' dir='ltr'><strong>pulmentaria</strong></span> <span class='ocrx_word' id='word_1_101' title='bbox 569 1735 601 1794; x_wconf 90' lang='lat' dir='ltr'><strong>et</strong></span> <span class='ocrx_word' id='word_1_102' title='bbox 625 1726 760 1794; x_wconf 86' lang='lat' dir='ltr'><strong>intubus</strong></span> <span class='ocrx_word' id='word_1_103' title='bbox 783 1735 841 1793; x_wconf 87' lang='lat' dir='ltr'><strong>aut</strong></span> <span class='ocrx_word' id='word_1_104' title='bbox 864 1727 971 1814; x_wconf 90' lang='lat' dir='ltr'><strong>aliqua</strong></span> <span class='ocrx_word' id='word_1_105' title='bbox 997 1724 1029 1792; x_wconf 90' lang='lat' dir='ltr'><strong>id</strong></span> <span class='ocrx_word' id='word_1_106' title='bbox 1053 1739 1156 1812; x_wconf 79' lang='lat' dir='ltr'><strong>genua</strong></span> <span class='ocrx_word' id='word_1_107' title='bbox 1179 1723 1278 1792; x_wconf 85' lang='lat' dir='ltr'><strong>lrcrba</strong></span> 
     </span>
    </p>

    <p class='ocr_par' dir='ltr' id='par_1_3' title="bbox 215 1829 1488 3280">
     <span class='ocr_line' id='line_1_14' title="bbox 265 1829 1373 1922; baseline -0.002 -23"><span class='ocrx_word' id='word_1_108' title='bbox 265 1847 268 1853; x_wconf 83' lang='grc'><strong>’</strong></span> <span class='ocrx_word' id='word_1_109' title='bbox 329 1834 437 1899; x_wconf 88' lang='lat' dir='ltr'><strong>etius</strong></span> <span class='ocrx_word' id='word_1_110' title='bbox 462 1852 631 1899; x_wconf 85' lang='lat' dir='ltr'><strong>menarum</strong></span> <span class='ocrx_word' id='word_1_111' title='bbox 657 1833 737 1900; x_wconf 85' lang='lat' dir='ltr'><strong>bene</strong></span> <span class='ocrx_word' id='word_1_112' title='bbox 759 1832 875 1912; x_wconf 84' lang='lat' dir='ltr'><strong>habet,</strong></span> <span class='ocrx_word' id='word_1_113' title='bbox 899 1834 945 1901; x_wconf 86' lang='lat' dir='ltr'><strong>sci</strong></span> <span class='ocrx_word' id='word_1_114' title='bbox 968 1832 1128 1922; x_wconf 76' lang='lat' dir='ltr'><strong>myctyris</strong></span> <span class='ocrx_word' id='word_1_115' title='bbox 1152 1829 1230 1898; x_wconf 88' lang='lat' dir='ltr'><strong>haec</strong></span> <span class='ocrx_word' id='word_1_116' title='bbox 1254 1838 1313 1899; x_wconf 81' lang='lat' dir='ltr'><strong>est.</strong></span> <span class='ocrx_word' id='word_1_117' title='bbox 1369 1876 1373 1883; x_wconf 61' lang='grc'><strong>»</strong></span> 
     </span>
     <span class='ocr_line' id='line_1_15' title="bbox 217 1935 1409 2027; baseline -0.004 -20"><span class='ocrx_word' id='word_1_118' title='bbox 217 1939 253 2007; x_wconf 93' lang='lat' dir='ltr'><strong>ln</strong></span> <span class='ocrx_word' id='word_1_119' title='bbox 285 1949 413 2008; x_wconf 80' lang='lat' dir='ltr'><strong>annot:</strong></span> <span class='ocrx_word' id='word_1_120' title='bbox 445 1939 610 2027; x_wconf 80' lang='lat' dir='ltr'><strong>»myctirir</strong></span> <span class='ocrx_word' id='word_1_121' title='bbox 641 1941 704 2007; x_wconf 76' lang='lat' dir='ltr'><strong>alul</strong></span> <span class='ocrx_word' id='word_1_122' title='bbox 736 1945 790 2007; x_wconf 75' lang='lat' dir='ltr'><strong>roi</strong></span> <span class='ocrx_word' id='word_1_123' title='bbox 813 1939 943 2021; x_wconf 77' lang='grc' dir='ltr'><strong><em>μύσσειν</em></strong></span> <span class='ocrx_word' id='word_1_124' title='bbox 977 1938 1072 2027; x_wconf 88' lang='lat' dir='ltr'><strong>[sic];</strong></span> <span class='ocrx_word' id='word_1_125' title='bbox 1099 1957 1296 2025; x_wconf 88' lang='lat' dir='ltr'><strong>quamquam</strong></span> <span class='ocrx_word' id='word_1_126' title='bbox 1321 1935 1409 2004; x_wconf 90' lang='lat' dir='ltr'><strong>aliud</strong></span> 
     </span>
     <span class='ocr_line' id='line_1_16' title="bbox 217 2042 1407 2134; baseline -0.005 -20"><span class='ocrx_word' id='word_1_127' title='bbox 217 2047 315 2114; x_wconf 88' lang='lat' dir='ltr'><strong>huius</strong></span> <span class='ocrx_word' id='word_1_128' title='bbox 352 2044 496 2113; x_wconf 84' lang='lat' dir='ltr'><strong>vocabuli</strong></span> <span class='ocrx_word' id='word_1_129' title='bbox 534 2045 717 2134; x_wconf 77' lang='lat' dir='ltr'><strong>eucarpium</strong></span> <span class='ocrx_word' id='word_1_130' title='bbox 755 2066 818 2112; x_wconf 90' lang='lat' dir='ltr'><strong>non</strong></span> <span class='ocrx_word' id='word_1_131' title='bbox 854 2045 915 2112; x_wconf 88' lang='lat' dir='ltr'><strong>luit</strong></span> <span class='ocrx_word' id='word_1_132' title='bbox 949 2045 1136 2132; x_wconf 54' lang='lat' dir='ltr'><strong>paratum&amp;</strong></span> <span class='ocrx_word' id='word_1_133' title='bbox 1181 2042 1249 2109; x_wconf 86' lang='lat' dir='ltr'><strong>Non</strong></span> <span class='ocrx_word' id='word_1_134' title='bbox 1283 2043 1407 2122; x_wconf 90' lang='lat' dir='ltr'><strong>miror;</strong></span> 
     </span>
     <span class='ocr_line' id='line_1_17' title="bbox 216 2138 1488 2240; baseline -0.006 -18"><span class='ocrx_word' id='word_1_135' title='bbox 216 2155 347 2236; x_wconf 73' lang='grc' dir='ltr'><strong><em>μύσσειν</em></strong></span> <span class='ocrx_word' id='word_1_136' title='bbox 367 2154 399 2218; x_wconf 91' lang='lat' dir='ltr'><strong>in</strong></span> <span class='ocrx_word' id='word_1_137' title='bbox 420 2151 613 2234; x_wconf 66' lang='lat' dir='ltr'><strong>arontam</strong></span> <span class='ocrx_word' id='word_1_138' title='bbox 632 2160 682 2219; x_wconf 88' lang='lat' dir='ltr'><strong>est</strong></span> <span class='ocrx_word' id='word_1_139' title='bbox 701 2152 899 2240; x_wconf 81' lang='lat' dir='ltr'><strong>clrtcrpcrc3</strong></span> <span class='ocrx_word' id='word_1_140' title='bbox 923 2150 979 2219; x_wconf 87' lang='lat' dir='ltr'><strong>sed</strong></span> <span class='ocrx_word' id='word_1_141' title='bbox 1001 2150 1120 2228; x_wconf 85' lang='lat' dir='ltr'><strong>voluit,</strong></span> <span class='ocrx_word' id='word_1_142' title='bbox 1140 2151 1270 2238; x_wconf 90' lang='lat' dir='ltr'><strong>opinor,</strong></span> <span class='ocrx_word' id='word_1_143' title='bbox 1288 2147 1410 2232; x_wconf 76' lang='grc' dir='ltr'><strong>μύζειν,</strong></span> <span class='ocrx_word' id='word_1_144' title='bbox 1484 2138 1488 2142; x_wconf 41' lang='grc'><em>”</em></span> 
     </span>
     <span class='ocr_line' id='line_1_18' title="bbox 217 2256 1412 2342; baseline -0.007 -13"><span class='ocrx_word' id='word_1_145' title='bbox 217 2259 303 2329; x_wconf 85' lang='lat' dir='ltr'><strong>unde</strong></span> <span class='ocrx_word' id='word_1_146' title='bbox 334 2260 476 2342; x_wconf 78' lang='grc' dir='ltr'><strong><em>μυκτήρ,</em></strong></span> <span class='ocrx_word' id='word_1_147' title='bbox 509 2259 723 2342; x_wconf 71' lang='grc' dir='ltr'><strong>μυκτηρίζειν,</strong></span> <span class='ocrx_word' id='word_1_148' title='bbox 756 2257 933 2342; x_wconf 51' lang='lat' dir='ltr'><strong>pauxillam,</strong></span> <span class='ocrx_word' id='word_1_149' title='bbox 965 2256 1206 2341; x_wconf 70' lang='grc' dir='ltr'><strong><em>ὥπομυκτίζειν,</em></strong></span> <span class='ocrx_word' id='word_1_150' title='bbox 1240 2277 1315 2322; x_wconf 79' lang='lat' dir='ltr'><strong>noro</strong></span> <span class='ocrx_word' id='word_1_151' title='bbox 1345 2277 1412 2321; x_wconf 79' lang='lat' dir='ltr'><strong>rur·</strong></span> 
     </span>
     <span class='ocr_line' id='line_1_19' title="bbox 215 2362 1411 2456; baseline -0.003 -23"><span class='ocrx_word' id='word_1_152' title='bbox 215 2367 351 2456; x_wconf 75' lang='lat' dir='ltr'><strong>pendere</strong></span> <span class='ocrx_word' id='word_1_153' title='bbox 374 2366 503 2432; x_wconf 81' lang='lat' dir='ltr'><strong>adunco.</strong></span> <span class='ocrx_word' id='word_1_154' title='bbox 553 2363 756 2431; x_wconf 74' lang='lat' dir='ltr'><strong>Adiectivum</strong></span> <span class='ocrx_word' id='word_1_155' title='bbox 781 2366 929 2449; x_wconf 74' lang='lat' dir='ltr'><strong>pauruplr</strong></span> <span class='ocrx_word' id='word_1_156' title='bbox 955 2363 1003 2431; x_wconf 86' lang='lat' dir='ltr'><strong>vel</strong></span> <span class='ocrx_word' id='word_1_157' title='bbox 1026 2385 1218 2446; x_wconf 70' lang='lat' dir='ltr'><strong>pueram:</strong></span> <span class='ocrx_word' id='word_1_158' title='bbox 1239 2362 1411 2430; x_wconf 67' lang='lat' dir='ltr'><strong>contundo</strong></span> 
     </span>
     <span class='ocr_line' id='line_1_20' title="bbox 218 2467 1411 2557; baseline -0.005 -17"><span class='ocrx_word' id='word_1_159' title='bbox 218 2493 277 2541; x_wconf 92' lang='lat' dir='ltr'><strong>nec</strong></span> <span class='ocrx_word' id='word_1_160' title='bbox 318 2473 460 2548; x_wconf 80' lang='lat' dir='ltr'><strong>exstitit,</strong></span> <span class='ocrx_word' id='word_1_161' title='bbox 494 2490 554 2539; x_wconf 91' lang='lat' dir='ltr'><strong>nec</strong></span> <span class='ocrx_word' id='word_1_162' title='bbox 583 2480 712 2537; x_wconf 85' lang='lat' dir='ltr'><strong>exstare</strong></span> <span class='ocrx_word' id='word_1_163' title='bbox 742 2479 858 2557; x_wconf 88' lang='lat' dir='ltr'><strong>potest.</strong></span> <span class='ocrx_word' id='word_1_164' title='bbox 906 2469 1074 2557; x_wconf 79' lang='lat' dir='ltr'><strong>Explicat:</strong></span> <span class='ocrx_word' id='word_1_165' title='bbox 1107 2469 1156 2534; x_wconf 81' lang='lat' dir='ltr'><strong>»si</strong></span> <span class='ocrx_word' id='word_1_166' title='bbox 1183 2467 1270 2535; x_wconf 89' lang='lat' dir='ltr'><strong>hunc</strong></span> <span class='ocrx_word' id='word_1_167' title='bbox 1301 2468 1411 2535; x_wconf 89' lang='lat' dir='ltr'><strong>cibum</strong></span> 
     </span>
     <span class='ocr_line' id='line_1_21' title="bbox 219 2575 1412 2665; baseline 0.001 -25"><span class='ocrx_word' id='word_1_168' title='bbox 219 2578 317 2646; x_wconf 87' lang='lat' dir='ltr'><strong>vilem</strong></span> <span class='ocrx_word' id='word_1_169' title='bbox 355 2576 514 2665; x_wconf 86' lang='lat' dir='ltr'><strong>putatis.‘&#39;</strong></span> <span class='ocrx_word' id='word_1_170' title='bbox 549 2575 605 2664; x_wconf 87' lang='lat' dir='ltr'><strong>(cl.</strong></span> <span class='ocrx_word' id='word_1_171' title='bbox 640 2575 727 2642; x_wconf 77' lang='lat' dir='ltr'><strong>doni.</strong></span> <span class='ocrx_word' id='word_1_172' title='bbox 760 2576 801 2643; x_wconf 88' lang='lat' dir='ltr'><strong>lt.</strong></span> <span class='ocrx_word' id='word_1_173' title='bbox 840 2576 908 2663; x_wconf 80' lang='lat' dir='ltr'><strong>aa).</strong></span> <span class='ocrx_word' id='word_1_174' title='bbox 943 2575 1104 2642; x_wconf 77' lang='lat' dir='ltr'><strong>Martinus</strong></span> <span class='ocrx_word' id='word_1_175' title='bbox 1133 2575 1154 2640; x_wconf 88' lang='lat' dir='ltr'><strong>i.</strong></span> <span class='ocrx_word' id='word_1_176' title='bbox 1179 2594 1208 2641; x_wconf 85' lang='lat' dir='ltr'><strong>e.</strong></span> <span class='ocrx_word' id='word_1_177' title='bbox 1234 2576 1412 2655; x_wconf 71' lang='grc' dir='ltr'><strong>μαστιγίας</strong></span> 
     </span>
     <span class='ocr_line' id='line_1_22' title="bbox 219 2679 1413 2770; baseline -0.006 -17"><span class='ocrx_word' id='word_1_178' title='bbox 219 2684 335 2753; x_wconf 79' lang='lat' dir='ltr'><strong>xxvt.</strong></span> <span class='ocrx_word' id='word_1_179' title='bbox 370 2687 413 2750; x_wconf 80' lang='lat' dir='ltr'><strong>ut</strong></span> <span class='ocrx_word' id='word_1_180' title='bbox 447 2690 480 2749; x_wconf 89' lang='lat' dir='ltr'><strong>ct</strong></span> <span class='ocrx_word' id='word_1_181' title='bbox 510 2704 598 2750; x_wconf 86' lang='lat' dir='ltr'><strong>muco</strong></span> <span class='ocrx_word' id='word_1_182' title='bbox 631 2702 688 2770; x_wconf 92' lang='lat' dir='ltr'><strong>pro</strong></span> <span class='ocrx_word' id='word_1_183' title='bbox 718 2703 832 2769; x_wconf 81' lang='lat' dir='ltr'><strong>monpo</strong></span> <span class='ocrx_word' id='word_1_184' title='bbox 866 2681 995 2749; x_wconf 80' lang='lat' dir='ltr'><strong>XXVll.</strong></span> <span class='ocrx_word' id='word_1_185' title='bbox 1020 2685 1062 2747; x_wconf 79' lang='lat'><strong>28</strong></span> <span class='ocrx_word' id='word_1_186' title='bbox 1086 2700 1123 2746; x_wconf 85' lang='lat' dir='ltr'><strong>eo</strong></span> <span class='ocrx_word' id='word_1_187' title='bbox 1148 2680 1258 2746; x_wconf 88' lang='lat' dir='ltr'><strong>minus</strong></span> <span class='ocrx_word' id='word_1_188' title='bbox 1280 2679 1413 2746; x_wconf 83' lang='lat' dir='ltr'><strong>ferenda</strong></span> 
     </span>
     <span class='ocr_line' id='line_1_23' title="bbox 218 2784 1413 2877; baseline -0.005 -20"><span class='ocrx_word' id='word_1_189' title='bbox 218 2798 295 2858; x_wconf 87' lang='lat' dir='ltr'><strong>suut</strong></span> <span class='ocrx_word' id='word_1_190' title='bbox 330 2789 414 2877; x_wconf 89' lang='lat' dir='ltr'><strong>quod</strong></span> <span class='ocrx_word' id='word_1_191' title='bbox 450 2789 473 2855; x_wconf 85' lang='lat' dir='ltr'><strong>(l</strong></span> <span class='ocrx_word' id='word_1_192' title='bbox 503 2797 536 2855; x_wconf 89' lang='lat' dir='ltr'><strong>et</strong></span> <span class='ocrx_word' id='word_1_193' title='bbox 566 2788 592 2856; x_wconf 82' lang='lat' dir='ltr'><strong>G</strong></span> <span class='ocrx_word' id='word_1_194' title='bbox 624 2787 812 2875; x_wconf 80' lang='lat' dir='ltr'><strong>frequenter</strong></span> <span class='ocrx_word' id='word_1_195' title='bbox 842 2794 1087 2854; x_wconf 84' lang='lat' dir='ltr'><strong>commntantur</strong></span> <span class='ocrx_word' id='word_1_196' title='bbox 1116 2794 1154 2851; x_wconf 91' lang='lat' dir='ltr'><strong>ut</strong></span> <span class='ocrx_word' id='word_1_197' title='bbox 1187 2784 1326 2852; x_wconf 74' lang='lat' dir='ltr'><strong>lllllltlll</strong></span> <span class='ocrx_word' id='word_1_198' title='bbox 1355 2805 1413 2873; x_wconf 91' lang='lat' dir='ltr'><strong>pro</strong></span> 
     </span>
     <span class='ocr_line' id='line_1_24' title="bbox 219 2890 1412 2982; baseline -0.007 -19"><span class='ocrx_word' id='word_1_199' title='bbox 219 2896 377 2974; x_wconf 81' lang='lat' dir='ltr'><strong>REGUll,</strong></span> <span class='ocrx_word' id='word_1_200' title='bbox 409 2894 628 2963; x_wconf 73' lang='lat' dir='ltr'><strong>CONGERAE</strong></span> <span class='ocrx_word' id='word_1_201' title='bbox 655 2892 969 2982; x_wconf 68' lang='lat' dir='ltr'><strong>proculianum.</strong></span> <span class='ocrx_word' id='word_1_202' title='bbox 1019 2892 1127 2959; x_wconf 80' lang='lat' dir='ltr'><strong>Olorti</strong></span> <span class='ocrx_word' id='word_1_203' title='bbox 1151 2892 1257 2981; x_wconf 81' lang='lat' dir='ltr'><strong>(corti)</strong></span> <span class='ocrx_word' id='word_1_204' title='bbox 1282 2890 1412 2959; x_wconf 79' lang='lat' dir='ltr'><strong>XXVII.</strong></span> 
     </span>
     <span class='ocr_line' id='line_1_25' title="bbox 220 2997 1414 3090; baseline -0.002 -23"><span class='ocrx_word' id='word_1_205' title='bbox 220 3004 262 3067; x_wconf 80' lang='lat'><strong>46</strong></span> <span class='ocrx_word' id='word_1_206' title='bbox 286 3011 476 3090; x_wconf 90' lang='lat' dir='ltr'><strong>corruptum</strong></span> <span class='ocrx_word' id='word_1_207' title='bbox 504 3009 580 3088; x_wconf 88' lang='lat' dir='ltr'><strong>puto</strong></span> <span class='ocrx_word' id='word_1_208' title='bbox 604 3020 643 3068; x_wconf 85' lang='lat' dir='ltr'><strong>ex</strong></span> <span class='ocrx_word' id='word_1_209' title='bbox 665 3010 789 3081; x_wconf 82' lang='lat' dir='ltr'><strong>curtae,</strong></span> <span class='ocrx_word' id='word_1_210' title='bbox 810 2999 953 3084; x_wconf 68' lang='grc' dir='ltr'><strong>χάρτης,</strong></span> <span class='ocrx_word' id='word_1_211' title='bbox 975 3010 1012 3066; x_wconf 87' lang='lat' dir='ltr'><strong>ut</strong></span> <span class='ocrx_word' id='word_1_212' title='bbox 1032 3006 1081 3065; x_wconf 88' lang='lat' dir='ltr'><strong>cst</strong></span> <span class='ocrx_word' id='word_1_213' title='bbox 1102 2999 1133 3064; x_wconf 94' lang='lat' dir='ltr'><strong>in</strong></span> <span class='ocrx_word' id='word_1_214' title='bbox 1155 2997 1414 3066; x_wconf 86' lang='lat' dir='ltr'><strong>lemmateNonii</strong></span> 
     </span>
     <span class='ocr_line' id='line_1_26' title="bbox 222 3103 1414 3192; baseline -0.001 -20"><span class='ocrx_word' id='word_1_215' title='bbox 222 3112 297 3175; x_wconf 88' lang='grc'><strong>196.</strong></span> <span class='ocrx_word' id='word_1_216' title='bbox 327 3113 385 3175; x_wconf 85' lang='grc'><strong>17;</strong></span> <span class='ocrx_word' id='word_1_217' title='bbox 409 3107 463 3173; x_wconf 87' lang='lat' dir='ltr'><strong>ubi</strong></span> <span class='ocrx_word' id='word_1_218' title='bbox 484 3129 566 3173; x_wconf 83' lang='lat' dir='ltr'><strong>nunc</strong></span> <span class='ocrx_word' id='word_1_219' title='bbox 598 3106 749 3174; x_wconf 84' lang='lat' dir='ltr'><strong>Socratici</strong></span> <span class='ocrx_word' id='word_1_220' title='bbox 772 3106 918 3182; x_wconf 73' lang='lat' dir='ltr'><strong>adortae:</strong></span> <span class='ocrx_word' id='word_1_221' title='bbox 941 3105 1066 3173; x_wconf 87' lang='lat' dir='ltr'><strong>librarii</strong></span> <span class='ocrx_word' id='word_1_222' title='bbox 1089 3105 1255 3192; x_wconf 86' lang='lat' dir='ltr'><strong>superiore</strong></span> <span class='ocrx_word' id='word_1_223' title='bbox 1278 3104 1331 3171; x_wconf 94' lang='lat' dir='ltr'><strong>illo</strong></span> <span class='ocrx_word' id='word_1_224' title='bbox 1355 3103 1414 3171; x_wconf 88' lang='lat' dir='ltr'><strong>So·</strong></span> 
     </span>
     <span class='ocr_line' id='line_1_27' title="bbox 218 3211 820 3280; baseline 0.002 -1"><span class='ocrx_word' id='word_1_225' title='bbox 218 3214 328 3280; x_wconf 86' lang='lat' dir='ltr'><strong>cratim</strong></span> <span class='ocrx_word' id='word_1_226' title='bbox 353 3214 388 3279; x_wconf 94' lang='lat' dir='ltr'><strong>in</strong></span> <span class='ocrx_word' id='word_1_227' title='bbox 411 3232 554 3279; x_wconf 88' lang='lat' dir='ltr'><strong>errorem</strong></span> <span class='ocrx_word' id='word_1_228' title='bbox 577 3211 707 3280; x_wconf 89' lang='lat' dir='ltr'><strong>inducti</strong></span> <span class='ocrx_word' id='word_1_229' title='bbox 731 3223 820 3280; x_wconf 90' lang='lat' dir='ltr'><strong>sunt.</strong></span> 
     </span>
    </p>

    <p class='ocr_par' dir='ltr' id='par_1_4' title="bbox 267 3317 1415 3408">
     <span class='ocr_line' id='line_1_28' title="bbox 267 3317 1415 3408; baseline -0.002 -23"><span class='ocrx_word' id='word_1_230' title='bbox 267 3318 503 3406; x_wconf 76' lang='lat' dir='ltr'><strong>»Frequentem</strong></span> <span class='ocrx_word' id='word_1_231' title='bbox 537 3318 725 3408; x_wconf 79' lang='lat' dir='ltr'><strong>asyndctis”</strong></span> <span class='ocrx_word' id='word_1_232' title='bbox 757 3320 917 3387; x_wconf 83' lang='lat' dir='ltr'><strong>Lucilium</strong></span> <span class='ocrx_word' id='word_1_233' title='bbox 948 3317 1027 3386; x_wconf 90' lang='lat' dir='ltr'><strong>dicit</strong></span> <span class='ocrx_word' id='word_1_234' title='bbox 1058 3319 1099 3385; x_wconf 88' lang='lat' dir='ltr'><strong>ll.</strong></span> <span class='ocrx_word' id='word_1_235' title='bbox 1130 3326 1187 3384; x_wconf 77' lang='lat' dir='ltr'><strong>»ut</strong></span> <span class='ocrx_word' id='word_1_236' title='bbox 1210 3337 1322 3386; x_wconf 86' lang='lat' dir='ltr'><strong>omncs</strong></span> <span class='ocrx_word' id='word_1_237' title='bbox 1347 3317 1415 3407; x_wconf 86' lang='lat' dir='ltr'><strong>pri·</strong></span> 
     </span>
    </p>
   </div>
   <div class='ocr_carea' id='block_1_3' title="bbox 219 3422 1543 3513">
    <p class='ocr_par' dir='ltr' id='par_1_5' title="bbox 219 3422 1543 3513">
     <span class='ocr_line' id='line_1_29' title="bbox 219 3422 1543 3513; baseline 0.002 -21"><span class='ocrx_word' id='word_1_238' title='bbox 219 3445 292 3492; x_wconf 86' lang='lat' dir='ltr'><strong>scos</strong></span> <span class='ocrx_word' id='word_1_239' title='bbox 317 3435 428 3513; x_wconf 88' lang='lat' dir='ltr'><strong>poetas</strong></span> <span class='ocrx_word' id='word_1_240' title='bbox 452 3424 605 3491; x_wconf 86' lang='lat' dir='ltr'><strong>Latinos”</strong></span> <span class='ocrx_word' id='word_1_241' title='bbox 631 3447 660 3512; x_wconf 87' lang='lat' dir='ltr'><strong>p.</strong></span> <span class='ocrx_word' id='word_1_242' title='bbox 688 3429 753 3492; x_wconf 71' lang='lat'><strong>202</strong></span> <span class='ocrx_word' id='word_1_243' title='bbox 778 3425 818 3492; x_wconf 89' lang='lat' dir='ltr'><strong>ad</strong></span> <span class='ocrx_word' id='word_1_244' title='bbox 843 3426 896 3492; x_wconf 91' lang='lat' dir='ltr'><strong>lll.</strong></span> <span class='ocrx_word' id='word_1_245' title='bbox 923 3431 944 3491; x_wconf 71' lang='lat' dir='ltr'><strong>i</strong></span> <span class='ocrx_word' id='word_1_246' title='bbox 968 3433 1004 3492; x_wconf 86' lang='lat' dir='ltr'><strong>ut</strong></span> <span class='ocrx_word' id='word_1_247' title='bbox 1024 3422 1190 3492; x_wconf 78' lang='lat' dir='ltr'><strong>deleniat:</strong></span> <span class='ocrx_word' id='word_1_248' title='bbox 1205 3475 1213 3493; x_wconf 89' lang='lat'><strong>.</strong></span> <span class='ocrx_word' id='word_1_249' title='bbox 1230 3477 1238 3491; x_wconf 92' lang='lat'><strong>.</strong></span> <span class='ocrx_word' id='word_1_250' title='bbox 1256 3477 1263 3493; x_wconf 91' lang='lat'><strong>.</strong></span> <span class='ocrx_word' id='word_1_251' title='bbox 1280 3476 1312 3493; x_wconf 89' lang='lat'><strong>..</strong></span> <span class='ocrx_word' id='word_1_252' title='bbox 1335 3425 1415 3492; x_wconf 75' lang='lat' dir='ltr'><strong>»lle</strong></span> <span class='ocrx_word' id='word_1_253' title='bbox 1536 3476 1543 3494; x_wconf 82' lang='grc'><strong><em>,</em></strong></span> 
     </span>
    </p>
   </div>
   <div class='ocr_carea' id='block_1_4' title="bbox 216 3530 1415 4579">
    <p class='ocr_par' dir='ltr' id='par_1_6' title="bbox 216 3530 1415 4579">
     <span class='ocr_line' id='line_1_30' title="bbox 219 3530 1415 3620; baseline 0.001 -24"><span class='ocrx_word' id='word_1_254' title='bbox 219 3532 295 3618; x_wconf 82' lang='lat' dir='ltr'><strong>gina</strong></span> <span class='ocrx_word' id='word_1_255' title='bbox 320 3530 445 3598; x_wconf 86' lang='lat' dir='ltr'><strong>videbis</strong></span> <span class='ocrx_word' id='word_1_256' title='bbox 466 3531 609 3610; x_wconf 83' lang='lat' dir='ltr'><strong>Moenia,</strong></span> <span class='ocrx_word' id='word_1_257' title='bbox 632 3540 703 3597; x_wconf 88' lang='lat' dir='ltr'><strong>tum</strong></span> <span class='ocrx_word' id='word_1_258' title='bbox 727 3531 878 3620; x_wconf 75' lang='lat' dir='ltr'><strong>liparas,</strong></span> <span class='ocrx_word' id='word_1_259' title='bbox 904 3531 1094 3599; x_wconf 86' lang='lat' dir='ltr'><strong>Phacelinae</strong></span> <span class='ocrx_word' id='word_1_260' title='bbox 1118 3530 1237 3618; x_wconf 87' lang='lat' dir='ltr'><strong>templa</strong></span> <span class='ocrx_word' id='word_1_261' title='bbox 1262 3531 1415 3610; x_wconf 84' lang='lat' dir='ltr'><strong>llianae&#39;’,</strong></span> 
     </span>
     <span class='ocr_line' id='line_1_31' title="bbox 219 3634 1414 3706; baseline -0.003 0"><span class='ocrx_word' id='word_1_262' title='bbox 219 3637 276 3706; x_wconf 90' lang='lat' dir='ltr'><strong>alii</strong></span> <span class='ocrx_word' id='word_1_263' title='bbox 308 3637 370 3704; x_wconf 79' lang='lat' dir='ltr'><strong>Pu.</strong></span> <span class='ocrx_word' id='word_1_264' title='bbox 402 3648 431 3704; x_wconf 85' lang='lat' dir='ltr'><strong>ct</strong></span> <span class='ocrx_word' id='word_1_265' title='bbox 462 3648 484 3704; x_wconf 88' lang='lat' dir='ltr'><strong>t.</strong></span> <span class='ocrx_word' id='word_1_266' title='bbox 514 3646 695 3704; x_wconf 84' lang='lat' dir='ltr'><strong>statuentes</strong></span> <span class='ocrx_word' id='word_1_267' title='bbox 728 3649 756 3705; x_wconf 84' lang='lat' dir='ltr'><strong>ct</strong></span> <span class='ocrx_word' id='word_1_268' title='bbox 780 3639 866 3704; x_wconf 89' lang='lat' dir='ltr'><strong>inter</strong></span> <span class='ocrx_word' id='word_1_269' title='bbox 889 3637 914 3704; x_wconf 84' lang='lat' dir='ltr'>E</span> <span class='ocrx_word' id='word_1_270' title='bbox 940 3646 971 3705; x_wconf 87' lang='lat' dir='ltr'><strong>et</strong></span> <span class='ocrx_word' id='word_1_271' title='bbox 996 3637 1022 3702; x_wconf 88' lang='grc' dir='ltr'><strong>Τ</strong></span> <span class='ocrx_word' id='word_1_272' title='bbox 1046 3635 1215 3704; x_wconf 87' lang='lat' dir='ltr'><strong>excidisse.</strong></span> <span class='ocrx_word' id='word_1_273' title='bbox 1263 3634 1326 3703; x_wconf 84' lang='lat' dir='ltr'><strong>Sed</strong></span> <span class='ocrx_word' id='word_1_274' title='bbox 1351 3655 1414 3702; x_wconf 92' lang='lat' dir='ltr'><strong>non</strong></span> 
     </span>
     <span class='ocr_line' id='line_1_32' title="bbox 220 3742 1415 3831; baseline -0.002 -21"><span class='ocrx_word' id='word_1_275' title='bbox 220 3743 422 3811; x_wconf 85' lang='lat' dir='ltr'><strong>demonstrat</strong></span> <span class='ocrx_word' id='word_1_276' title='bbox 455 3742 541 3831; x_wconf 88' lang='lat' dir='ltr'><strong>quod</strong></span> <span class='ocrx_word' id='word_1_277' title='bbox 572 3752 641 3809; x_wconf 89' lang='lat' dir='ltr'><strong>erat</strong></span> <span class='ocrx_word' id='word_1_278' title='bbox 673 3742 980 3823; x_wconf 85' lang='lat' dir='ltr'><strong>demonstrandum,</strong></span> <span class='ocrx_word' id='word_1_279' title='bbox 1013 3743 1046 3809; x_wconf 91' lang='lat' dir='ltr'><strong>in</strong></span> <span class='ocrx_word' id='word_1_280' title='bbox 1070 3742 1315 3810; x_wconf 85' lang='lat' dir='ltr'><strong>enumeratione</strong></span> <span class='ocrx_word' id='word_1_281' title='bbox 1345 3752 1415 3830; x_wconf 80' lang='lat' dir='ltr'><strong>post</strong></span> 
     </span>
     <span class='ocr_line' id='line_1_33' title="bbox 216 3846 1414 3939; baseline -0.003 -22"><span class='ocrx_word' id='word_1_282' title='bbox 216 3851 408 3939; x_wconf 84' lang='lat' dir='ltr'><strong>particulam</strong></span> <span class='ocrx_word' id='word_1_283' title='bbox 440 3870 500 3916; x_wconf 85' lang='lat' dir='ltr'><strong>run</strong></span> <span class='ocrx_word' id='word_1_284' title='bbox 529 3849 590 3916; x_wconf 87' lang='lat' dir='ltr'><strong>duo</strong></span> <span class='ocrx_word' id='word_1_285' title='bbox 614 3849 759 3917; x_wconf 88' lang='lat' dir='ltr'><strong>membra</strong></span> <span class='ocrx_word' id='word_1_286' title='bbox 784 3851 859 3937; x_wconf 90' lang='lat' dir='ltr'><strong>poni</strong></span> <span class='ocrx_word' id='word_1_287' title='bbox 883 3850 953 3918; x_wconf 84' lang='lat' dir='ltr'><strong>sinc</strong></span> <span class='ocrx_word' id='word_1_288' title='bbox 976 3850 1214 3919; x_wconf 86' lang='lat' dir='ltr'><strong>coniunctione.</strong></span> <span class='ocrx_word' id='word_1_289' title='bbox 1261 3846 1348 3914; x_wconf 89' lang='lat' dir='ltr'><strong>idem</strong></span> <span class='ocrx_word' id='word_1_290' title='bbox 1372 3847 1414 3914; x_wconf 90' lang='lat' dir='ltr'><strong>ad</strong></span> 
     </span>
     <span class='ocr_line' id='line_1_34' title="bbox 218 3953 1415 4043; baseline -0.001 -20"><span class='ocrx_word' id='word_1_291' title='bbox 218 3957 275 4023; x_wconf 89' lang='lat' dir='ltr'><strong>lll.</strong></span> <span class='ocrx_word' id='word_1_292' title='bbox 290 3961 353 4024; x_wconf 71' lang='lat'><strong>28:</strong></span> <span class='ocrx_word' id='word_1_293' title='bbox 382 3976 477 4023; x_wconf 78' lang='lat' dir='ltr'><strong>»nam</strong></span> <span class='ocrx_word' id='word_1_294' title='bbox 499 3955 561 4023; x_wconf 89' lang='lat' dir='ltr'><strong>mel</strong></span> <span class='ocrx_word' id='word_1_295' title='bbox 583 3955 770 4043; x_wconf 77' lang='lat' dir='ltr'><strong>regionibus</strong></span> <span class='ocrx_word' id='word_1_296' title='bbox 792 3955 855 4021; x_wconf 81' lang='lat' dir='ltr'><strong>illis</strong></span> <span class='ocrx_word' id='word_1_297' title='bbox 874 3954 1071 4022; x_wconf 88' lang='lat' dir='ltr'><strong>incrustatu&#39;</strong></span> <span class='ocrx_word' id='word_1_298' title='bbox 1090 3954 1191 4036; x_wconf 85' lang='lat' dir='ltr'><strong>calix,</strong></span> <span class='ocrx_word' id='word_1_299' title='bbox 1212 3954 1299 4021; x_wconf 89' lang='lat' dir='ltr'><strong>rutal</strong></span> <span class='ocrx_word' id='word_1_300' title='bbox 1313 3953 1415 4022; x_wconf 86' lang='lat' dir='ltr'><strong>caulis</strong></span> 
     </span>
     <span class='ocr_line' id='line_1_35' title="bbox 221 4059 1414 4152; baseline -0.002 -22"><span class='ocrx_word' id='word_1_301' title='bbox 221 4061 381 4130; x_wconf 85' lang='lat' dir='ltr'><strong>babctnr”</strong></span> <span class='ocrx_word' id='word_1_302' title='bbox 406 4060 603 4152; x_wconf 78' lang='lat' dir='ltr'><strong>asyndeton,</strong></span> <span class='ocrx_word' id='word_1_303' title='bbox 629 4063 754 4149; x_wconf 88' lang='lat' dir='ltr'><strong>inquit,</strong></span> <span class='ocrx_word' id='word_1_304' title='bbox 778 4060 1067 4148; x_wconf 79' lang='lat' dir='ltr'><strong>elegantissimum.</strong></span> <span class='ocrx_word' id='word_1_305' title='bbox 1114 4060 1161 4127; x_wconf 83' lang='lat' dir='ltr'><strong>nd</strong></span> <span class='ocrx_word' id='word_1_306' title='bbox 1183 4059 1265 4128; x_wconf 89' lang='lat' dir='ltr'><strong>hanc</strong></span> <span class='ocrx_word' id='word_1_307' title='bbox 1284 4059 1414 4148; x_wconf 79' lang='lat' dir='ltr'><strong>elegan-</strong></span> 
     </span>
     <span class='ocr_line' id='line_1_36' title="bbox 221 4167 1414 4257; baseline 0 -22"><span class='ocrx_word' id='word_1_308' title='bbox 221 4170 297 4236; x_wconf 91' lang='lat' dir='ltr'><strong>tiam</strong></span> <span class='ocrx_word' id='word_1_309' title='bbox 324 4168 564 4257; x_wconf 85' lang='lat' dir='ltr'><strong>pcrcipiendam</strong></span> <span class='ocrx_word' id='word_1_310' title='bbox 589 4188 682 4235; x_wconf 88' lang='lat' dir='ltr'><strong>meus</strong></span> <span class='ocrx_word' id='word_1_311' title='bbox 705 4187 820 4235; x_wconf 84' lang='lat' dir='ltr'><strong>seusus</strong></span> <span class='ocrx_word' id='word_1_312' title='bbox 844 4175 958 4255; x_wconf 88' lang='lat' dir='ltr'><strong>torpet.</strong></span> <span class='ocrx_word' id='word_1_313' title='bbox 983 4167 1078 4233; x_wconf 78' lang='lat' dir='ltr'><strong>Ferri</strong></span> <span class='ocrx_word' id='word_1_314' title='bbox 1096 4168 1197 4255; x_wconf 87' lang='lat' dir='ltr'><strong>possit</strong></span> <span class='ocrx_word' id='word_1_315' title='bbox 1216 4167 1414 4257; x_wconf 82' lang='lat' dir='ltr'><strong>asyndeton,</strong></span> 
     </span>
     <span class='ocr_line' id='line_1_37' title="bbox 220 4274 1415 4362; baseline 0.001 -21"><span class='ocrx_word' id='word_1_316' title='bbox 220 4275 248 4341; x_wconf 93' lang='lat' dir='ltr'><strong>si</strong></span> <span class='ocrx_word' id='word_1_317' title='bbox 281 4275 371 4342; x_wconf 87' lang='lat' dir='ltr'><strong>locus</strong></span> <span class='ocrx_word' id='word_1_318' title='bbox 393 4276 441 4341; x_wconf 89' lang='lat' dir='ltr'><strong>sic</strong></span> <span class='ocrx_word' id='word_1_319' title='bbox 465 4284 552 4342; x_wconf 87' lang='lat' dir='ltr'><strong>recte</strong></span> <span class='ocrx_word' id='word_1_320' title='bbox 577 4275 720 4362; x_wconf 87' lang='lat' dir='ltr'><strong>scriptus</strong></span> <span class='ocrx_word' id='word_1_321' title='bbox 743 4275 803 4353; x_wconf 90' lang='lat' dir='ltr'><strong>sit,</strong></span> <span class='ocrx_word' id='word_1_322' title='bbox 828 4274 911 4361; x_wconf 84' lang='lat' dir='ltr'><strong>quod</strong></span> <span class='ocrx_word' id='word_1_323' title='bbox 938 4284 1045 4341; x_wconf 87' lang='lat' dir='ltr'><strong>tamen</strong></span> <span class='ocrx_word' id='word_1_324' title='bbox 1065 4282 1163 4359; x_wconf 81' lang='lat' dir='ltr'><strong>nego.</strong></span> <span class='ocrx_word' id='word_1_325' title='bbox 1212 4274 1297 4341; x_wconf 89' lang='lat' dir='ltr'><strong>Nihil</strong></span> <span class='ocrx_word' id='word_1_326' title='bbox 1323 4276 1415 4344; x_wconf 87' lang='lat' dir='ltr'><strong>video</strong></span> 
     </span>
     <span class='ocr_line' id='line_1_38' title="bbox 220 4380 1414 4471; baseline 0.003 -25"><span class='ocrx_word' id='word_1_327' title='bbox 220 4381 252 4447; x_wconf 95' lang='lat' dir='ltr'><strong>in</strong></span> <span class='ocrx_word' id='word_1_328' title='bbox 276 4380 442 4471; x_wconf 81' lang='lat' dir='ltr'><strong>asyndetis</strong></span> <span class='ocrx_word' id='word_1_329' title='bbox 460 4381 623 4469; x_wconf 85' lang='lat' dir='ltr'><strong>peculiare</strong></span> <span class='ocrx_word' id='word_1_330' title='bbox 644 4380 730 4469; x_wconf 92' lang='lat' dir='ltr'><strong>apud</strong></span> <span class='ocrx_word' id='word_1_331' title='bbox 752 4381 935 4462; x_wconf 67' lang='lat' dir='ltr'><strong>Lucilium</strong></span> <span class='ocrx_word' id='word_1_332' title='bbox 960 4400 1032 4448; x_wconf 92' lang='lat' dir='ltr'><strong>nam</strong></span> <span class='ocrx_word' id='word_1_333' title='bbox 1054 4380 1138 4467; x_wconf 84' lang='lat' dir='ltr'><strong>quod</strong></span> <span class='ocrx_word' id='word_1_334' title='bbox 1158 4382 1189 4446; x_wconf 92' lang='lat' dir='ltr'><strong>in</strong></span> <span class='ocrx_word' id='word_1_335' title='bbox 1203 4382 1414 4449; x_wconf 84' lang='lat' dir='ltr'><strong>concitatiore</strong></span> 
     </span>
     <span class='ocr_line' id='line_1_39' title="bbox 220 4486 1413 4579; baseline 0.002 -25"><span class='ocrx_word' id='word_1_336' title='bbox 220 4506 370 4556; x_wconf 87' lang='lat' dir='ltr'><strong>sermone</strong></span> <span class='ocrx_word' id='word_1_337' title='bbox 404 4486 613 4577; x_wconf 89' lang='lat' dir='ltr'><strong>pluriumque</strong></span> <span class='ocrx_word' id='word_1_338' title='bbox 648 4487 893 4558; x_wconf 88' lang='lat' dir='ltr'><strong>enumeratione</strong></span> <span class='ocrx_word' id='word_1_339' title='bbox 927 4487 1042 4576; x_wconf 92' lang='lat' dir='ltr'><strong>copula</strong></span> <span class='ocrx_word' id='word_1_340' title='bbox 1080 4487 1244 4556; x_wconf 88' lang='lat' dir='ltr'><strong>omittitur</strong></span> <span class='ocrx_word' id='word_1_341' title='bbox 1273 4488 1413 4579; x_wconf 64' lang='lat' dir='ltr'><strong>(nurma-</strong></span> 
     </span>
    </p>
   </div>
   <div class='ocr_carea' id='block_1_5' title="bbox 0 0 1710 5010">
    <p class='ocr_par' dir='ltr' id='par_1_7' title="bbox 0 0 1710 5010">
     <span class='ocr_line' id='line_1_40' title="bbox 0 0 1710 5010; baseline 0 0"><span class='ocrx_word' id='word_1_342' title='bbox 0 0 1710 5010; x_wconf 95' lang='lat' dir='ltr'><strong> </strong></span> 
     </span>
    </p>
   </div>
  </div>
 </body>
</html>
