3244 5012
649 373 864 427 renuerem.
930 426 935 441 ,
1287 354 1352 422 297

160 549 232 623 soie
264 548 480 630 προορωμένους
512 552 691 636 scripseris,
722 549 846 615 videbis
877 551 986 625 emnia
1015 553 1098 613 recte
1126 553 1228 633 atque«
1244 547 1354 613 ordine

161 654 336 743 procedere.
352 693 393 705 -
408 651 454 721 ύτο
479 654 545 734 περὶ
570 656 714 736 πατρίδος
737 654 940 733 βουλεύεσθε,
965 652 1000 729 ἣν
1024 658 1100 733 μνᾶς
1129 652 1226 741 [περὶ]
1248 654 1300 720 καί
1322 653 1352 725 ἐς

162 764 239 839 μίαν
268 756 385 840 βουλὴν
413 760 573 841 τυχοῦσαν
602 785 637 826 τε
667 762 719 826 καί
751 763 796 839 μὴ
817 797 860 810 -
878 797 920 810 -
938 798 980 809 —
1002 761 1239 838 κατορθώσεων
1273 757 1353 827 ἔται.

162 867 261 935 Posui
289 868 416 932 histum
445 867 529 933 unde
555 868 708 934 excidisse
742 868 875 933 coniicio
905 867 1028 953 aliquid
1056 864 1296 932 huiuscemodi:
1323 863 1352 952 (θ

162 973 316 1040 ύτολίοαν
349 974 434 1049 ὑμῖν,
468 973 485 1041 νδ
517 972 589 1040 ίδεῑν
620 996 643 1040 s.
669 973 785 1061 οἰκεῖν).
821 973 884 1039 Pro
913 972 980 1053 περ)
1004 971 1177 1061 legendum
1200 974 1279 1056 puto
1302 969 1354 1037 vel
1438 967 1443 977 '

163 1082 272 1160 ψήφου
293 1079 347 1145 vel
369 1080 505 1156 γνύμθο.

208 1184 246 1250 V.
280 1183 355 1250 112.
397 1185 476 1251 Dele
502 1188 723 1272 importunum
747 1186 924 1262 emblema,
949 1185 1036 1265 Φίλα
1060 1185 1117 1261 μὲν
1139 1178 1235 1253 είνκν.
1261 1180 1354 1249 τοκί-

164 1314 226 1370 μοον
258 1291 289 1355 δὲ
319 1289 508 1370 μηδετέροις,
540 1313 620 1378 quae
650 1292 819 1357 antithesis
849 1290 1037 1379 Thucydide
1069 1310 1196 1376 prorsus
1223 1288 1357 1376 indigna

164 1400 315 1465 orationis
345 1399 606 1483 compositionem
638 1397 764 1475 turbet,
796 1398 1034 1476 προκαλούμεθα
1065 1396 1096 1462 δὲ
1127 1398 1209 1474 ὑμᾶς
1242 1396 1277 1460 ἕκ
1299 1401 1354 1469 τῆς

167 1511 227 1582 γῆς
258 1502 588 1582 competens-Bu
603 1505 638 1568 in
654 1503 714 1569 hoc
737 1506 840 1589 capite
864 1501 918 1567 καί
940 1505 1137 1571 intruserunt
1158 1502 1355 1587 interpretes.

165 1607 295 1674 Etenim
317 1617 355 1690 cpi
380 1608 513 1690 οωζούογ
537 1610 621 1689 τύχγ
641 1610 674 1674 ἐκ
694 1614 746 1674 τοῦ
766 1610 843 1675 θείου
860 1611 1030 1694 opponitur
1048 1619 1087 1688 τῇ
1105 1608 1356 1685 Λακεδαιμονίων

166 1715 297 1800 τομορίμ
316 1714 380 1779 oiri
400 1721 458 1780 τῶν
477 1713 646 1793 ἀνθρώπων.
673 1713 795 1780 Deinde
813 1718 970 1780 insertum
989 1720 1037 1780 est
1055 1714 1122 1792 hic,
1147 1720 1185 1778 ut
1198 1713 1357 1779 emblema

165 1820 249 1906 quod
272 1821 425 1886 eiecimus
447 1838 522 1885 cum
545 1820 750 1904 sequentibus
774 1823 1028 1909 coniungeretur.

210 1924 247 1989 V.
274 1924 350 1991 116.
374 1924 474 1992 Video
497 1924 581 2012 quod
601 1928 783 1992 moniturus
810 1947 897 1993 erem
921 1927 959 1992 de
981 1926 1173 2015 glossemate
1195 1931 1267 2011 post
1291 1926 1356 1989 δια-

164 2034 302 2112 βατήρια
326 2031 435 2097 addito
458 2032 524 2111 ίεροὶ
547 2032 577 2096 θν
600 2041 664 2104 τοῖς
688 2033 772 2114 θρίοις
796 2036 862 2098 iem
886 2054 904 2099 o
928 2029 1048 2099 Cobeto
1069 2053 1136 2097 esse
1156 2036 1356 2118 occupatum.

165 2137 203 2204 ln
233 2136 348 2204 multis
378 2137 451 2203 aliis
476 2144 637 2225 praeterea
660 2160 712 2204 me
736 2146 843 2205 ectum
867 2142 970 2227 egisse
991 2138 1146 2205 intellexi.
1183 2137 1246 2205 Sed
1268 2140 1359 2226 piget

166 2244 224 2310 hes
246 2242 393 2331 plagulas
415 2263 486 2309 eam
510 2245 638 2310 obrem
662 2248 781 2311 iterum
803 2244 994 2330 perlustrare
1013 2248 1104 2309 utin
1123 2242 1260 2332 singulis
1280 2241 1359 2309 locis

167 2371 225 2417 sue
255 2352 369 2434 cuique
399 2349 547 2429 reddam;
578 2353 764 2437 praesertim
792 2372 867 2416 cum
889 2370 952 2416 nen
974 2353 1037 2415 nisi
1060 2371 1099 2416 ex
1121 2356 1211 2435 perte
1233 2354 1291 2415 hoc
1315 2349 1360 2415 fa-

167 2478 236 2524 cere
258 2475 391 2542 queam
416 2458 533 2543 quippe
556 2459 613 2542 qui
636 2456 798 2545 Madvigii
821 2456 942 2521 librum
964 2454 1106 2522 nondum
1124 2456 1279 2547 viderim,
1302 2475 1359 2521 nec

167 2560 269 2627 ullam
292 2560 466 2627 editionem
488 2576 613 2648 praeter
634 2562 867 2628 Beklrerianem
892 2560 1053 2627 consulere
1072 2563 1243 2646 potuerim.
1268 2558 1360 2641 Quod

167 2664 206 2730 ad
234 2661 392 2731 (lebetum
423 2669 539 2733 attinet
560 2688 623 2734 non
645 2688 755 2733 vereor
777 2688 889 2733 neme
911 2665 1015 2754 plegii
1037 2672 1163 2733 accuset
1186 2672 1243 2732 aut
1266 2685 1360 2752 eegre

166 2770 247 2836 feret
268 2770 353 2855 qued
375 2790 616 2856 nonnumquam
638 2775 672 2837 in
694 2772 782 2837 idem
806 2772 889 2858 quod
912 2774 980 2856 ipse
1003 2772 1180 2838 inciderim.

213 2875 250 2940 V.
277 2875 352 2941 116.
377 2876 481 2965 Lege,
506 2880 567 2963 (τί)
593 2881 661 2943 καθ’
686 2876 784 2959 ἕτερόν
807 2902 837 2943 τι
859 2882 912 2943 τοῦ
935 2877 1220 2959 περιτειχίσματος.

518 2983 609 3050 Libri
632 2986 737 3070 quinti
759 2986 812 3051 hic
834 2982 906 3049 finis
929 2990 1005 3049 este.

657 3321 865 3388 '‘ATAKTA.

573 3551 714 3601 sceusrr
738 3532 773 3602 G.
798 3536 950 3602 Beonan.

205 3736 379 3806 'Scholium
402 3742 442 3808 ed
465 3744 705 3810 Andromachae
727 3768 758 3811 v.
786 3744 868 3824 103,
898 3746 983 3831 quod
1006 3743 1108 3811 edidit
1131 3739 1286 3821 Oobetus,
1314 3748 1360 3811 sic

167 3842 358 3930 legendum:

213 3951 316 4032 Ἰλίορ
345 3955 533 4039 elucesci:
562 3957 694 4039 μονῳδία
718 3958 763 4027 et
786 3958 822 4023 τδ
846 3959 884 4024 δι’
909 3957 970 4031 ἔνθα
994 3957 1152 4037 τροούτου
1176 3957 1357 4037 θρηνοῦντος.

167 4054 225 4125 eise
259 4060 293 4123 τθ
326 4061 522 4138 ,,’Λοοοίτνδορ
554 4071 613 4140 γῆς
637 4065 772 4146 σχῆμα”
799 4066 859 4152 (ού)
882 4063 1016 4144 μονῳδία
1039 4063 1096 4131 eet.
1120 4066 1276 4144 τραγῳδεῖ
1294 4070 1357 4151 γὰρ

168 4162 220 4226 καὶ
251 4166 304 4229 ούκ
337 4165 421 4250 ᾄδει·
453 4167 523 4233 ούτε
553 4170 596 4247 τρὶ
620 4171 650 4234 ε’ν
674 4170 902 4253 Θεοφορουμένρ
924 4170 1082 4254 ρὀδθροενα,
1107 4169 1140 4233 ού
1165 4171 1263 4248 θρηνεῖ
1282 4174 1355 4254 γοίρ.

166 4266 273 4357 Vulgo
296 4270 383 4339 deest
406 4275 439 4338 ού
462 4274 644 4363 legiturque
667 4279 826 4357 τραγῳδία
849 4279 912 4358 γὰρ
936 4276 988 4341 καὶ
1012 4277 1065 4339 ούκ
1092 4273 1163 4341 ἔδει.

212 4375 263 4440 Ad
280 4374 424 4454 Rhesum
444 4404 476 4447 v.
501 4379 576 4449 307.
601 4385 783 4451 Aristotelis
803 4386 1020 4473 fragmentum
1037 4384 1083 4446 sic
1099 4386 1357 4458 constituendum

167 4478 271 4547 διελὼν
301 4485 333 4549 δὲ
363 4486 418 4562 τθρν
450 4487 540 4555 ecia
571 4490 708 4564 Ἀλεύας
740 4489 833 4570 ἔταξε
866 4492 973 4561 κατοὶ
1001 4491 1053 4555 rer
1077 4494 1184 4571 κλῆρον
1208 4498 1357 4578 ταρίχεον
