3296 5022
679 358 895 410 ruuoroross.
1362 343 1383 409 9

192 527 258 616 Ipsi
279 527 383 619 igitur
411 532 467 616 qui
496 531 615 597 inieris
636 529 740 598 effecti
765 538 841 599 sunt
870 533 1064 621 cogitatione
1088 533 1225 599 iniuriso
1246 534 1386 620 proximi

193 654 260 701 csse
281 635 441 702 dicuntur.
475 634 540 703 Hic
561 643 671 703 contre
691 637 821 705 videtur
845 637 928 704 ultio
951 658 1018 704 esse
1047 657 1128 723 quse
1148 642 1292 725 tempore
1317 659 1388 726 pro

192 742 284 808 xime
310 741 354 822 τῷ
382 743 493 808 ταίοῖν
514 762 582 809 esse
604 742 732 809 dicitur.
767 743 948 831 Utrumque
977 747 1056 811 setis
1078 744 1262 821 commode,
1285 764 1387 830 neque

193 866 289 914 muso
317 852 399 913 esset
421 868 479 913 cur
500 845 638 914 ultorum
661 869 701 915 ex
722 848 823 916 ultero
851 855 979 916 mutere
1008 848 1182 929 vellemus,
1215 852 1242 915 si
1265 853 1388 915 coetero

194 954 284 1021 omni
317 956 496 1040 suspicione
528 961 679 1021 carerent
730 954 816 1037 Quid
848 961 957 1023 eutem
990 957 1019 1021 si
1053 955 1157 1021 tribus
1190 956 1390 1044 argumentis

194 1060 319 1127 evicero
339 1061 530 1147 greviwime
549 1066 730 1147 corruptam
750 1083 817 1129 esee
839 1059 1033 1130 orationem?
1066 1060 1217 1128 Primum
1238 1060 1391 1146 estquod

194 1162 376 1246 άμιίνατίαι
397 1167 528 1232 omnino
550 1168 618 1233 sine
640 1168 774 1235 erticulo
797 1175 880 1236 etere
902 1189 965 1236 non
986 1174 1105 1257 potest,
1129 1168 1248 1236 nedum
1269 1167 1392 1250 1111τῷ

193 1271 305 1337 sciris
326 1273 506 1358 opponitur.
548 1271 697 1340 Alterum
728 1275 813 1361 quod
841 1275 976 1342 absurde
998 1275 1117 1341 dicitur
1145 1277 1181 1341 τί
1211 1275 1391 1353 άμιίνατίαι

197 1378 252 1454 τὴν
281 1379 430 1460 τιμωρίαν
461 1379 705 1474 ἀναλαμβάνει,
737 1381 815 1445 ultio
844 1380 1011 1447 οοίοίιοίίιντ.
1054 1380 1201 1448 'Pertium
1230 1385 1278 1447 est
1308 1379 1392 1467 quod

198 1481 323 1562 μάλιεα
354 1485 400 1550 sic
422 1483 506 1551 nude
533 1487 676 1571 positum
699 1505 763 1552 non
788 1485 824 1551 id
846 1488 1016 1572 exprimit,
1045 1487 1130 1573 quod
1152 1485 1265 1553 Orstor
1288 1486 1392 1551 dicere

199 1588 349 1657 debebat:
379 1610 444 1657 non
466 1592 554 1656 enim
569 1591 733 1677 praecipue
760 1612 876 1678 poenus
898 1595 1001 1658 sumit
1030 1595 1059 1659 is
1082 1595 1138 1680 qui
1168 1594 1322 1658 iniuriem
1343 1611 1392 1657 oo·

199 1701 326 1783 ceptum
357 1697 468 1763 stetim
496 1695 677 1776 ulciscitur,
709 1697 765 1765 sed
786 1720 901 1784 poenae
927 1699 1090 1780 praviora.
1148 1694 1233 1778 Quid
1267 1694 1393 1774 mults?

199 1800 392 1868 vocobulum
423 1802 597 1867 άντίταλον
630 1823 706 1869 cum
738 1802 864 1882 μάλα-α
903 1805 950 1870 ite
983 1802 1240 1892 coniungendum
1274 1806 1322 1868 est
1354 1807 1392 1868 ut

202 1926 303 1994 genus
330 1927 447 1993 poenoe
475 1907 629 1975 ostendet.
672 1908 722 1976 un
749 1911 812 1976 trie
834 1930 915 1996 quce
943 1911 1152 1995 promiseram
1182 1914 1390 1996 argumente,

76 2070 79 2075 .
200 2010 256 2077 sed
277 2017 427 2097 quurtum
446 2016 479 2079 et
496 2014 646 2098 quintum
667 2014 827 2081 adiiciam.
862 2012 1121 2095 Ἀναλαμβάνειν
1140 2014 1287 2096 τιμωρίαν
1304 2012 1392 2079 heud
1421 2028 1426 2035 '

199 2118 306 2206 magis
327 2115 448 2185 Graeco
470 2119 588 2186 dicitur
610 2140 708 2206 quem
730 2143 906 2206 recuperare
921 2143 1036 2207 ροοοοοο
1058 2119 1182 2187 Latine.
1225 2118 1392 2186 Postremo

200 2241 257 2290 cur
277 2222 330 2289 hic
352 2224 523 2304 ίγγυτάτω
540 2228 582 2308 τῷ
604 2227 714 2292 ταίείν
736 2226 874 2316 legitur,
898 2226 1134 2307 11111γγύτατα
1155 2230 1208 2293 τοῦ
1231 2221 1393 2306 τάοχεινί

200 2325 391 2396 Genitivum
413 2330 494 2397 bene
511 2328 671 2399 Graecum
693 2353 760 2400 esse
782 2353 877 2400 nemo
892 2335 1008 2412 nescit;
1033 2332 1180 2399 dativum
1203 2337 1332 2409 eutem,
1356 2336 1394 2396 ut

200 2454 240 2500 ex
268 2437 436 2504 notissimo
465 2437 627 2524 exemplo,
652 2440 694 2523 τῷ
714 2437 798 2519 γίνοι
822 2440 1013 2517 ἐγγύτατα,
1037 2442 1142 2524 potet,
1167 2437 1206 2505 de
1225 2457 1259 2503 re
1276 2436 1395 2502 dicitur

200 2562 259 2628 qua
280 2543 348 2629 ρνίι
368 2565 452 2629 quem
474 2544 628 2626 ουαίίιιρίί
668 2542 754 2626 Quid
774 2542 901 2611 multe?
932 2544 1086 2612 eiiciends
1108 2548 1183 2611 suut
1213 2540 1393 2621 άμάνατίαι

199 2645 249 2723 di,
273 2652 306 2714 ct
327 2647 543 2716 scribendum:
567 2650 602 2716 τὸ
621 2652 730 2717 ταίοῑν
750 2650 777 2716 δ’
800 2646 846 2715 ίτι
867 2650 1037 2729 ίγγυτάτω
1059 2649 1197 2728 ιιιίμονον
1217 2647 1391 2714 άντίταλον

201 2750 241 2820 άν
262 2752 387 2832 μάλιςα
410 2755 466 2830 τ1ιν
496 2757 643 2837 τιμωρίαν
666 2753 839 2835 λαμβάνοι.
879 2757 1020 2841 Apparet
1042 2775 1099 2820 cur
1125 2753 1178 2820 hic
1208 2754 1394 2834 ἐγγυτάτω,

200 2860 248 2926 ibi
270 2860 440 2940 ίγγάτατα
463 2862 598 2928 scribere
619 2862 789 2942 moluerit,
814 2864 931 2949 quippe
953 2860 1036 2927 illud
1057 2862 1125 2926 eine
1148 2880 1224 2927 cusu
1245 2863 1394 2948 ponitur,

200 2967 261 3034 hoc
283 2972 432 3053 sequente
453 2987 530 3035 voce
552 2988 649 3054 quum
675 2971 771 3058 regit.
817 2968 903 3058 Iirgo
930 2969 958 3034 si
987 2969 1059 3053 quis
1080 2969 1134 3032 τοῖι
1157 2966 1337 3045 άμνίναοίαι
1363 2965 1395 3032 δὲ

200 3075 236 3140 τὸ
265 3074 375 3138 ταίεῖν
402 3073 538 3140 scribere
567 3073 711 3154 mevult,
742 3079 827 3141 recte
857 3073 914 3142 ille
945 3072 1116 3153 ίγγιίτοιτοι
1145 3072 1286 3158 recipiet.
1333 3067 1395 3136 Sed

199 3179 295 3269 longo
315 3178 513 3266 probebilius
535 3185 584 3247 cst
605 3180 690 3267 quod
711 3182 871 3268 proposui.

245 3390 283 3457 In
304 3389 416 3458 eodem
439 3393 542 3477 cepite
564 3412 645 3479 quee
670 3413 747 3459 mox
776 3397 953 3480 sequuntur
982 3391 1121 3458 Bekkeri
1151 3390 1250 3456 editio
1274 3390 1321 3454 sio
1343 3409 1396 3454 ex·

202 3497 310 3564 hibet:
334 3497 394 3571 τάι
417 3497 444 3563 δ’
468 3497 620 3579 ἧμιτίραι
651 3497 815 3582 ξυμφορὰς
845 3507 909 3571 τοῖς
933 3495 1117 3579 ξυμμάχοις
1150 3492 1285 3586 βλάβαι
1309 3493 1396 3559 οιαίι-

204 3603 352 3680 τοιμίνονς.
394 3600 627 3670 Oorreetionem
658 3605 889 3682 certissimum,
920 3623 1018 3690 quem
1045 3600 1101 3667 olii
1128 3599 1263 3666 editores
1295 3596 1396 3663 odmi·

200 3715 325 3789 serunt,
355 3709 456 3777 telem
486 3711 595 3778 uirum
623 3708 801 3798 neglexisse
827 3711 928 3777 miror
934 3730 943 3789 ;
972 3729 1016 3774 sc.
1037 3706 1081 3773 τά
1103 3705 1129 3771 δ’
1154 3704 1291 3784 νίμίτεροο
1312 3699 1395 3780 ξύμ·

198 3820 282 3898 φορα
305 3854 350 3866 -
373 3813 579 3897 ναίιςοίμονα.
880 3826 886 3837 “

246 4025 323 4115 Osp-
347 4026 401 4094 39.
420 4028 505 4094 med.
528 4026 623 4093 τάίὲ
647 4026 754 4093 πολλοὶ
782 4024 869 4091 aare
899 4022 992 4104 λίγον
1018 4031 1081 4096 τοῖς
1112 4019 1274 4102 άνίράτοιρ
1307 4020 1395 4086 εὐτυ·

199 4139 322 4217 χοῦντα
352 4132 561 4217 άοφαιιίςεροι
596 4132 614 4210 ἢ
649 4132 736 4213 ταρά
764 4129 866 4208 ίίξαν.
917 4129 981 4212 Qui
1014 4149 1077 4195 non
1111 4126 1201 4195 videt
1232 4146 1283 4192 res
1311 4126 1397 4212 ipsse

199 4241 346 4323 εὐτυχεῖν
372 4260 434 4307 non
459 4259 565 4326 posse,
596 4237 693 4304 illum
722 4259 786 4305 uon
815 4235 952 4304 offendet
973 4236 1016 4303 τά
1041 4234 1104 4313 ίμά
1136 4230 1318 4313 πράγματα
1347 4232 1395 4297 εὖ·

199 4347 351 4426 δαιμονεῖ.
394 4344 479 4428 Quid
500 4343 702 4411 scribendum
725 4346 768 4410 sit
797 4342 857 4410 κάν
880 4338 914 4416 tc
940 4342 1027 4421 γνοίη
1053 4340 1152 4430 (quod
1172 4337 1395 4426 proverbium,

200 4459 239 4520 ut
261 4453 295 4519 id
317 4453 421 4520 obiter
441 4452 564 4529 dicum,
594 4450 826 4518 restituendum
859 4450 967 4517 estin
998 4444 1281 4516 PseudoPlotonis
1309 4444 1396 4506 Ανιια
