3242 5014
636 390 848 442 rsumrsnn.
1273 371 1339 437 235

152 564 278 642 rebant,
302 564 357 630 sed
380 569 475 638 Βῆλος
497 581 560 628 non
583 560 727 628 diversus
750 567 798 628 est
820 563 860 628 ab
883 560 1096 628 Orientalium
1122 559 1181 627 Bel
1201 582 1226 627 s.
1250 559 1339 628 Bau.

153 667 305 737 Ceterum
335 667 472 745 Κισθηνη
502 668 628 735 ὤσειεν
657 688 732 734 sane
761 668 824 734 fuit
855 668 895 734 ab
918 666 977 734 ilia
999 666 1100 734 altera
1121 665 1207 752 apud
1225 664 1342 733 Isocra·

153 780 222 841 tem
251 776 286 839 in
315 772 514 862 Panegyrico
537 771 661 859 5153,
693 772 748 839 scd
776 771 966 861 Gorgonum
998 769 1170 839 Oisthenen
1193 768 1342 839 Cratinus

154 900 279 968 quoque
308 881 415 957 novit,
446 881 502 966 qui
530 878 694 946 Meinekio
720 878 829 964 judice
855 877 1007 965 Aeschyli
1034 877 1122 944 haud
1151 880 1341 956 immemor,

155 988 201 1052 sic
223 987 385 1071 scripsisse
406 985 524 1051 fertur:

241 1088 383 1158 ιιοίνὲιένδ*
402 1091 452 1156 tx>
476 1090 620 1172 τέρματα
642 1097 701 1169 γῆς
725 1086 805 1167 ἥξεις
829 1090 883 1155 ιιαί
907 1086 1059 1166 Κισθιίνης
1083 1089 1144 1172 δρος
1167 1088 1249 1172 ίψει.

202 1195 379 1282 Utramque
408 1192 593 1263 Gisthenam
623 1194 854 1282 Harpocration
884 1195 1066 1275 confundit,
1098 1195 1154 1263 sed
1184 1195 1344 1283 quidhoc

157 1303 198 1369 ad
218 1299 309 1369 remi

200 1406 276 1475 iam
304 1408 466 1494 superiora
493 1408 522 1473 si
555 1407 746 1494 probantur,
782 1408 984 1492 consequitur
1014 1406 1125 1473 Ionem
1155 1428 1174 1473 a
1205 1406 1344 1494 Bosporo

157 1511 332 1582 Cimmerio
354 1512 395 1578 ad
418 1510 581 1579 Orientem
603 1511 749 1590 tendere,
773 1517 846 1578 tum
867 1512 908 1579 ad
929 1512 1117 1591 meridiem,
1142 1518 1215 1579 turn
1238 1514 1277 1580 ad
1296 1534 1346 1580 oc·

157 1619 331 1698 uidentem,
355 1618 492 1705 denique
514 1619 588 1686 inde
604 1640 624 1685 a
640 1619 710 1686 Nili
732 1624 890 1686 cataracta
913 1619 953 1686 ad
975 1621 1222 1707 septentrionem
1243 1639 1345 1704 usque

158 1725 199 1792 ad
221 1722 396 1793 Canobum.
431 1723 504 1791 Non
526 1730 650 1812 pugnat
671 1729 756 1791 certe
778 1724 989 1811 Apollodorus
1007 1724 1048 1790 11.
1071 1723 1101 1790 1.
1123 1723 1161 1791 3:
1186 1723 1273 1801 διέβη
1294 1725 1346 1790 τίν

158 1830 230 1897 τίτε
253 1830 311 1908 μέν
338 1829 526 1909 καλούμενον
549 1831 636 1911 πίρον
658 1830 807 1915 Θρηίκιον,
840 1835 890 1896 νῦν
912 1830 945 1896 ti
968 1831 1027 1896 ἀπ’
1050 1830 1164 1906 έιιείνης
1188 1827 1344 1911 Βίσπορον.

158 1936 352 2002 ’Θπελίοῦσα
371 1935 403 2001 δέ
420 1935 463 2008 είς
489 1932 629 2002 Σκυθίαν
653 1934 705 2000 ιιαί
729 1937 785 2009 την
806 1936 982 2017 Κιμμερίδα
1000 1942 1075 2017 γῆν,
1098 1937 1217 2013 πολλὴν
1235 1934 1346 2018 χέρσον

159 2039 360 2118 πλανηθεῖσα
391 2042 443 2106 ιιαί
477 2041 596 2113 πολλίιν
626 2039 832 2120 διανηξαμένη
864 2042 1028 2112 ίέλασσαν
1059 2041 1202 2123 Εὐρώπης
1233 2064 1269 2108 τε
1292 2041 1346 2107 καί

159 2146 290 2222 Ἀσίας,
321 2148 500 2213 τελευταῖον
523 2144 593 2225 ιἠιιεν
613 2147 656 2220 είς
681 2144 857 2227 Λίγυττον·
889 2145 964 2214 ίπου
987 2148 1042 2224 την
1064 2147 1204 2230 αρχαίαν
1226 2138 1348 2231 μορφίιν

159 2250 386 2330 ἀπολαβοῦσα,
421 2260 518 2338 γεννᾷ
550 2254 637 2334 παρα
672 2254 715 2333 τῷ
749 2252 854 2334 Νείλῳ
887 2255 1019 2336 ποταμῷ
1049 2255 1201 2333 Ἔπαφον
1235 2251 1346 2319 παίδα.

159 2355 262 2424 Unica
286 2358 321 2423 in
349 2378 384 2423 re
413 2355 623 2444 Apollodorus
646 2357 820 2445 discrepuit
845 2360 957 2425 scribit
977 2357 1087 2428 Ionem
1110 2361 1228 2436 πολλην
1246 2359 1346 2436 διανη·

160 2460 279 2543 ξασθαι
301 2461 491 2543 oceane,
516 2465 607 2531 norit
630 2466 717 2530 enirn
735 2462 883 2531 indicum
900 2485 1005 2544 mnre;
1030 2466 1115 2551 apud
1131 2464 1346 2552 Aeschylum,

160 2573 291 2657 excepto
319 2565 496 2637 Gimmerio
525 2569 681 2656 Bosporo,
712 2573 819 2636 totum
848 2573 911 2637 iter
935 2570 1079 2657 pedestre
1101 2576 1158 2637 eet.
1206 2566 1348 2637 Gonfeci·

160 2695 235 2743 anua
256 2674 290 2741 id
312 2674 396 2762 quod
423 2680 471 2741 est
493 2676 528 2740 in
551 2680 659 2741 nostra
680 2674 902 2760 disquisitione
924 2675 1126 2742 faciiiimnm.
1173 2674 1348 2761 Reliquum

161 2786 210 2848 est
230 2788 268 2848 ut
289 2780 458 2848 rideamus
476 2779 633 2866 quomodo
651 2778 705 2858 Io,
724 2777 916 2847 Prometheo
932 2780 1061 2860 relicto,
1082 2781 1123 2848 ad
1134 2777 1348 2848 Cimmerium
1431 2862 1435 2867 .

160 2885 338 2973 Bosporum
360 2886 549 2972 pervenerit.

205 2989 356 3056 Primum
378 2989 481 3056 adibit
503 2992 631 3056 auctore
653 2989 844 3056 Prometheo
866 2991 938 3063 τοὺς
962 2990 1093 3068 Σκύθας
1114 2992 1269 3073 νομάδας,
1294 2994 1351 3080 qui

162 3095 247 3182 apud
268 3094 470 3162 Herodotum
492 3100 530 3162 ut
550 3095 694 3163 vidimus
716 3097 800 3162 inter
821 3095 1016 3184 Panticapen
1036 3102 1068 3166 et
1086 3097 1249 3168 Gerrhum
1264 3104 1348 3166 sunt.

162 3197 226 3268 Sed
248 3200 418 3268 audiamus
439 3206 548 3268 ratem
570 3202 695 3288 ipsum:
718 3220 766 3268 va.
791 3207 838 3269 est
860 3199 944 3269 712:

321 3301 364 3381 είς
387 3308 432 3385 μη
456 3303 620 3387 πιλιίζειν,
644 3307 720 3372 αλλ’
745 3306 894 3384 οίλιςίνοις
918 3308 1001 3375 πίδα

322 3411 528 3493 χρίμπτουσα
550 3411 709 3496 ῥαχίαισιν
732 3412 866 3494 έιιπεροῖν
887 3413 1004 3495 χίίνα·

321 3520 416 3590 λαιῖις
440 3516 473 3584 δέ
495 3519 596 3600 χειρίς
621 3521 646 3585 ci
670 3517 907 3598 σιδηροτέκτονες

323 3624 434 3690 οίιιοῦσι
457 3623 625 3703 Χοίλυβει,
650 3621 699 3696 οὓς
722 3623 938 3706 Φυλέξασθαί
959 3649 994 3690 σε
1020 3628 1091 3706 χρη.

325 3833 406 3914 ἥξεις
429 3834 455 3901 δ’
478 3836 624 3917 Ὕβριςδην
648 3835 789 3913 ποταμὸν
812 3837 846 3902 os
867 3835 1079 3919 ψευδώνυμον,

323 3937 355 4006 δν
377 3942 422 4019 μίη
446 3940 606 4024 περοίσης,
628 3943 662 4008 οὐ
686 3942 750 4023 γὰρ
772 3941 906 4021 εὔβατος
930 3943 1048 4023 περᾶν,

322 4046 393 4129 πρίν
416 4045 455 4113 δν
478 4048 550 4129 πρδς
574 4047 668 4114 αὐτὸν
690 4045 854 4113 Κοίυιιασον
876 4046 974 4131 μίλης
1000 4083 1042 4096 -

630 4258 847 4340 ιδςροχείτονας
871 4256 902 4325 δέ
924 4260 986 4341 χρη

325 4363 743 4447 circumspectantem
767 4365 798 4439 ές
821 4363 1033 4446 μεσημβρινὴν

324 4468 419 4549 βῆναι
442 4467 607 4546 κέλευθον,
631 4468 694 4537 ἔνθ’
719 4469 898 4554 ’Λμαζίνοιν
922 4469 1035 4552 spera
