3340 5014
707 357 919 406 rnanronuun.
1208 332 1210 337 ’
1365 341 1408 405 95

260 529 341 612 Quin
370 536 441 618 pest
474 528 618 620 obsequia
645 528 779 597 verbum
804 524 1009 595 desideretur
1032 548 1050 595 e
1074 526 1204 613 regione
1226 527 1255 594 ei
1279 529 1408 616 opposi-

211 643 304 714 tum,
329 656 387 723 pro
410 637 630 704 contumetiam
650 635 875 702 rantrrrnaaiam
902 633 1120 722 reponendum
1145 643 1206 702 est.

259 741 340 809 lbid.
383 740 448 808 Nea
482 753 586 809 temen
616 740 883 807 dissimulaverim
913 742 1011 807 multa
1043 741 1100 808 liae
1130 761 1198 806 esse
1228 739 1409 829 difficilius,

208 870 308 937 quam
329 860 363 916 ut
385 854 495 937 [aerae
515 870 553 916 ae
577 848 680 914 leones
702 845 824 913 sitleam
848 847 1044 934 mitiqeutur.

261 954 378 1020 Panum
407 953 542 1034 dubito,
573 955 651 1042 quin
674 953 845 1041 pantberae
867 973 904 1018 aa
928 952 1031 1019 lenires
1054 952 1208 1020 Frontoni
1231 954 1408 1020 restituen-

210 1058 292 1126 dum
316 1061 373 1127 sit.

261 1163 321 1244 lV,
345 1171 380 1244 b,
406 1187 436 1253 p.
462 1171 517 1234 62.
564 1165 645 1233 Nam
667 1175 793 1251 praeter
811 1164 886 1241 las,
908 1166 1027 1252 partim
1053 1165 1240 1252 scriptarum
1263 1163 1408 1231 animad-

211 1281 317 1338 vertas
337 1272 555 1356 particulatim
577 1272 746 1360 eleqantis,
776 1268 909 1337 Nouium
932 1282 961 1338 et
985 1271 1192 1359 Pomponium
1211 1281 1241 1337 el
1259 1271 1293 1337 id
1311 1292 1411 1359 qemts

211 1378 247 1443 in
281 1378 382 1444 uerbis
404 1379 572 1445 rustieum's
595 1389 625 1444 rt
649 1376 839 1445 iaetrlurilms
862 1399 899 1444 ae
922 1377 1133 1458 ridiculariis,
1159 1379 1263 1444 Attum
1284 1377 1318 1443 iu
1341 1398 1410 1442 mu·

212 1482 379 1559 liebribus,
416 1483 581 1550 Sisennam
613 1488 646 1550 ia
675 1483 833 1560 lusciniis,
864 1481 1023 1550 Lucilium
1046 1484 1079 1549 iri
1103 1485 1252 1571 cuiusque
1273 1484 1352 1550 artis
1374 1504 1411 1548 ae

210 1590 329 1676 neqatii
351 1589 500 1678 propriis.

260 1694 370 1781 inepte
395 1695 490 1761 Attae
514 1693 573 1761 liae
599 1692 685 1759 laudi
711 1693 825 1771 detur,
850 1693 937 1781 quud
962 1694 1069 1761 verbis
1094 1695 1300 1762 muliebribus
1331 1714 1411 1760 usus

211 1808 273 1866 est.
328 1800 368 1867 Ni
405 1800 499 1867 lallar
536 1801 622 1867 enirn
661 1798 831 1866 muliebris
874 1800 969 1867 verbe
1007 1800 1115 1867 mollia
1145 1809 1222 1868 sunt
1256 1810 1285 1867 et
1318 1821 1410 1868 ener-

210 1914 307 1983 vate,
339 1927 420 1993 quae
452 1927 531 1973 suaa
562 1915 674 1972 cerensi
708 1915 740 1973 et
766 1909 933 1994 sunguine.
979 1904 1024 1972 nd
1046 1906 1231 1975 Ciceronem
1254 1927 1408 1995 pravare,

211 2010 300 2099 apud
331 2033 428 2099 qnem
460 2013 571 2101 (Ture.
605 2017 647 2088 2,
680 2015 720 2088 6,
755 2014 808 2098 15)
840 2011 879 2078 de
912 2021 1065 2079 enervata
1098 2013 1312 2101 muliebrique
1336 2034 1410 2080 sen·

212 2120 315 2184 lentie
347 2120 541 2185 mentionem
575 2116 692 2183 laetam
729 2137 798 2184 esse
833 2116 936 2184 video.
997 2118 1132 2186 Frustra
1166 2119 1271 2187 locum
1310 2140 1408 2207 quae·

211 2224 296 2301 sivi,
323 2225 375 2290 ubi
397 2223 593 2291 adieetivuns
614 2223 778 2289 muliebris
798 2223 954 2289 translatu
976 2224 1212 2310 significatione
1225 2246 1300 2293 eum
1315 2225 1409 2294 laude

212 2328 336 2396 dietum
371 2331 425 2395 sit.
475 2331 585 2397 Potius
620 2328 835 2406 crediderim,
873 2329 1165 2416 quaemadmodum
1201 2331 1338 2399 Narium
1377 2340 1409 2398 et

215 2435 426 2523 Pomponium
450 2436 482 2500 in
509 2435 614 2502 verinis
638 2436 832 2512 rusticanis,
858 2437 902 2501 itu
927 2437 1037 2502 Attum
1063 2437 1094 2502 iu
1119 2439 1305 2505 scurrilibus
1329 2438 1351 2506 i.
1377 2458 1407 2505 e.

213 2539 348 2608 urbanis
382 2541 561 2628 elegantem
596 2540 705 2608 luisse.
754 2541 881 2608 Etenim
915 2542 996 2608 setis
1027 2552 1140 2610 nutum
1173 2554 1243 2624 est,
1277 2564 1409 2611 scurras

211 2647 385 2734 aliquoties
416 2667 491 2713 eum
525 2645 620 2714 leude
649 2645 787 2733 quadem
820 2647 965 2716 linmines
998 2648 1137 2716 urbanas
1168 2660 1295 2716 voratos
1319 2671 1408 2728 esse,

212 2772 324 2820 uenies
350 2764 382 2820 et
406 2751 587 2839 elegentes,
620 2752 676 2839 qni
701 2753 830 2820 assidue
856 2756 887 2819 in
915 2753 993 2821 urbe
1017 2763 1144 2832 essent,
1170 2774 1346 2843 numquam
1376 2755 1408 2820 in

212 2859 314 2945 egris.
351 2857 397 2925 Cl.
431 2857 533 2925 Pleut.
567 2858 657 2924 Trin.
691 2858 722 2935 l,
759 2863 795 2932 Ξ,
827 2863 905 2927 tut:
930 2860 1043 2926 urbani
1065 2861 1191 2927 assidue
1210 2860 1310 2939 mus,
1332 2882 1409 2948 quer

213 2986 340 3033 resersus
362 2975 487 3039 verunt:
519 2965 610 3031 llust.
634 2963 669 3044 l,
699 2972 736 3044 t,
767 2970 822 3032 14:
853 2964 896 3030 Tu
925 2965 1064 3032 urbanus
1086 2988 1157 3033 uera
1181 2988 1308 3044 surrru,
1332 2966 1409 3033 deli·

214 3070 282 3139 eiae
301 3069 431 3158 papuli,
456 3093 512 3137 rus
535 3071 616 3136 milri
638 3079 672 3136 tu
694 3070 855 3139 abiectas?
879 3071 968 3154 Quae
991 3091 1092 3160 quum
1119 3074 1162 3138 ite
1188 3074 1271 3150 sint,
1295 3073 1411 3139 scurri-

214 3176 258 3243 lis
280 3176 445 3244 interdum
470 3176 554 3244 idem
581 3177 687 3244 valere
712 3176 799 3243 rides
823 3178 907 3264 quod
927 3184 1086 3255 urbanus,
1111 3183 1250 3266 faselus,
1275 3178 1410 3266 eleqanr.

214 3282 262 3350 Gl.
288 3282 437 3349 Valerius
460 3283 542 3350 Mus.
569 3287 609 3359 8,
634 3288 675 3357 8,
700 3288 738 3349 5:
773 3281 813 3348 llt
836 3282 918 3349 enim
943 3284 975 3348 in
999 3285 1092 3350 rebus
1116 3285 1207 3352 seriis
1231 3284 1410 3352 Scaeuolam

214 3390 261 3456 rie
290 3390 324 3455 in
354 3390 541 3456 saurritibus
569 3388 691 3454 lusibus
721 3389 880 3456 bantinum
910 3390 1041 3478 aqrbat;
1068 3390 1100 3456 in
1127 3389 1244 3478 quibus
1268 3391 1414 3458 rutrrilis

214 3515 292 3563 eum
318 3492 413 3563 laude
437 3494 562 3562 dietum
587 3514 658 3561 esse
683 3493 784 3562 vides.

263 3601 307 3679 V,
331 3606 392 3678 36,
416 3622 446 3689 p.
471 3605 527 3669 86.
577 3600 612 3668 Si
634 3611 664 3666 te
685 3601 719 3666 iu
735 3600 912 3689 pruvincia,
937 3602 981 3667 mi
1002 3605 1172 3689 maqister,
1197 3601 1311 3669 adierit
1335 3601 1412 3669 Tbe-

216 3706 374 3775 mistaeler
404 3707 549 3796 quidam,
583 3706 638 3793 qui
668 3727 700 3771 re
731 3705 915 3793 Apellonia,
948 3708 1099 3792 maqistra
1131 3728 1198 3773 mm
1229 3707 1314 3775 diest
1340 3708 1412 3793 plei-

217 3812 376 3901 lampliiue
405 3813 579 3901 eaqnitum,
611 3832 682 3877 eram
711 3832 778 3878 erse
800 3812 855 3899 qui
878 3813 937 3880 bae
960 3812 1062 3878 bieme
1085 3811 1215 3879 llamsm
1240 3813 1356 3879 uenerit
1379 3822 1411 3879 et

216 3919 296 3986 milri
319 3918 477 3986 uoluntate
499 3919 648 4009 magistri
667 3940 727 4006 par
748 3919 854 4006 filium
879 3919 1078 4006 Apollonium
1103 3920 1143 3985 sit
1162 3919 1413 3985 damanstmtus:

217 4026 247 4091 ei
270 4036 319 4103 tu,
343 4025 389 4091 mi
408 4025 573 4112 meylem,
597 4024 692 4090 uelim
713 4025 796 4112 qued
815 4026 919 4111 possis
942 4025 1151 4113 benefacias,
1175 4026 1250 4092 bene
1268 4025 1412 4093 suadeas.

262 4131 299 4197 ln
332 4131 448 4198 Codice
470 4131 591 4215 legitur
613 4152 684 4197 urm
709 4152 798 4209 sese,·
829 4129 933 4197 blsius
956 4130 1096 4197 enrrexit
1122 4152 1194 4197 eum
1218 4153 1307 4211 esse,·
1333 4131 1413 4198 nrihi

218 4255 294 4303 rero
317 4236 425 4324 petius
448 4236 655 4304 scribendum
682 4236 811 4303 ridetur
833 4258 964 4324 eumque
988 4258 1022 4302 se
1044 4257 1122 4304 essu.

264 4342 311 4410 nd
341 4342 539 4410 Antoninum
572 4342 628 4409 lib.
659 4341 707 4423 ΙΙ,
738 4350 779 4423 5,
814 4363 844 4430 p.
881 4348 953 4411 107.
1000 4341 1114 4410 Omnes
1148 4353 1252 4410 autem
1289 4342 1412 4411 Cicera·

219 4446 268 4516 m‘s
306 4449 456 4539 epistulas
480 4448 639 4539 *leqendas
666 4469 773 4516 eensea
802 4469 873 4516 meu
902 4449 1071 4527 sententia,
1102 4449 1152 4517 uel
1183 4449 1287 4538 maqis
1318 4470 1413 4538 quam
