3296 5022
254 362 319 427 ill
677 378 876 426 contueamur
907 378 1023 429 tertul.

301 550 373 616 Vss.
399 553 463 616 550
488 566 536 634 sq.
561 547 641 614 llido
664 566 797 634 prorsus
821 546 957 617 rldicnle
982 548 1022 615 ad
1047 566 1206 615 sororem:

391 655 459 721 Non
485 653 577 720 licuit
604 648 737 718 thalami
760 662 924 739 expertem
951 656 1020 720 sine
1043 654 1180 719 crimine
1204 655 1302 719 vitam

392 760 513 844 Degere
537 778 617 824 nans
640 778 752 833 renas,
775 778 860 824 mem
881 780 936 824 nec
961 769 1092 842 tangere
1115 761 1227 823 ourasl

302 864 453 929 Virorum
479 862 647 928 doctorum
672 864 867 928 coniecturis
891 863 1023 929 accedat
1050 862 1126 927 haec
1151 882 1240 928 mea:

393 966 460 1034 Nan
488 969 579 1034 licuit
602 968 735 1033 thalami
759 978 923 1054 expertem
950 971 1019 1034 sine
1044 969 1180 1033 crimine
1204 970 1303 1033 vitam

394 1072 529 1158 degere,
554 1092 740 1138 noantrems
762 1093 818 1136 nse
841 1093 926 1138 rurs
950 1083 1081 1158 tangere
1106 1075 1217 1137 curasl

257 1198 355 1266 qnam
392 1180 568 1244 orationem
603 1198 697 1244 nemo
728 1179 928 1263 aptissimam
961 1199 1031 1244 esse
1064 1177 1209 1262 negabit,
1238 1184 1443 1263 posteaquam

258 1284 353 1350 modo
377 1303 421 1348 vs.
448 1289 511 1349 547
538 1281 588 1348 his
612 1282 777 1348 atrocibus
800 1284 908 1349 verbis
932 1284 1091 1368 seipsam
1115 1282 1379 1368 compellaverat:

354 1389 450 1466 Onia,
475 1408 613 1467 noeane,
637 1399 671 1453 at
695 1389 806 1453 merita
828 1409 876 1464 es,
901 1391 1049 1474 ferroque
1071 1397 1173 1452 anate
1197 1386 1343 1451 dolorem.

306 1492 467 1561 vocabulo
491 1512 570 1559 usus
594 1500 643 1559 est
667 1479 774 1558 noster
796 1492 856 1568 Vl,
882 1496 958 1558 ete.
997 1496 1001 1501 ’

633 1596 699 1661 Lib.
728 1598 767 1676 V,
792 1618 855 1662 vss.
892 1601 957 1662 822
982 1617 1071 1682 sqq:

396 1702 478 1769 'Pum
503 1703 611 1768 variae
634 1704 790 1767 comitam
815 1702 931 1778 laeics,
956 1702 1100 1766 inmania
1123 1710 1210 1777 cete,

396 1818 429 1876 et
452 1826 557 1874 serron
581 1806 694 1873 Glauci
719 1808 838 1873 chorus
861 1807 1022 1891 Inousque
1047 1804 1216 1871 Palaemon

397 1914 610 1998 Tritonesque
633 1913 689 1978 citi
714 1910 892 1997 Phorcique
916 1912 1077 1977 exercitus
1101 1913 1222 1983 omnim

397 2038 492 2082 encra
515 2037 627 2081 rsnsnr
651 2015 762 2081 Thetis
786 2026 817 2082 et
842 2016 947 2082 hlelite
969 2017 1198 2101 Panopaeaqae
1220 2018 1311 2101 virgo

397 2122 516 2188 Nesaee
541 2120 679 2207 Spioque
704 2120 881 2206 Thaliaque
906 2120 1159 2209 Cymodoceque.

307 2228 404 2294 Recte
434 2226 628 2292 Rihheekius
652 2225 776 2310 Proleg.
802 2247 832 2313 p.
859 2231 919 2292 80:
945 2226 1028 2292 »Nec
1053 2235 1157 2311 potest
1182 2227 1308 2311 integra
1334 2224 1444 2291 haheri

260 2320 619 2399 sententia822-824
645 2350 814 2397 versuum:
842 2330 930 2397 deest
954 2342 985 2397 et
1010 2330 1156 2409 verbum,
1182 2330 1264 2416 qaod
1290 2351 1308 2396 e
1332 2331 1447 2395 vicinis

259 2434 546 2524 supplert‘nequtr
576 2444 608 2502 et
638 2436 743 2501 dextri
775 2436 884 2502 lateris
907 2435 1117 2520 significatio,
1148 2437 1200 2501 cui
1225 2436 1313 2500 laeva
1336 2454 1447 2500 manas

260 2564 278 2608 a
308 2542 456 2609 muliebri
488 2540 586 2607 choro
608 2549 761 2628 occupata
788 2543 960 2628 opponitur
984 2562 1030 2605 vs.
1056 2542 1158 2606 aaa?
1197 2540 1337 2606 Verbum
1363 2537 1447 2625 quod

260 2648 349 2715 deest
381 2648 559 2735 repperisse
587 2646 687 2711 videri
714 2654 897 2732 potestant
922 2645 1055 2711 liothius
1080 2647 1135 2731 qui
1161 2666 1218 2731 pro
1240 2665 1373 2710 eonrrun
1397 2664 1448 2708 eo·

259 2774 383 2830 urrnrr,
414 2762 470 2818 ant
502 2751 759 2837 Peerlkampins‚
791 2753 846 2836 qni
880 2771 936 2837 pro
964 2770 1069 2816 srnroa
1093 2770 1237 2827 seoumaa
1262 2750 1447 2815 coniecerit.

262 2857 362 2924 hlteri
388 2877 462 2924 vcra
485 2856 687 2922 incommodo
711 2858 818 2922 nescia
842 2877 880 2922 an
906 2856 1071 2923 subreniri
1097 2858 1196 2943 possit
1219 2852 1400 2921 scribendo:

485 2982 598 3026 ennena
621 2981 697 3027 nnnr
721 2961 831 3027 'l'hetis
854 2971 886 3029 el
910 2961 1014 3028 lllelile
1038 2982 1108 3048 sqq.

259 3067 329 3133 scil.
352 3067 521 3154 paradentes
544 3054 643 3132 mans
664 3067 891 3151 tranquillitate
914 3088 950 3133 ac
974 3077 1153 3153 tempestate
1176 3086 1294 3133 serena.

730 3172 790 3250 Vl,
818 3177 882 3237 442
905 3192 975 3258 sqq.

352 3277 427 3353 Hie,
451 3298 531 3364 quos
557 3276 659 3343 durus
682 3296 773 3343 amor
795 3278 917 3343 crudeli
943 3276 1015 3343 tahe
1040 3278 1186 3363 peredit,

352 3385 468 3448 secreti
493 3381 597 3448 celant
621 3382 717 3449 calles
738 3391 770 3448 et
794 3391 919 3470 myrlea
943 3382 1067 3447 circum

349 3487 430 3554 silva
455 3490 550 3573 legin
574 3508 671 3553 curae
694 3508 757 3553 non
779 3489 847 3573 ipsa
872 3489 904 3553 in
930 3496 1033 3553 marte
1058 3486 1256 3573 relinquunt.

352 3593 408 3659 llis
433 3592 608 3660 Phaedram
636 3594 831 3680 Procrinque
855 3592 933 3657 locis
958 3600 1178 3677 maestamque
1205 3590 1381 3678 Eriphylen

350 3698 490 3765 crudelis
516 3701 581 3764 nati
607 3706 841 3763 monstrantem
870 3698 1001 3763 rulrrera
1028 3698 1133 3764 cernit

350 3805 570 3891 Euadnenque
594 3813 626 3871 et
651 3802 851 3890 Pasiphaen;
879 3803 929 3869 his
953 3802 1125 3869 Laodamia

351 3912 377 3977 it
400 3931 507 3976 eomes
533 3913 579 3997 [et
600 3911 726 3976 iuvenis
750 3908 929 3996 quondam,
955 3929 1041 3975 nune
1066 3908 1200 3983 lemine,
1226 3907 1372 3973 Caeneus

350 4035 465 4082 rursus
488 4016 521 4080 in
547 4026 685 4082 veterem
712 4014 776 4080 lato
800 4014 943 4081 revoluta
969 4014 1133 4100 liguram}

304 4120 388 4202 Quid
419 4121 563 4188 Caeneus
595 4120 655 4187 sihi
690 4121 767 4187 velit
790 4121 875 4185 inter
899 4120 1051 4187 mulieres
1072 4117 1190 4184 infelici
1216 4136 1324 4183 amore
1343 4115 1447 4203 perdi·

259 4236 327 4303 tas,
358 4225 533 4312 Porhigero
563 4227 667 4292 minas
698 4226 840 4304 elarrtm,
875 4224 954 4291 mihi
980 4247 1111 4313 prorsas
1134 4224 1297 4289 absarrum
1320 4231 1389 4296 est,
1414 4231 1447 4288 et

259 4330 308 4396 vel
340 4329 421 4396 hane
453 4352 551 4399 unam
582 4333 740 4399 rationem
771 4330 919 4397 sufficere
950 4332 1107 4408 arbitror,
1140 4337 1177 4395 ut
1200 4328 1297 4394 verha
1323 4326 1447 4393 inclusa

259 4434 298 4501 ad
337 4455 464 4504 versum
503 4437 725 4522 imperfectum
762 4436 975 4522 supplendam
1008 4437 1047 4502 ah
1079 4434 1305 4522 interpolatore
1337 4432 1446 4498 addita
