3242 5014
724 648 786 722 VI.

651 869 858 929 emnem.

203 1066 319 1135 Tribus
350 1072 385 1135 in
414 1069 557 1139 Homero
587 1072 666 1139 locis
696 1072 862 1140 Bekhcrus
892 1074 994 1140 edidit
1024 1071 1135 1141 ἕναδεν.
1190 1074 1287 1142 111611-
1314 1086 1346 1146 Ξ.

160 1172 235 1241 340.
260 1182 293 1242 61
318 1185 350 1242 Ρ.
376 1174 452 1244 647.
477 1182 510 1245 61
533 1176 646 1266 Odyss.
671 1189 709 1245 Π.
735 1176 789 1244 28.

517 1285 586 1349 ἐπεί
609 1284 643 1349 νύ
666 1307 713 1350 ταν
736 1281 837 1351 ἓναδεν
860 1284 942 1359 εὐνή.

514 1390 583 1456 ἐπεί
604 1389 639 1455 νύ
661 1413 707 1456 τα
730 1387 831 1456 ἓναδεν
855 1387 959 1464 οὕτως.

517 1490 555 1570 ὦς
580 1494 643 1577 γάρ
666 1495 701 1560 νύ
723 1519 768 1561 τοι
792 1493 877 1561 ἓναδε
900 1498 993 1578 θυμῷ.

157 1604 194 1664 ut
223 1618 280 1685 pro
311 1600 464 1665 tribrachi
498 1606 547 1666 ter
577 1601 725 1689 dactylus
754 1608 923 1687 reponatur
952 1606 1116 1691 geminato
1147 1603 1346 1693 digammate

157 1704 359 1771 scribendum
377 1703 507 1781 ἔνναδεν,
531 1707 615 1773 unde
632 1706 741 1773 εὔαδεν
757 1714 865 1774 ortum
888 1715 953 1786 est,
977 1716 1015 1775 nt
1038 1708 1192 1788 καυάξαις
1213 1731 1253 1776 er
1273 1735 1343 1777 καν-

156 1807 262 1886 ναξανς
292 1816 325 1876 61
347 1809 498 1892 αὐέρυσαν
520 1832 577 1898 pro
600 1814 759 1893 ἀπέρυσαν
783 1820 815 1879 61
838 1815 967 1896 αὐίαχνν
989 1835 1046 1900 pro
1067 1815 1224 1899 αὶννίαχνν,
1255 1820 1344 1883 simi·

154 1915 261 2002 licque
284 1915 458 2004 complure.
505 1918 600 2004 Apud
622 1918 824 2007 Hesychinm
846 1927 918 2006 post
941 1921 1077 2001 Αὖΐαχα
1100 1920 1238 2010 legitur:

470 2023 636 2090 Αὐὶδὲταντ
659 2027 819 2106 ἀφανοῦς,
844 2025 984 2106 docrinae.

26 2151 30 2157 ·
153 2126 235 2193 nihil
266 2127 354 2194 aliud
384 2135 432 2196 est
462 2151 559 2216 quem
589 2130 754 2207 αὶεηδέτον,
785 2132 870 2218 qnod
900 2132 1072 2198 formatum
1102 2138 1210 2198 estut
1232 2134 1342 2211 ἀλαμ-

153 2255 255 2305 mm.

705 2538 785 2610 VII.

356 2768 470 2829 AfflN
496 2797 539 2811 -
564 2766 751 2835 orclem,
775 2768 937 2832 nreoc,
964 2767 1132 2827 neoris.

196 2971 372 3064 Digommo
401 2994 500 3060 quum
533 2974 575 3038 sit
604 2973 708 3037 ocrea
731 2973 849 3059 biqoidc
870 2974 971 3036 mutis
994 2972 1185 3057 quibusdum
1208 2973 1338 3038 subiun·

149 3082 249 3167 gitur.
297 3079 391 3164 Apud
425 3077 606 3145 Homerum
641 3079 771 3165 quidem
799 3080 834 3143 in
864 3078 988 3143 duobus
1017 3082 1145 3143 tentum
1173 3077 1339 3169 uocabulis

147 3183 270 3270 liquido
295 3190 425 3271 upperet
447 3185 614 3272 digummo
635 3184 746 3250 literae
770 3194 797 3249 Δ
821 3183 918 3248 fuisse
936 3183 1154 3249 subiunctum.
1189 3183 1338 3249 Primum

147 3294 181 3355 in
203 3299 337 3370 AFHN,
357 3291 441 3377 quod
460 3291 568 3378 ubique
585 3291 653 3357 sine
673 3288 740 3356 ullo
759 3290 942 3375 exceptione
960 3288 1198 3356 antecedentem
1208 3290 1339 3357 brevem

147 3399 302 3482 positione
324 3397 486 3485 producit,
509 3397 604 3463 utin

464 3502 592 3580 μίνυνθα
615 3525 671 3582 περ
693 3503 758 3568 οὔτε
781 3500 875 3579 μάλα
900 3499 977 3575 irtio.

194 3616 232 3671 Α.
258 3605 334 3672 416.
358 3616 400 3672 Ν.
428 3605 504 3675 673.
528 3632 564 3688 χ.
590 3605 656 3674 473
679 3614 712 3674 61

578 3714 639 3779 οὐδ’
663 3711 711 3791 ἄρ’
735 3710 781 3778 ἔτι
805 3711 880 3788 δνήν.

194 3827 229 3882 Z.
256 3816 330 3883 139.
358 3827 395 3883 Θ.
423 3818 497 3884 126.
522 3828 563 3884 Ψ.
588 3817 664 3884 690.
686 3821 723 3899 β.
749 3816 801 3882 36.
829 3815 906 3883 296.
931 3814 1007 3884 397.
1031 3840 1057 3897 ρ.
1083 3814 1136 3884 72.
1162 3821 1194 3883 61
1216 3817 1279 3882 οὐδ’
1300 3818 1338 3883 δν

146 3922 193 3990 ἕνα
217 3923 284 3999 irtio
308 3932 344 3988 Τ.
371 3922 449 3990 426.
475 3930 507 3991 61
526 3924 606 3990 οὗτοι
627 3922 671 3989 ἔτι
692 3924 768 3999 δννίν.
791 3923 909 3990 616611
929 3923 994 3999 δνήν
1014 3933 1054 3988 Π.
1076 3920 1152 3990 736.
1172 3931 1205 3990 61
1221 3946 1246 3987 ε.
1261 3921 1336 3991 127.

191 4029 340 4096 Alterum
372 4028 556 4116 exemplum
587 4037 614 4092 Δ
639 4036 671 4095 et
692 4039 720 4097 F
741 4031 983 4095 coniunctorum
1017 4034 1065 4094 est
1098 4028 1133 4093 in
1166 4026 1338 4096 Homerico

146 4137 244 4203 verbo
272 4136 378 4201 δείδια.
427 4134 631 4201 scribebatur
660 4135 739 4201 olim
764 4133 910 4205 ἔδδεισεν.
943 4133 1145 4210 ὑποδδείσας,
1177 4132 1281 4205 ἀδδεές
1306 4140 1339 4201 61

147 4242 277 4309 similia.
309 4243 513 4308 Aristarchus
535 4245 570 4306 in
592 4242 643 4307 his
665 4264 768 4307 unum
791 4248 919 4307 tuntum
940 4252 967 4306 Δ
988 4241 1154 4307 scribebat.
1187 4239 1337 4307 Scholion

147 4348 187 4415 od
211 4359 249 4413 Θ.
275 4347 350 4414 423.
375 4350 491 4418 ἀδεὲς
521 4348 559 4412 δι’
584 4347 645 4419 ἑνὸς
671 4360 696 4413 Δ
723 4348 917 4429 Ἀρίςαρχος.
942 4352 974 4414 61
997 4347 1037 4413 ud
1061 4355 1100 4410 0.
1127 4345 1202 4411 123.
1228 4371 1334 4428 περι·

147 4457 322 4522 δείσασα
352 4456 404 4521 διὰ
431 4462 484 4521 τοῦ
508 4457 608 4537 ἑτέραν
632 4467 659 4521 Δ
686 4455 889 4536 Ἀρίςαρχας,
922 4461 955 4520 61
977 4454 1017 4520 od
1040 4462 1080 4518 Ψ.
1107 4450 1183 4519 417.
1208 4452 1258 4519 διὰ
1282 4460 1335 4519 τοῦ
