3254 5034
749 366 849 413 vanu.
1352 348 1393 412 61

308 545 488 624 expecta
533 543 604 603 aut
629 533 732 601 mihi
753 534 935 602 linteum
959 536 1147 602 remitte.

252 641 356 724 Quid,
380 644 408 707 si
439 661 534 728 quam
561 642 753 708 severiorem
779 661 913 728 poenam
940 642 1008 727 ipse
1031 642 1175 707 uarottos
1201 642 1232 707 in
1248 639 1396 707 Thallum

205 747 360 824 intendit,
402 748 513 813 eadem
554 750 734 813 animosum
775 767 931 834 puerum,
972 749 1028 834 qui
1071 747 1213 814 disertus
1252 747 1396 834 leporum

206 874 245 920 ac
277 852 468 920 facetiarum
504 852 657 919 illiberale
688 873 790 938 genus
825 851 950 918 iocandi
975 852 1059 919 lerre
1084 874 1145 919 non
1172 864 1299 940 posset,
1336 852 1398 918 lra-

208 971 291 1026 trem
318 959 455 1045 dignum
480 958 598 1025 ducere
622 958 732 1024 dieat?
756 957 906 1035 Crede,
930 959 1046 1046 inquit,
1066 958 1215 1038 tratri,
1234 960 1306 1045 qui
1327 968 1397 1025 tua

207 1065 328 1132 turta
361 1074 441 1129 vtte
464 1074 568 1130 lenta
590 1074 746 1130 multant
770 1063 887 1130 velit.

253 1170 432 1237 llulteri
456 1170 588 1237 Vossius
612 1190 649 1236 ex
676 1171 755 1235 libro
779 1170 950 1247 Vaticano,
974 1189 1069 1258 quern
1095 1173 1261 1257 antiquam
1287 1170 1398 1237 lectio·

209 1297 282 1344 nem
307 1276 391 1342 lorte
415 1276 580 1343 rettulisse
607 1279 710 1362 magis
734 1295 830 1363 quam
858 1275 919 1340 lide
944 1278 1115 1342 retinuisse
1140 1277 1291 1343 arbitror.
1340 1277 1399 1342 Ro·

208 1403 285 1469 gare
325 1383 488 1469 quispiam
527 1385 648 1470 possit,
673 1401 733 1448 cor
757 1382 863 1467 potius
887 1382 1079 1467 vitigineum
1111 1383 1248 1461 luston,
1284 1383 1316 1448 io
1349 1402 1399 1448 ea·

208 1491 328 1557 strensl
360 1488 638 1555 animadversione
671 1489 857 1574 vulgarem,
889 1507 985 1574 quarn
1019 1497 1075 1552 aut
1109 1489 1250 1554 olnreum
1273 1497 1329 1554 eut
1351 1509 1400 1554 sa·

208 1595 332 1682 lignum
359 1603 416 1660 etit
440 1594 539 1661 alium
565 1597 749 1681 quempiam
776 1596 808 1659 in
836 1613 935 1679 poena
962 1592 1073 1659 lratris
1098 1594 1197 1659 Pollio
1216 1593 1397 1661 adhibitum

207 1722 276 1768 esse
303 1699 451 1767 voluerit.
495 1701 608 1767 Parata
631 1702 796 1789 responsio
819 1708 886 1777 est,
912 1701 1009 1766 ritem
1036 1719 1093 1786 per
1117 1701 1272 1765 carminis
1296 1699 1397 1786 legem

208 1806 309 1874 tnulto
322 1805 449 1873 lacilius
464 1805 576 1873 inlerri
589 1808 750 1894 potuisse,
764 1828 861 1894 quarn
876 1815 1059 1873 ceterarum
1071 1806 1222 1872 arborum
1235 1805 1398 1872 voeanota.

251 2123 400 2193 ctutttttt
424 2125 463 2192 ad
490 2124 579 2191 Vane.
605 2124 629 2192 l.
656 2126 715 2213 Ep.
744 2129 785 2206 2,
816 2134 843 2192 t.

253 2231 496 2297 Videbatur
539 2232 648 2297 enirn
695 2230 985 2298 reconciliata
1029 2228 1153 2294 nobis
1198 2228 1401 2296 uoluntas

207 2358 304 2404 csse
329 2346 530 2415 senatus,
554 2338 663 2423 quod
685 2358 773 2403 cum
795 2336 992 2416 dicendo,
1025 2345 1108 2401 tum
1130 2336 1401 2423 singulisap·

210 2442 432 2530 pellendis
463 2442 761 2531 rogandisque
794 2461 1108 2530 perspexeram.
1152 2441 1193 2507 Et
1218 2450 1399 2527 postcom

208 2558 337 2638 etpost
361 2557 445 2615 turn
471 2548 591 2616 excidit
616 2550 827 2636 praepositio:
861 2546 1122 2621 indicendo,
1145 2556 1187 2611 tn
1210 2546 1401 2632 singulis

208 2655 509 2745 appellandis;
556 2675 629 2721 nam
665 2656 790 2721 animos
827 2654 995 2721 hominum
1028 2653 1188 2739 perspexit
1221 2661 1290 2717 turn
1327 2671 1400 2718 curn

208 2762 356 2842 dicebat,
383 2761 575 2848 appellabat.
1050 2758 1053 2761 ’

259 2973 306 3040 dd
329 2973 421 3040 Fam.
445 2972 501 3039 ΙΙΙ.
525 2973 586 3060 Ep.
618 2978 675 3050 to,
701 2978 732 3039 3.

259 3080 536 3168 Pomptinius
565 3098 654 3145 cum
685 3078 882 3145 maximis
914 3078 1006 3144 suis
1030 3073 1159 3142 rebus
1184 3084 1403 3143 conctusa

211 3207 273 3253 me
297 3185 570 3252 invitissimo
592 3181 1180 3261 decessisset‚-Laodieeam
1204 3183 1401 3250 revertit.

212 3291 390 3361 Deceditur
414 3291 500 3369 loco,
526 3290 566 3356 ab
589 3288 719 3357 homine
744 3288 934 3355 disceditur.
984 3287 1058 3374 Lep.
1085 3297 1327 3355 munos.

260 3502 321 3571 to.
346 3501 438 3569 Fam.
463 3502 501 3567 V.
526 3502 584 3590 Ep.
610 3506 650 3580 8,
677 3508 708 3568 5.

260 3608 542 3692 Quamobrem
568 3609 678 3674 satis
708 3627 803 3675 esse
831 3606 907 3703 'hoe
938 3614 1126 3694 tempore
1155 3605 1406 3673 arbitratus

212 3734 301 3783 sum
329 3714 404 3780 hoc
427 3713 474 3781 ad
499 3721 539 3780 te
563 3713 775 3791 scribere,
800 3733 874 3790 me,
896 3713 931 3778 si
955 3712 1055 3800 quid
1077 3713 1167 3800 ipse
1187 3711 1407 3799 intellige·

213 3840 301 3888 rem
333 3828 406 3887 aut
436 3819 484 3887 ad
514 3818 781 3886 voluntatem
814 3828 885 3885 aut
913 3818 961 3885 ad
982 3818 1243 3886 commodum
1266 3827 1339 3885 eut
1360 3817 1406 3885 ad

214 3925 550 4014 amplitudinem
594 3933 706 3991 tuam
749 3926 997 4012 pertinere,
1046 3943 1133 3990 rnea
1175 3933 1325 4011 sponte
1368 3923 1407 3991 id

213 4031 1407 4119 esselacturarmsinauremquidpiamautateesscrn

214 4136 464 4204 admonitus
493 4146 565 4203 aut
599 4157 616 4203 a
655 4138 759 4214 tuis,
794 4136 1075 4211 ellecturonr‚
1114 4145 1156 4203 ut
1192 4136 1407 4222 intellige·

216 4264 284 4310 res
327 4242 438 4310 nillil
482 4263 614 4328 neque
646 4252 683 4309 tc
716 4243 956 4328 scripsisse
992 4261 1126 4328 neque
1155 4263 1405 4329 quemquam

218 4359 388 4416 tuorum
422 4348 587 4415 lrustra
615 4348 660 4416 ad
687 4368 745 4415 me
768 4347 992 4415 detulisse.
1041 4347 1084 4412 lla
1118 4359 1166 4414 est
1194 4348 1308 4414 horum
1339 4370 1406 4416 ver·

218 4455 331 4523 borum
371 4454 549 4533 sententia,
594 4466 628 4521 ut
670 4454 837 4521 lrustra
878 4464 910 4521 et
954 4453 993 4519 ed
1036 4452 1255 4520 detulisse
1295 4462 1328 4520 et
1369 4453 1408 4519 ad
