<?xml version="1.0" encoding="UTF-8"?>
<!DOCTYPE html PUBLIC "-//W3C//DTD XHTML 1.0 Transitional//EN"
    "http://www.w3.org/TR/xhtml1/DTD/xhtml1-transitional.dtd">
<html xmlns="http://www.w3.org/1999/xhtml" xml:lang="en" lang="en">
 <head>
  <title>
</title>
<meta http-equiv="Content-Type" content="text/html;charset=utf-8" />
  <meta name='ocr-system' content='tesseract 3.04.00' />
  <meta name='ocr-capabilities' content='ocr_page ocr_carea ocr_par ocr_line ocrx_word'/>
</head>
<body>
  <div class='ocr_page' id='page_1' title='image "./mnemosynebiblio00servgoog_0087.png"; bbox 0 0 3254 5034; ppageno 0'>
   <div class='ocr_carea' id='block_1_1' title="bbox 242 327 969 393">
    <p class='ocr_par' dir='ltr' id='par_1_1' title="bbox 242 327 969 393">
     <span class='ocr_line' id='line_1_1' title="bbox 242 327 969 393; baseline -0.006 0"><span class='ocrx_word' id='word_1_1' title='bbox 242 327 285 393; x_wconf 81' lang='lat' dir='ltr'><strong>ts</strong></span> <span class='ocrx_word' id='word_1_2' title='bbox 707 342 746 390; x_wconf 82' lang='lat' dir='ltr'><strong>an</strong></span> <span class='ocrx_word' id='word_1_3' title='bbox 768 340 969 390; x_wconf 73' lang='lat' dir='ltr'><strong>moerorum.</strong></span> 
     </span>
    </p>
   </div>
   <div class='ocr_carea' id='block_1_2' title="bbox 240 505 1439 4530">
    <p class='ocr_par' dir='ltr' id='par_1_2' title="bbox 240 505 1435 687">
     <span class='ocr_line' id='line_1_2' title="bbox 241 505 1435 600; baseline -0.005 -21"><span class='ocrx_word' id='word_1_4' title='bbox 241 510 300 580; x_wconf 74' lang='lat' dir='ltr'><strong>iro.</strong></span> <span class='ocrx_word' id='word_1_5' title='bbox 347 510 465 600; x_wconf 82' lang='lat' dir='ltr'>Copula</span> <span class='ocrx_word' id='word_1_6' title='bbox 496 509 642 578; x_wconf 82' lang='lat' dir='ltr'><strong>vocabuli</strong></span> <span class='ocrx_word' id='word_1_7' title='bbox 672 510 894 599; x_wconf 86' lang='lat' dir='ltr'><strong>praecedentis</strong></span> <span class='ocrx_word' id='word_1_8' title='bbox 925 508 1152 578; x_wconf 78' lang='lat' dir='ltr'><strong>terminatione</strong></span> <span class='ocrx_word' id='word_1_9' title='bbox 1183 505 1333 595; x_wconf 85' lang='lat' dir='ltr'><strong>absorpta</strong></span> <span class='ocrx_word' id='word_1_10' title='bbox 1362 524 1435 574; x_wconf 90' lang='lat' dir='ltr'><strong>esse</strong></span> 
     </span>
     <span class='ocr_line' id='line_1_3' title="bbox 240 619 381 687; baseline 0.021 -3"><span class='ocrx_word' id='word_1_11' title='bbox 240 619 381 687; x_wconf 84' lang='lat' dir='ltr'><strong>ridetur.</strong></span> 
     </span>
    </p>

    <p class='ocr_par' dir='ltr' id='par_1_3' title="bbox 240 716 1436 2614">
     <span class='ocr_line' id='line_1_4' title="bbox 286 716 1436 813; baseline -0.005 -21"><span class='ocrx_word' id='word_1_12' title='bbox 286 725 407 792; x_wconf 84' lang='lat' dir='ltr'><strong>Ibidem</strong></span> <span class='ocrx_word' id='word_1_13' title='bbox 433 726 466 791; x_wconf 85' lang='lat' dir='ltr'><strong>in</strong></span> <span class='ocrx_word' id='word_1_14' title='bbox 491 732 637 792; x_wconf 82' lang='lat' dir='ltr'><strong>extremo</strong></span> <span class='ocrx_word' id='word_1_15' title='bbox 661 725 785 813; x_wconf 81' lang='lat' dir='ltr'><strong>capite:</strong></span> <span class='ocrx_word' id='word_1_16' title='bbox 811 724 915 798; x_wconf 70' lang='lat' dir='ltr'><strong>briona</strong></span> <span class='ocrx_word' id='word_1_17' title='bbox 939 726 1012 791; x_wconf 80' lang='grc' dir='ltr'><strong><em>κατ’</em></strong></span> <span class='ocrx_word' id='word_1_18' title='bbox 1036 720 1198 802; x_wconf 55' lang='lat' dir='ltr'><strong>&amp;ildoncia</strong></span> <span class='ocrx_word' id='word_1_19' title='bbox 1221 744 1290 788; x_wconf 80' lang='grc' dir='ltr'><strong><em>τινα</em></strong></span> <span class='ocrx_word' id='word_1_20' title='bbox 1313 716 1361 787; x_wconf 72' lang='grc' dir='ltr'><strong>ὅτι</strong></span> <span class='ocrx_word' id='word_1_21' title='bbox 1383 722 1436 786; x_wconf 81' lang='grc' dir='ltr'><strong>οὐ·</strong></span> 
     </span>
     <span class='ocr_line' id='line_1_5' title="bbox 241 828 1436 913; baseline -0.008 -13"><span class='ocrx_word' id='word_1_22' title='bbox 241 833 302 908; x_wconf 66' lang='grc' dir='ltr'><strong><em>δεῖν</em></strong></span> <span class='ocrx_word' id='word_1_23' title='bbox 332 858 379 899; x_wconf 87' lang='grc' dir='ltr'><strong>πιο</strong></span> <span class='ocrx_word' id='word_1_24' title='bbox 409 839 467 899; x_wconf 80' lang='grc' dir='ltr'><strong>τῶν</strong></span> <span class='ocrx_word' id='word_1_25' title='bbox 500 832 556 913; x_wconf 74' lang='grc' dir='ltr'><strong>πρὸ</strong></span> <span class='ocrx_word' id='word_1_26' title='bbox 589 832 698 898; x_wconf 76' lang='grc' dir='ltr'><strong><em>ἑαυτοῦ</em></strong></span> <span class='ocrx_word' id='word_1_27' title='bbox 731 831 879 911; x_wconf 61' lang='lat' dir='ltr'><strong>epotam</strong></span> <span class='ocrx_word' id='word_1_28' title='bbox 904 829 1000 896; x_wconf 73' lang='grc' dir='ltr'><strong><em>πάλιν</em></strong></span> <span class='ocrx_word' id='word_1_29' title='bbox 1024 829 1158 913; x_wconf 72' lang='grc' dir='ltr'><strong><em>ἄφίκετο</em></strong></span> <span class='ocrx_word' id='word_1_30' title='bbox 1182 828 1236 895; x_wconf 75' lang='grc' dir='ltr'><strong>καὶ</strong></span> <span class='ocrx_word' id='word_1_31' title='bbox 1261 849 1436 909; x_wconf 48' lang='grc' dir='ltr'><strong><em>παραποιιιι</em></strong></span> 
     </span>
     <span class='ocr_line' id='line_1_6' title="bbox 241 933 1435 1024; baseline -0.006 -19"><span class='ocrx_word' id='word_1_32' title='bbox 241 938 374 1018; x_wconf 77' lang='grc' dir='ltr'><strong><em>παμενος</em></strong></span> <span class='ocrx_word' id='word_1_33' title='bbox 404 938 588 1021; x_wconf 67' lang='grc' dir='ltr'><strong><em>σφραγῖδα,</em></strong></span> <span class='ocrx_word' id='word_1_34' title='bbox 620 935 673 1013; x_wconf 75' lang='grc' dir='ltr'><strong><em>ἵν’,</em></strong></span> <span class='ocrx_word' id='word_1_35' title='bbox 705 937 741 1014; x_wconf 74' lang='grc' dir='ltr'><strong>ἢν</strong></span> <span class='ocrx_word' id='word_1_36' title='bbox 769 937 887 1019; x_wconf 67' lang='lat' dir='ltr'><strong>deortui</strong></span> <span class='ocrx_word' id='word_1_37' title='bbox 911 944 967 1012; x_wconf 76' lang='grc' dir='ltr'><strong>τῆς</strong></span> <span class='ocrx_word' id='word_1_38' title='bbox 1002 934 1091 1013; x_wconf 74' lang='grc' dir='ltr'><em>δόξης</em></span> <span class='ocrx_word' id='word_1_39' title='bbox 1118 934 1164 1024; x_wconf 72' lang='grc' dir='ltr'><strong>[ἢ]</strong></span> <span class='ocrx_word' id='word_1_40' title='bbox 1192 936 1244 1000; x_wconf 75' lang='grc' dir='ltr'><strong>καὶ</strong></span> <span class='ocrx_word' id='word_1_41' title='bbox 1268 933 1380 1006; x_wconf 69' lang='grc' dir='ltr'><strong><em>ἐκεῖνος</em></strong></span> <span class='ocrx_word' id='word_1_42' title='bbox 1403 957 1435 998; x_wconf 86' lang='grc' dir='ltr'><strong>τι</strong></span> 
     </span>
     <span class='ocr_line' id='line_1_7' title="bbox 240 1035 1436 1127; baseline -0.007 -15"><span class='ocrx_word' id='word_1_43' title='bbox 240 1042 452 1127; x_wconf 69' lang='grc' dir='ltr'><strong>μεταγράψαι</strong></span> <span class='ocrx_word' id='word_1_44' title='bbox 476 1043 602 1127; x_wconf 74' lang='grc' dir='ltr'><strong><em>αἱτήτγ,</em></strong></span> <span class='ocrx_word' id='word_1_45' title='bbox 632 1043 678 1122; x_wconf 72' lang='grc' dir='ltr'><strong>μὶν</strong></span> <span class='ocrx_word' id='word_1_46' title='bbox 701 1044 834 1125; x_wconf 73' lang='grc' dir='ltr'><strong><em>ἐπιγνῷ,</em></strong></span> <span class='ocrx_word' id='word_1_47' title='bbox 860 1041 927 1109; x_wconf 75' lang='grc' dir='ltr'><strong><em>λύει</em></strong></span> <span class='ocrx_word' id='word_1_48' title='bbox 952 1043 1011 1117; x_wconf 74' lang='grc' dir='ltr'><strong><em>τοὶς</em></strong></span> <span class='ocrx_word' id='word_1_49' title='bbox 1036 1042 1204 1119; x_wconf 65' lang='grc' dir='ltr'><strong><em>ἐπιτολὰς,</em></strong></span> <span class='ocrx_word' id='word_1_50' title='bbox 1229 1042 1261 1106; x_wconf 77' lang='grc' dir='ltr'><strong>ἐν</strong></span> <span class='ocrx_word' id='word_1_51' title='bbox 1285 1035 1337 1114; x_wconf 73' lang='grc' dir='ltr'><strong>αἶς</strong></span> <span class='ocrx_word' id='word_1_52' title='bbox 1361 1041 1436 1105; x_wconf 80' lang='grc' dir='ltr'><strong><em>ὑπο·</em></strong></span> 
     </span>
     <span class='ocr_line' id='line_1_8' title="bbox 242 1145 1436 1232; baseline -0.007 -13"><span class='ocrx_word' id='word_1_53' title='bbox 242 1155 353 1230; x_wconf 76' lang='grc' dir='ltr'><strong><em>νοιὶοας</em></strong></span> <span class='ocrx_word' id='word_1_54' title='bbox 383 1175 412 1217; x_wconf 92' lang='grc' dir='ltr'><strong>τι</strong></span> <span class='ocrx_word' id='word_1_55' title='bbox 436 1154 554 1216; x_wconf 82' lang='grc' dir='ltr'><strong><em>τοιοῦτο</em></strong></span> <span class='ocrx_word' id='word_1_56' title='bbox 577 1148 827 1232; x_wconf 73' lang='grc' dir='ltr'><strong><em>προπεπεςοὶλοαι</em></strong></span> <span class='ocrx_word' id='word_1_57' title='bbox 855 1150 922 1215; x_wconf 75' lang='grc' dir='ltr'><strong>καὶ</strong></span> <span class='ocrx_word' id='word_1_58' title='bbox 947 1150 1040 1215; x_wconf 81' lang='grc' dir='ltr'><strong><em>αὑτὸν</em></strong></span> <span class='ocrx_word' id='word_1_59' title='bbox 1063 1145 1150 1229; x_wconf 73' lang='lat' dir='ltr'><strong>adpro</strong></span> <span class='ocrx_word' id='word_1_60' title='bbox 1173 1146 1436 1229; x_wconf 71' lang='grc' dir='ltr'><strong>ἐγγεγραμμένα</strong></span> 
     </span>
     <span class='ocr_line' id='line_1_9' title="bbox 241 1253 1436 1341; baseline -0.006 -16"><span class='ocrx_word' id='word_1_61' title='bbox 241 1258 378 1326; x_wconf 73' lang='grc' dir='ltr'><strong><em>κτείνειν.</em></strong></span> <span class='ocrx_word' id='word_1_62' title='bbox 424 1254 563 1324; x_wconf 87' lang='lat' dir='ltr'><strong>Delendo</strong></span> <span class='ocrx_word' id='word_1_63' title='bbox 594 1266 625 1322; x_wconf 87' lang='lat' dir='ltr'><strong>et</strong></span> <span class='ocrx_word' id='word_1_64' title='bbox 657 1254 896 1341; x_wconf 88' lang='lat' dir='ltr'><strong>transponendo</strong></span> <span class='ocrx_word' id='word_1_65' title='bbox 928 1255 1110 1321; x_wconf 84' lang='lat' dir='ltr'><strong>lladhanrus</strong></span> <span class='ocrx_word' id='word_1_66' title='bbox 1140 1253 1371 1320; x_wconf 64' lang='lat' dir='ltr'><strong>violentissime</strong></span> <span class='ocrx_word' id='word_1_67' title='bbox 1401 1261 1436 1318; x_wconf 88' lang='lat' dir='ltr'><strong>et</strong></span> 
     </span>
     <span class='ocr_line' id='line_1_10' title="bbox 242 1360 1434 1452; baseline -0.002 -23"><span class='ocrx_word' id='word_1_68' title='bbox 242 1374 372 1452; x_wconf 90' lang='lat' dir='ltr'><strong>praeter</strong></span> <span class='ocrx_word' id='word_1_69' title='bbox 395 1381 522 1428; x_wconf 87' lang='lat' dir='ltr'><strong>ornnem</strong></span> <span class='ocrx_word' id='word_1_70' title='bbox 549 1361 805 1448; x_wconf 69' lang='lat' dir='ltr'><strong>probabilitatem</strong></span> <span class='ocrx_word' id='word_1_71' title='bbox 832 1360 908 1429; x_wconf 88' lang='lat' dir='ltr'><strong>haec</strong></span> <span class='ocrx_word' id='word_1_72' title='bbox 934 1360 1030 1430; x_wconf 82' lang='lat' dir='ltr'><strong>verba</strong></span> <span class='ocrx_word' id='word_1_73' title='bbox 1055 1362 1102 1428; x_wconf 87' lang='lat' dir='ltr'><strong>sic</strong></span> <span class='ocrx_word' id='word_1_74' title='bbox 1127 1360 1272 1447; x_wconf 81' lang='lat' dir='ltr'><strong>refingit:</strong></span> <span class='ocrx_word' id='word_1_75' title='bbox 1297 1367 1434 1443; x_wconf 79' lang='grc' dir='ltr'><strong><em>οφραγῖ·</em></strong></span> 
     </span>
     <span class='ocr_line' id='line_1_11' title="bbox 242 1467 1433 1552; baseline -0.003 -16"><span class='ocrx_word' id='word_1_76' title='bbox 242 1472 301 1549; x_wconf 72' lang='grc' dir='ltr'><strong>δα,</strong></span> <span class='ocrx_word' id='word_1_77' title='bbox 334 1468 370 1545; x_wconf 76' lang='grc' dir='ltr'><strong>ἢν</strong></span> <span class='ocrx_word' id='word_1_78' title='bbox 399 1469 517 1552; x_wconf 61' lang='lat' dir='ltr'><strong>dovoti</strong></span> <span class='ocrx_word' id='word_1_79' title='bbox 545 1475 602 1544; x_wconf 72' lang='lat' dir='ltr'><strong>rije</strong></span> <span class='ocrx_word' id='word_1_80' title='bbox 627 1467 713 1551; x_wconf 66' lang='grc' dir='ltr'><strong><em>δόξαν</em></strong></span> <span class='ocrx_word' id='word_1_81' title='bbox 739 1467 908 1545; x_wconf 69' lang='grc' dir='ltr'><strong><em>ὑπονοήσας</em></strong></span> <span class='ocrx_word' id='word_1_82' title='bbox 930 1468 1064 1534; x_wconf 74' lang='grc' dir='ltr'><strong><em>τοιοῦτόν</em></strong></span> <span class='ocrx_word' id='word_1_83' title='bbox 1088 1492 1119 1534; x_wconf 91' lang='grc' dir='ltr'><strong>τι</strong></span> <span class='ocrx_word' id='word_1_84' title='bbox 1143 1467 1433 1547; x_wconf 73' lang='grc' dir='ltr'><strong><em>προπεπεςοίλοαιῆ</em></strong></span> 
     </span>
     <span class='ocr_line' id='line_1_12' title="bbox 243 1571 1435 1657; baseline -0.003 -15"><span class='ocrx_word' id='word_1_85' title='bbox 243 1577 381 1650; x_wconf 73' lang='grc' dir='ltr'><strong><em>κακεῖνος</em></strong></span> <span class='ocrx_word' id='word_1_86' title='bbox 411 1599 442 1640; x_wconf 87' lang='grc' dir='ltr'><strong>τι</strong></span> <span class='ocrx_word' id='word_1_87' title='bbox 473 1573 684 1657; x_wconf 70' lang='grc' dir='ltr'><strong><em>μεταγράψαι</em></strong></span> <span class='ocrx_word' id='word_1_88' title='bbox 709 1574 835 1657; x_wconf 67' lang='lat' dir='ltr'><strong>cirtica.</strong></span> <span class='ocrx_word' id='word_1_89' title='bbox 865 1574 932 1640; x_wconf 78' lang='grc' dir='ltr'><strong><em>λύει</em></strong></span> <span class='ocrx_word' id='word_1_90' title='bbox 956 1574 1016 1646; x_wconf 71' lang='grc' dir='ltr'><strong>τὰς</strong></span> <span class='ocrx_word' id='word_1_91' title='bbox 1040 1574 1189 1648; x_wconf 64' lang='lat' dir='ltr'><strong>lascoube</strong></span> <span class='ocrx_word' id='word_1_92' title='bbox 1213 1575 1244 1640; x_wconf 77' lang='grc' dir='ltr'><strong>ἐν</strong></span> <span class='ocrx_word' id='word_1_93' title='bbox 1267 1571 1318 1648; x_wconf 78' lang='grc' dir='ltr'><strong>αἶς</strong></span> <span class='ocrx_word' id='word_1_94' title='bbox 1342 1573 1435 1638; x_wconf 77' lang='grc' dir='ltr'><strong><em>αὑτὸν</em></strong></span> 
     </span>
     <span class='ocr_line' id='line_1_13' title="bbox 243 1677 1434 1767; baseline -0.003 -19"><span class='ocrx_word' id='word_1_95' title='bbox 243 1679 325 1765; x_wconf 83' lang='grc' dir='ltr'><strong><em>εὗρεν</em></strong></span> <span class='ocrx_word' id='word_1_96' title='bbox 348 1681 607 1762; x_wconf 78' lang='grc' dir='ltr'><strong><em>ἐγγεγραμμένον</em></strong></span> <span class='ocrx_word' id='word_1_97' title='bbox 631 1679 768 1746; x_wconf 84' lang='grc' dir='ltr'><strong><em>κτείνειν.</em></strong></span> <span class='ocrx_word' id='word_1_98' title='bbox 803 1679 897 1745; x_wconf 81' lang='lat' dir='ltr'><strong>Prius</strong></span> <span class='ocrx_word' id='word_1_99' title='bbox 921 1689 1009 1745; x_wconf 84' lang='lat' dir='ltr'><strong>corte</strong></span> <span class='ocrx_word' id='word_1_100' title='bbox 1029 1699 1126 1767; x_wconf 86' lang='lat' dir='ltr'><strong>quam</strong></span> <span class='ocrx_word' id='word_1_101' title='bbox 1148 1679 1334 1746; x_wconf 89' lang='lat' dir='ltr'><strong>huiusmodi</strong></span> <span class='ocrx_word' id='word_1_102' title='bbox 1356 1677 1434 1766; x_wconf 90' lang='lat' dir='ltr'><strong>quid</strong></span> 
     </span>
     <span class='ocr_line' id='line_1_14' title="bbox 245 1784 1434 1873; baseline -0.003 -21"><span class='ocrx_word' id='word_1_103' title='bbox 245 1797 404 1863; x_wconf 88' lang='lat' dir='ltr'><strong>tentaret,</strong></span> <span class='ocrx_word' id='word_1_104' title='bbox 429 1785 627 1872; x_wconf 86' lang='lat' dir='ltr'><strong>probandum</strong></span> <span class='ocrx_word' id='word_1_105' title='bbox 653 1787 682 1851; x_wconf 89' lang='lat' dir='ltr'><strong>ei</strong></span> <span class='ocrx_word' id='word_1_106' title='bbox 706 1784 827 1863; x_wconf 85' lang='lat' dir='ltr'><strong>luerat,</strong></span> <span class='ocrx_word' id='word_1_107' title='bbox 852 1786 993 1871; x_wconf 78' lang='lat' dir='ltr'><strong>ineptam</strong></span> <span class='ocrx_word' id='word_1_108' title='bbox 1014 1805 1084 1852; x_wconf 90' lang='lat' dir='ltr'><strong>esse</strong></span> <span class='ocrx_word' id='word_1_109' title='bbox 1106 1787 1301 1873; x_wconf 87' lang='lat' dir='ltr'><strong>scripturam</strong></span> <span class='ocrx_word' id='word_1_110' title='bbox 1325 1784 1434 1870; x_wconf 84' lang='lat' dir='ltr'><strong>uulga-</strong></span> 
     </span>
     <span class='ocr_line' id='line_1_15' title="bbox 246 1890 1434 1979; baseline -0.002 -20"><span class='ocrx_word' id='word_1_111' title='bbox 246 1903 323 1959; x_wconf 91' lang='lat' dir='ltr'><strong>tam.</strong></span> <span class='ocrx_word' id='word_1_112' title='bbox 371 1891 405 1958; x_wconf 91' lang='lat' dir='ltr'><strong>ld</strong></span> <span class='ocrx_word' id='word_1_113' title='bbox 436 1911 522 1957; x_wconf 88' lang='lat' dir='ltr'><strong>vero·</strong></span> <span class='ocrx_word' id='word_1_114' title='bbox 538 1893 727 1978; x_wconf 89' lang='lat' dir='ltr'><strong>neutiquam</strong></span> <span class='ocrx_word' id='word_1_115' title='bbox 759 1891 930 1979; x_wconf 83' lang='lat' dir='ltr'><strong>perspicio.</strong></span> <span class='ocrx_word' id='word_1_116' title='bbox 962 1890 1083 1956; x_wconf 76' lang='lat' dir='ltr'><strong>-uomo</strong></span> <span class='ocrx_word' id='word_1_117' title='bbox 1112 1891 1165 1959; x_wconf 92' lang='lat' dir='ltr'><strong>ille</strong></span> <span class='ocrx_word' id='word_1_118' title='bbox 1193 1892 1336 1979; x_wconf 73' lang='lat' dir='ltr'><strong>Argilius</strong></span> <span class='ocrx_word' id='word_1_119' title='bbox 1358 1911 1434 1958; x_wconf 91' lang='lat' dir='ltr'><strong>cum</strong></span> 
     </span>
     <span class='ocr_line' id='line_1_16' title="bbox 247 1996 1434 2089; baseline 0.004 -29"><span class='ocrx_word' id='word_1_120' title='bbox 247 1999 329 2089; x_wconf 74' lang='lat' dir='ltr'><strong>·(sic</strong></span> <span class='ocrx_word' id='word_1_121' title='bbox 362 1999 449 2065; x_wconf 90' lang='lat' dir='ltr'><strong>enim</strong></span> <span class='ocrx_word' id='word_1_122' title='bbox 483 1999 601 2086; x_wconf 87' lang='lat' dir='ltr'><strong>partim</strong></span> <span class='ocrx_word' id='word_1_123' title='bbox 634 2009 722 2063; x_wconf 90' lang='lat' dir='ltr'><strong>recte</strong></span> <span class='ocrx_word' id='word_1_124' title='bbox 753 1999 817 2063; x_wconf 89' lang='lat' dir='ltr'><strong>iam</strong></span> <span class='ocrx_word' id='word_1_125' title='bbox 848 1996 923 2063; x_wconf 89' lang='lat' dir='ltr'><strong>olim</strong></span> <span class='ocrx_word' id='word_1_126' title='bbox 954 1997 1058 2063; x_wconf 89' lang='lat' dir='ltr'><strong>locum</strong></span> <span class='ocrx_word' id='word_1_127' title='bbox 1084 1998 1265 2089; x_wconf 86' lang='lat' dir='ltr'><strong>verterunt)</strong></span> <span class='ocrx_word' id='word_1_128' title='bbox 1291 1997 1434 2083; x_wconf 80' lang='lat' dir='ltr'><strong>sigilium</strong></span> 
     </span>
     <span class='ocr_line' id='line_1_17' title="bbox 247 2101 1435 2191; baseline 0.006 -27"><span class='ocrx_word' id='word_1_129' title='bbox 247 2104 445 2171; x_wconf 72' lang='lat' dir='ltr'><strong>‚Pausaniae</strong></span> <span class='ocrx_word' id='word_1_130' title='bbox 468 2101 574 2189; x_wconf 89' lang='lat' dir='ltr'><strong>sigillo</strong></span> <span class='ocrx_word' id='word_1_131' title='bbox 594 2104 700 2170; x_wconf 89' lang='lat' dir='ltr'><strong>simile</strong></span> <span class='ocrx_word' id='word_1_132' title='bbox 723 2101 852 2170; x_wconf 86' lang='lat' dir='ltr'><strong>lecisset</strong></span> <span class='ocrx_word' id='word_1_133' title='bbox 875 2139 921 2153; x_wconf 95' lang='lat'>—</span> <span class='ocrx_word' id='word_1_134' title='bbox 945 2110 996 2179; x_wconf 88' lang='lat' dir='ltr'><strong>ut,</strong></span> <span class='ocrx_word' id='word_1_135' title='bbox 1022 2105 1049 2170; x_wconf 88' lang='lat' dir='ltr'><strong>si</strong></span> <span class='ocrx_word' id='word_1_136' title='bbox 1069 2104 1219 2191; x_wconf 90' lang='lat' dir='ltr'><strong>opinione</strong></span> <span class='ocrx_word' id='word_1_137' title='bbox 1238 2125 1296 2172; x_wconf 88' lang='lat' dir='ltr'><strong>sua</strong></span> <span class='ocrx_word' id='word_1_138' title='bbox 1318 2103 1435 2191; x_wconf 86' lang='lat' dir='ltr'><strong>decep-</strong></span> 
     </span>
     <span class='ocr_line' id='line_1_18' title="bbox 247 2207 1435 2298; baseline -0.001 -22"><span class='ocrx_word' id='word_1_139' title='bbox 247 2218 321 2276; x_wconf 85' lang='lat' dir='ltr'><strong>·tus</strong></span> <span class='ocrx_word' id='word_1_140' title='bbox 344 2207 473 2287; x_wconf 83' lang='lat' dir='ltr'><strong>luisset,</strong></span> <span class='ocrx_word' id='word_1_141' title='bbox 495 2218 552 2275; x_wconf 90' lang='lat' dir='ltr'><strong>aut</strong></span> <span class='ocrx_word' id='word_1_142' title='bbox 575 2210 673 2276; x_wconf 89' lang='lat' dir='ltr'><strong>etiam</strong></span> <span class='ocrx_word' id='word_1_143' title='bbox 699 2210 727 2276; x_wconf 91' lang='lat' dir='ltr'><strong>si</strong></span> <span class='ocrx_word' id='word_1_144' title='bbox 752 2207 829 2295; x_wconf 83' lang='lat' dir='ltr'><strong>qrrid</strong></span> <span class='ocrx_word' id='word_1_145' title='bbox 851 2207 904 2275; x_wconf 91' lang='lat' dir='ltr'><strong>illc</strong></span> <span class='ocrx_word' id='word_1_146' title='bbox 924 2220 1052 2277; x_wconf 89' lang='lat' dir='ltr'><strong>mutare</strong></span> <span class='ocrx_word' id='word_1_147' title='bbox 1070 2208 1222 2278; x_wconf 79' lang='lat' dir='ltr'><strong>uoluisset</strong></span> <span class='ocrx_word' id='word_1_148' title='bbox 1241 2232 1302 2278; x_wconf 91' lang='lat' dir='ltr'><strong>non</strong></span> <span class='ocrx_word' id='word_1_149' title='bbox 1322 2231 1435 2298; x_wconf 84' lang='lat' dir='ltr'><strong>agnos·</strong></span> 
     </span>
     <span class='ocr_line' id='line_1_19' title="bbox 247 2313 1435 2403; baseline -0.001 -21"><span class='ocrx_word' id='word_1_150' title='bbox 247 2324 354 2383; x_wconf 76' lang='lat' dir='ltr'><strong>»reret</strong></span> <span class='ocrx_word' id='word_1_151' title='bbox 382 2352 429 2367; x_wconf 90' lang='lat'>-</span> <span class='ocrx_word' id='word_1_152' title='bbox 457 2314 610 2402; x_wconf 89' lang='lat' dir='ltr'><strong>epistolae</strong></span> <span class='ocrx_word' id='word_1_153' title='bbox 632 2313 760 2381; x_wconf 83' lang='lat' dir='ltr'><strong>vincula</strong></span> <span class='ocrx_word' id='word_1_154' title='bbox 785 2314 914 2382; x_wconf 81' lang='lat' dir='ltr'><strong>laxauit.</strong></span> <span class='ocrx_word' id='word_1_155' title='bbox 954 2316 1079 2403; x_wconf 86' lang='lat' dir='ltr'><strong>inqua</strong></span> <span class='ocrx_word' id='word_1_156' title='bbox 1105 2318 1289 2403; x_wconf 87' lang='lat' dir='ltr'><strong>suspicatus</strong></span> <span class='ocrx_word' id='word_1_157' title='bbox 1312 2314 1435 2403; x_wconf 81' lang='lat' dir='ltr'><strong>aliquid</strong></span> 
     </span>
     <span class='ocr_line' id='line_1_20' title="bbox 247 2419 1434 2510; baseline 0.006 -29"><span class='ocrx_word' id='word_1_158' title='bbox 247 2420 452 2487; x_wconf 74' lang='lat' dir='ltr'><strong>»huiusmodi</strong></span> <span class='ocrx_word' id='word_1_159' title='bbox 491 2429 657 2508; x_wconf 86' lang='lat' dir='ltr'><strong>praeterea</strong></span> <span class='ocrx_word' id='word_1_160' title='bbox 697 2419 884 2486; x_wconf 87' lang='lat' dir='ltr'><strong>mandatum</strong></span> <span class='ocrx_word' id='word_1_161' title='bbox 923 2441 1010 2500; x_wconf 88' lang='lat' dir='ltr'><strong>esse,</strong></span> <span class='ocrx_word' id='word_1_162' title='bbox 1046 2442 1080 2489; x_wconf 89' lang='lat' dir='ltr'><strong>se</strong></span> <span class='ocrx_word' id='word_1_163' title='bbox 1116 2443 1244 2510; x_wconf 89' lang='lat' dir='ltr'><strong>quoque</strong></span> <span class='ocrx_word' id='word_1_164' title='bbox 1275 2425 1434 2510; x_wconf 84' lang='lat' dir='ltr'><strong>scriptum</strong></span> 
     </span>
     <span class='ocr_line' id='line_1_21' title="bbox 248 2525 826 2614; baseline 0.005 -26"><span class='ocrx_word' id='word_1_165' title='bbox 248 2525 421 2614; x_wconf 74' lang='lat' dir='ltr'><strong>»caedique</strong></span> <span class='ocrx_word' id='word_1_166' title='bbox 445 2526 642 2594; x_wconf 88' lang='lat' dir='ltr'><strong>destinatum</strong></span> <span class='ocrx_word' id='word_1_167' title='bbox 667 2525 826 2593; x_wconf 79' lang='lat' dir='ltr'><strong>iurenit.’&#39;</strong></span> 
     </span>
    </p>

    <p class='ocr_par' dir='ltr' id='par_1_4' title="bbox 245 2631 1439 4530">
     <span class='ocr_line' id='line_1_22' title="bbox 294 2631 1434 2722; baseline 0.002 -23"><span class='ocrx_word' id='word_1_168' title='bbox 294 2631 485 2699; x_wconf 85' lang='lat' dir='ltr'><strong>Ultimorum</strong></span> <span class='ocrx_word' id='word_1_169' title='bbox 511 2643 619 2700; x_wconf 88' lang='lat' dir='ltr'><strong>autem</strong></span> <span class='ocrx_word' id='word_1_170' title='bbox 640 2632 812 2700; x_wconf 80' lang='lat' dir='ltr'><strong>verborum</strong></span> <span class='ocrx_word' id='word_1_171' title='bbox 834 2633 969 2699; x_wconf 88' lang='lat' dir='ltr'><strong>interior</strong></span> <span class='ocrx_word' id='word_1_172' title='bbox 987 2636 1146 2702; x_wconf 88' lang='lat' dir='ltr'><strong>sententia</strong></span> <span class='ocrx_word' id='word_1_173' title='bbox 1166 2634 1245 2702; x_wconf 87' lang='lat' dir='ltr'><strong>haec</strong></span> <span class='ocrx_word' id='word_1_174' title='bbox 1263 2643 1327 2703; x_wconf 90' lang='lat' dir='ltr'><strong>est:</strong></span> <span class='ocrx_word' id='word_1_175' title='bbox 1352 2654 1434 2722; x_wconf 87' lang='lat' dir='ltr'><strong>quae</strong></span> 
     </span>
     <span class='ocr_line' id='line_1_23' title="bbox 245 2739 1435 2831; baseline 0.001 -26"><span class='ocrx_word' id='word_1_176' title='bbox 245 2739 380 2827; x_wconf 89' lang='lat' dir='ltr'><strong>epistola</strong></span> <span class='ocrx_word' id='word_1_177' title='bbox 410 2749 522 2827; x_wconf 90' lang='lat' dir='ltr'><strong>aperta</strong></span> <span class='ocrx_word' id='word_1_178' title='bbox 553 2739 769 2827; x_wconf 80' lang='lat' dir='ltr'><strong>suspicionem</strong></span> <span class='ocrx_word' id='word_1_179' title='bbox 800 2741 888 2815; x_wconf 84' lang='lat' dir='ltr'><strong>eius,</strong></span> <span class='ocrx_word' id='word_1_180' title='bbox 914 2741 1033 2826; x_wconf 85' lang='lat' dir='ltr'><strong>aliquid</strong></span> <span class='ocrx_word' id='word_1_181' title='bbox 1060 2740 1244 2808; x_wconf 89' lang='lat' dir='ltr'><strong>huiusmodi</strong></span> <span class='ocrx_word' id='word_1_182' title='bbox 1268 2749 1435 2831; x_wconf 89' lang='lat' dir='ltr'><strong>practerea</strong></span> 
     </span>
     <span class='ocr_line' id='line_1_24' title="bbox 248 2844 1436 2935; baseline 0.002 -25"><span class='ocrx_word' id='word_1_183' title='bbox 248 2844 435 2911; x_wconf 89' lang='lat' dir='ltr'><strong>mandatum</strong></span> <span class='ocrx_word' id='word_1_184' title='bbox 458 2866 545 2923; x_wconf 88' lang='lat' dir='ltr'><strong>esse,</strong></span> <span class='ocrx_word' id='word_1_185' title='bbox 568 2845 789 2912; x_wconf 79' lang='lat' dir='ltr'><strong>confirmavit:</strong></span> <span class='ocrx_word' id='word_1_186' title='bbox 814 2864 907 2911; x_wconf 84' lang='lat' dir='ltr'><strong>stram</strong></span> <span class='ocrx_word' id='word_1_187' title='bbox 932 2848 1018 2912; x_wconf 88' lang='lat' dir='ltr'><strong>enim</strong></span> <span class='ocrx_word' id='word_1_188' title='bbox 1044 2867 1154 2915; x_wconf 91' lang='lat' dir='ltr'><strong>necem</strong></span> <span class='ocrx_word' id='word_1_189' title='bbox 1179 2850 1212 2914; x_wconf 92' lang='lat' dir='ltr'><strong>in</strong></span> <span class='ocrx_word' id='word_1_190' title='bbox 1237 2868 1275 2915; x_wconf 91' lang='lat' dir='ltr'><strong>ea</strong></span> <span class='ocrx_word' id='word_1_191' title='bbox 1296 2850 1436 2935; x_wconf 90' lang='lat' dir='ltr'><strong>impera·</strong></span> 
     </span>
     <span class='ocr_line' id='line_1_25' title="bbox 247 2948 1436 3042; baseline 0.004 -27"><span class='ocrx_word' id='word_1_192' title='bbox 247 2957 312 3015; x_wconf 91' lang='lat' dir='ltr'><strong>tam</strong></span> <span class='ocrx_word' id='word_1_193' title='bbox 337 2952 490 3038; x_wconf 90' lang='lat' dir='ltr'><strong>repperit.</strong></span> <span class='ocrx_word' id='word_1_194' title='bbox 539 2950 658 3018; x_wconf 80' lang='lat' dir='ltr'><strong>Vocula</strong></span> <span class='ocrx_word' id='word_1_195' title='bbox 682 2950 754 3028; x_wconf 76' lang='lat' dir='ltr'><strong>cal,</strong></span> <span class='ocrx_word' id='word_1_196' title='bbox 779 2949 840 3015; x_wconf 88' lang='lat' dir='ltr'><strong>nisi</strong></span> <span class='ocrx_word' id='word_1_197' title='bbox 860 2948 970 3031; x_wconf 87' lang='lat' dir='ltr'><strong>lallor,</strong></span> <span class='ocrx_word' id='word_1_198' title='bbox 997 2953 1161 3021; x_wconf 88' lang='lat' dir='ltr'><strong>minusad</strong></span> <span class='ocrx_word' id='word_1_199' title='bbox 1183 2954 1276 3020; x_wconf 75' lang='grc' dir='ltr'><strong><em>αὐτόν</em></strong></span> <span class='ocrx_word' id='word_1_200' title='bbox 1296 2954 1436 3042; x_wconf 87' lang='lat' dir='ltr'><strong>pertinet</strong></span> 
     </span>
     <span class='ocr_line' id='line_1_26' title="bbox 247 3056 1435 3146; baseline 0.003 -24"><span class='ocrx_word' id='word_1_201' title='bbox 247 3075 342 3143; x_wconf 89' lang='lat' dir='ltr'><strong>quam</strong></span> <span class='ocrx_word' id='word_1_202' title='bbox 379 3056 419 3123; x_wconf 89' lang='lat' dir='ltr'><strong>ad</strong></span> <span class='ocrx_word' id='word_1_203' title='bbox 451 3059 632 3124; x_wconf 85' lang='lat' dir='ltr'><strong>rrnirersaur</strong></span> <span class='ocrx_word' id='word_1_204' title='bbox 666 3056 860 3123; x_wconf 85' lang='lat' dir='ltr'><strong>sententiam</strong></span> <span class='ocrx_word' id='word_1_205' title='bbox 894 3056 1052 3145; x_wconf 83' lang='lat' dir='ltr'><strong>habetque</strong></span> <span class='ocrx_word' id='word_1_206' title='bbox 1077 3059 1346 3138; x_wconf 71' lang='lat' dir='ltr'><strong>feneramini,</strong></span> <span class='ocrx_word' id='word_1_207' title='bbox 1371 3078 1435 3146; x_wconf 89' lang='lat' dir='ltr'><strong>qua</strong></span> 
     </span>
     <span class='ocr_line' id='line_1_27' title="bbox 246 3160 1436 3248; baseline 0.003 -20"><span class='ocrx_word' id='word_1_208' title='bbox 246 3162 366 3248; x_wconf 83' lang='lat' dir='ltr'><strong>gaudet</strong></span> <span class='ocrx_word' id='word_1_209' title='bbox 391 3165 422 3229; x_wconf 87' lang='lat' dir='ltr'><strong>ln</strong></span> <span class='ocrx_word' id='word_1_210' title='bbox 449 3173 522 3230; x_wconf 89' lang='lat' dir='ltr'><strong>nola</strong></span> <span class='ocrx_word' id='word_1_211' title='bbox 546 3161 702 3229; x_wconf 77' lang='lat' dir='ltr'><strong>formula:</strong></span> <span class='ocrx_word' id='word_1_212' title='bbox 725 3164 765 3235; x_wconf 73' lang='lat' dir='ltr'><strong>oia</strong></span> <span class='ocrx_word' id='word_1_213' title='bbox 790 3160 952 3228; x_wconf 76' lang='grc' dir='ltr'><strong><em>δὲταῦτα</em></strong></span> <span class='ocrx_word' id='word_1_214' title='bbox 974 3162 1073 3241; x_wconf 69' lang='grc' dir='ltr'><strong><em>ἔδοξεν</em></strong></span> <span class='ocrx_word' id='word_1_215' title='bbox 1096 3168 1181 3248; x_wconf 72' lang='grc' dir='ltr'><strong><em>αὐτῷ</em></strong></span> <span class='ocrx_word' id='word_1_216' title='bbox 1205 3166 1272 3232; x_wconf 72' lang='grc' dir='ltr'><strong>καὶ</strong></span> <span class='ocrx_word' id='word_1_217' title='bbox 1297 3166 1436 3242; x_wconf 72' lang='grc' dir='ltr'><strong><em>ἐποίησεν</em></strong></span> 
     </span>
     <span class='ocr_line' id='line_1_28' title="bbox 247 3265 1436 3355; baseline 0.003 -19"><span class='ocrx_word' id='word_1_218' title='bbox 247 3266 352 3343; x_wconf 76' lang='grc' dir='ltr'><strong><em>οὕτως.</em></strong></span> <span class='ocrx_word' id='word_1_219' title='bbox 384 3270 519 3336; x_wconf 84' lang='lat' dir='ltr'><strong>Prorsus</strong></span> <span class='ocrx_word' id='word_1_220' title='bbox 544 3278 652 3335; x_wconf 88' lang='lat' dir='ltr'><strong>autem</strong></span> <span class='ocrx_word' id='word_1_221' title='bbox 679 3287 740 3333; x_wconf 89' lang='lat' dir='ltr'><strong>non</strong></span> <span class='ocrx_word' id='word_1_222' title='bbox 766 3265 934 3355; x_wconf 79' lang='lat' dir='ltr'><strong>intellego,</strong></span> <span class='ocrx_word' id='word_1_223' title='bbox 958 3289 1019 3334; x_wconf 91' lang='lat' dir='ltr'><strong>cur</strong></span> <span class='ocrx_word' id='word_1_224' title='bbox 1042 3271 1196 3338; x_wconf 83' lang='lat' dir='ltr'><strong>uocabula</strong></span> <span class='ocrx_word' id='word_1_225' title='bbox 1220 3273 1436 3349; x_wconf 74' lang='grc' dir='ltr'><strong><em>ὑπονοήσας-</em></strong></span> 
     </span>
     <span class='ocr_line' id='line_1_29' title="bbox 247 3375 1436 3467; baseline 0.001 -26"><span class='ocrx_word' id='word_1_226' title='bbox 247 3375 498 3456; x_wconf 55' lang='lat' dir='ltr'><strong>caesurarum</strong></span> <span class='ocrx_word' id='word_1_227' title='bbox 528 3381 637 3464; x_wconf 84' lang='lat' dir='ltr'><strong>aptius</strong></span> <span class='ocrx_word' id='word_1_228' title='bbox 666 3385 829 3467; x_wconf 87' lang='lat' dir='ltr'><strong>ponantur</strong></span> <span class='ocrx_word' id='word_1_229' title='bbox 856 3383 927 3462; x_wconf 89' lang='lat' dir='ltr'><strong>post</strong></span> <span class='ocrx_word' id='word_1_230' title='bbox 950 3383 1006 3452; x_wconf 76' lang='grc' dir='ltr'><strong>τῆς</strong></span> <span class='ocrx_word' id='word_1_231' title='bbox 1031 3375 1137 3455; x_wconf 73' lang='grc' dir='ltr'><strong><em>δόξης,</em></strong></span> <span class='ocrx_word' id='word_1_232' title='bbox 1162 3377 1248 3465; x_wconf 87' lang='lat' dir='ltr'><strong>quod</strong></span> <span class='ocrx_word' id='word_1_233' title='bbox 1271 3378 1349 3466; x_wconf 89' lang='lat' dir='ltr'><strong>quid</strong></span> <span class='ocrx_word' id='word_1_234' title='bbox 1374 3377 1436 3443; x_wconf 86' lang='lat' dir='ltr'><strong>sibi</strong></span> 
     </span>
     <span class='ocr_line' id='line_1_30' title="bbox 246 3479 1437 3572; baseline 0.001 -26"><span class='ocrx_word' id='word_1_235' title='bbox 246 3479 324 3547; x_wconf 80' lang='lat' dir='ltr'><strong>velit</strong></span> <span class='ocrx_word' id='word_1_236' title='bbox 353 3483 433 3548; x_wconf 88' lang='lat' dir='ltr'><strong>satis</strong></span> <span class='ocrx_word' id='word_1_237' title='bbox 461 3503 620 3572; x_wconf 87' lang='lat' dir='ltr'><strong>superque</strong></span> <span class='ocrx_word' id='word_1_238' title='bbox 649 3483 814 3551; x_wconf 87' lang='lat' dir='ltr'><strong>declarant</strong></span> <span class='ocrx_word' id='word_1_239' title='bbox 837 3481 1004 3568; x_wconf 86' lang='lat' dir='ltr'><strong>superiora</strong></span> <span class='ocrx_word' id='word_1_240' title='bbox 1028 3481 1100 3548; x_wconf 89' lang='lat' dir='ltr'><strong>illa:</strong></span> <span class='ocrx_word' id='word_1_241' title='bbox 1127 3479 1172 3549; x_wconf 75' lang='grc' dir='ltr'><strong>ὅτι</strong></span> <span class='ocrx_word' id='word_1_242' title='bbox 1197 3483 1437 3556; x_wconf 67' lang='grc' dir='ltr'><strong><em>οὐδεὶς-ποίοιν</em></strong></span> 
     </span>
     <span class='ocr_line' id='line_1_31' title="bbox 247 3587 1435 3677; baseline 0 -23"><span class='ocrx_word' id='word_1_243' title='bbox 247 3589 397 3671; x_wconf 64' lang='grc' dir='ltr'><strong><em>ἄφίκετο,</em></strong></span> <span class='ocrx_word' id='word_1_244' title='bbox 427 3608 524 3674; x_wconf 88' lang='lat' dir='ltr'><strong>quarn</strong></span> <span class='ocrx_word' id='word_1_245' title='bbox 558 3591 611 3657; x_wconf 89' lang='lat' dir='ltr'><strong>uhi</strong></span> <span class='ocrx_word' id='word_1_246' title='bbox 645 3590 798 3677; x_wconf 89' lang='lat' dir='ltr'><strong>leguntur</strong></span> <span class='ocrx_word' id='word_1_247' title='bbox 828 3591 860 3653; x_wconf 90' lang='lat' dir='ltr'><strong>in</strong></span> <span class='ocrx_word' id='word_1_248' title='bbox 886 3587 1064 3667; x_wconf 78' lang='lat' dir='ltr'><strong>codicibus,</strong></span> <span class='ocrx_word' id='word_1_249' title='bbox 1094 3608 1198 3676; x_wconf 87' lang='lat' dir='ltr'><strong>neque</strong></span> <span class='ocrx_word' id='word_1_250' title='bbox 1228 3590 1333 3675; x_wconf 90' lang='lat' dir='ltr'><strong>magis</strong></span> <span class='ocrx_word' id='word_1_251' title='bbox 1357 3588 1435 3676; x_wconf 87' lang='lat' dir='ltr'><strong>quid</strong></span> 
     </span>
     <span class='ocr_line' id='line_1_32' title="bbox 248 3693 1436 3783; baseline 0.003 -26"><span class='ocrx_word' id='word_1_252' title='bbox 248 3694 354 3759; x_wconf 79' lang='lat' dir='ltr'><strong>uitiosi</strong></span> <span class='ocrx_word' id='word_1_253' title='bbox 380 3693 423 3760; x_wconf 93' lang='lat' dir='ltr'><strong>sit</strong></span> <span class='ocrx_word' id='word_1_254' title='bbox 447 3694 479 3760; x_wconf 91' lang='lat' dir='ltr'><strong>in</strong></span> <span class='ocrx_word' id='word_1_255' title='bbox 505 3695 683 3763; x_wconf 77' lang='lat' dir='ltr'><strong>verbialia</strong></span> <span class='ocrx_word' id='word_1_256' title='bbox 706 3698 751 3777; x_wconf 72' lang='lat' dir='ltr'><strong>ph</strong></span> <span class='ocrx_word' id='word_1_257' title='bbox 775 3697 910 3779; x_wconf 70' lang='grc' dir='ltr'><strong><em>ἐπιγνῷ,</em></strong></span> <span class='ocrx_word' id='word_1_258' title='bbox 935 3716 1017 3783; x_wconf 84' lang='lat' dir='ltr'><strong>quae</strong></span> <span class='ocrx_word' id='word_1_259' title='bbox 1042 3694 1226 3762; x_wconf 86' lang='lat' dir='ltr'><strong>llahhamus</strong></span> <span class='ocrx_word' id='word_1_260' title='bbox 1246 3700 1314 3762; x_wconf 88' lang='lat' dir='ltr'><strong>una</strong></span> <span class='ocrx_word' id='word_1_261' title='bbox 1338 3697 1436 3762; x_wconf 87' lang='lat' dir='ltr'><strong>litura</strong></span> 
     </span>
     <span class='ocr_line' id='line_1_33' title="bbox 248 3797 1437 3886; baseline 0.003 -22"><span class='ocrx_word' id='word_1_262' title='bbox 248 3798 375 3866; x_wconf 85' lang='lat' dir='ltr'><strong>delevit.</strong></span> <span class='ocrx_word' id='word_1_263' title='bbox 423 3797 495 3865; x_wconf 81' lang='lat' dir='ltr'><strong>sola</strong></span> <span class='ocrx_word' id='word_1_264' title='bbox 520 3802 637 3869; x_wconf 79' lang='lat' dir='ltr'><strong>verba:</strong></span> <span class='ocrx_word' id='word_1_265' title='bbox 664 3804 699 3880; x_wconf 74' lang='grc' dir='ltr'><strong>ἢν</strong></span> <span class='ocrx_word' id='word_1_266' title='bbox 727 3803 845 3886; x_wconf 65' lang='lat' dir='ltr'><strong>deuoti</strong></span> <span class='ocrx_word' id='word_1_267' title='bbox 869 3811 924 3878; x_wconf 59' lang='lat' dir='ltr'><strong>aaa</strong></span> <span class='ocrx_word' id='word_1_268' title='bbox 949 3802 1036 3880; x_wconf 74' lang='grc' dir='ltr'><strong><em>δόξεις</em></strong></span> <span class='ocrx_word' id='word_1_269' title='bbox 1061 3802 1079 3878; x_wconf 71' lang='grc' dir='ltr'>ἢ</span> <span class='ocrx_word' id='word_1_270' title='bbox 1102 3801 1167 3867; x_wconf 77' lang='grc' dir='ltr'><strong>καὶ</strong></span> <span class='ocrx_word' id='word_1_271' title='bbox 1192 3801 1304 3878; x_wconf 77' lang='grc' dir='ltr'><strong><em>ἐκεΐνδρ</em></strong></span> <span class='ocrx_word' id='word_1_272' title='bbox 1327 3827 1358 3870; x_wconf 85' lang='grc' dir='ltr'><strong>τι</strong></span> <span class='ocrx_word' id='word_1_273' title='bbox 1381 3826 1437 3882; x_wconf 79' lang='grc' dir='ltr'><strong><em>με·</em></strong></span> 
     </span>
     <span class='ocr_line' id='line_1_34' title="bbox 248 3907 1438 3995; baseline -0.002 -19"><span class='ocrx_word' id='word_1_274' title='bbox 248 3909 415 3992; x_wconf 74' lang='grc' dir='ltr'><strong><em>παγριὶψαι</em></strong></span> <span class='ocrx_word' id='word_1_275' title='bbox 446 3912 559 3993; x_wconf 63' lang='lat' dir='ltr'><strong>olrice</strong></span> <span class='ocrx_word' id='word_1_276' title='bbox 589 3908 749 3976; x_wconf 84' lang='lat' dir='ltr'><strong>levissime</strong></span> <span class='ocrx_word' id='word_1_277' title='bbox 776 3932 829 3978; x_wconf 87' lang='lat' dir='ltr'><strong>me</strong></span> <span class='ocrx_word' id='word_1_278' title='bbox 852 3910 959 3976; x_wconf 89' lang='lat' dir='ltr'><strong>iudice</strong></span> <span class='ocrx_word' id='word_1_279' title='bbox 983 3907 1156 3995; x_wconf 81' lang='lat' dir='ltr'><strong>deprauata</strong></span> <span class='ocrx_word' id='word_1_280' title='bbox 1180 3916 1268 3975; x_wconf 88' lang='lat' dir='ltr'><strong>sunt.</strong></span> <span class='ocrx_word' id='word_1_281' title='bbox 1317 3908 1438 3995; x_wconf 86' lang='lat' dir='ltr'><strong>Nempe</strong></span> 
     </span>
     <span class='ocr_line' id='line_1_35' title="bbox 249 4013 1437 4104; baseline -0.003 -21"><span class='ocrx_word' id='word_1_282' title='bbox 249 4016 356 4083; x_wconf 89' lang='lat' dir='ltr'><strong>simile</strong></span> <span class='ocrx_word' id='word_1_283' title='bbox 387 4015 482 4082; x_wconf 90' lang='lat' dir='ltr'><strong>homo</strong></span> <span class='ocrx_word' id='word_1_284' title='bbox 510 4016 571 4081; x_wconf 83' lang='lat' dir='ltr'><strong>sibi</strong></span> <span class='ocrx_word' id='word_1_285' title='bbox 600 4025 752 4102; x_wconf 83' lang='lat' dir='ltr'><strong>procurat</strong></span> <span class='ocrx_word' id='word_1_286' title='bbox 783 4015 941 4104; x_wconf 89' lang='lat' dir='ltr'><strong>sigillum,</strong></span> <span class='ocrx_word' id='word_1_287' title='bbox 967 4021 1061 4080; x_wconf 88' lang='lat' dir='ltr'><strong>uteo</strong></span> <span class='ocrx_word' id='word_1_288' title='bbox 1087 4022 1210 4092; x_wconf 90' lang='lat' dir='ltr'><strong>utatur,</strong></span> <span class='ocrx_word' id='word_1_289' title='bbox 1234 4014 1261 4079; x_wconf 83' lang='lat' dir='ltr'><strong>si</strong></span> <span class='ocrx_word' id='word_1_290' title='bbox 1285 4013 1437 4080; x_wconf 87' lang='lat' dir='ltr'><strong>domiuus</strong></span> 
     </span>
     <span class='ocr_line' id='line_1_36' title="bbox 249 4118 1436 4211; baseline -0.001 -24"><span class='ocrx_word' id='word_1_291' title='bbox 249 4143 283 4189; x_wconf 86' lang='lat' dir='ltr'><strong>se</strong></span> <span class='ocrx_word' id='word_1_292' title='bbox 311 4122 460 4210; x_wconf 86' lang='lat' dir='ltr'><strong>opinione</strong></span> <span class='ocrx_word' id='word_1_293' title='bbox 490 4120 605 4187; x_wconf 86' lang='lat' dir='ltr'><strong>ialsum</strong></span> <span class='ocrx_word' id='word_1_294' title='bbox 634 4119 744 4188; x_wconf 89' lang='lat' dir='ltr'><strong>literas</strong></span> <span class='ocrx_word' id='word_1_295' title='bbox 770 4123 965 4211; x_wconf 89' lang='lat' dir='ltr'><strong>poposcerit:</strong></span> <span class='ocrx_word' id='word_1_296' title='bbox 995 4122 1133 4198; x_wconf 88' lang='lat' dir='ltr'><strong>etenim,</strong></span> <span class='ocrx_word' id='word_1_297' title='bbox 1162 4118 1351 4186; x_wconf 86' lang='lat' dir='ltr'><strong>confirmata</strong></span> <span class='ocrx_word' id='word_1_298' title='bbox 1380 4140 1436 4186; x_wconf 90' lang='lat' dir='ltr'><strong>su·</strong></span> 
     </span>
     <span class='ocr_line' id='line_1_37' title="bbox 249 4224 1436 4316; baseline 0 -24"><span class='ocrx_word' id='word_1_299' title='bbox 249 4227 413 4314; x_wconf 82' lang='lat' dir='ltr'><strong>spinione,</strong></span> <span class='ocrx_word' id='word_1_300' title='bbox 446 4227 576 4314; x_wconf 87' lang='lat' dir='ltr'><strong>opinor,</strong></span> <span class='ocrx_word' id='word_1_301' title='bbox 601 4227 698 4293; x_wconf 88' lang='lat' dir='ltr'><strong>etiam</strong></span> <span class='ocrx_word' id='word_1_302' title='bbox 735 4230 877 4316; x_wconf 89' lang='lat' dir='ltr'><strong>poscenti</strong></span> <span class='ocrx_word' id='word_1_303' title='bbox 908 4228 1018 4295; x_wconf 89' lang='lat' dir='ltr'><strong>literas</strong></span> <span class='ocrx_word' id='word_1_304' title='bbox 1047 4246 1109 4293; x_wconf 93' lang='lat' dir='ltr'><strong>non</strong></span> <span class='ocrx_word' id='word_1_305' title='bbox 1138 4234 1207 4293; x_wconf 89' lang='lat' dir='ltr'><strong>crat</strong></span> <span class='ocrx_word' id='word_1_306' title='bbox 1232 4224 1436 4306; x_wconf 87' lang='lat' dir='ltr'><strong>redditurus,</strong></span> 
     </span>
     <span class='ocr_line' id='line_1_38' title="bbox 249 4330 1439 4424; baseline 0 -26"><span class='ocrx_word' id='word_1_307' title='bbox 249 4331 305 4401; x_wconf 84' lang='lat' dir='ltr'><strong>sed</strong></span> <span class='ocrx_word' id='word_1_308' title='bbox 329 4330 459 4421; x_wconf 87' lang='lat' dir='ltr'><strong>ephoris</strong></span> <span class='ocrx_word' id='word_1_309' title='bbox 484 4330 687 4399; x_wconf 87' lang='lat' dir='ltr'><strong>indicaturus</strong></span> <span class='ocrx_word' id='word_1_310' title='bbox 712 4334 889 4402; x_wconf 84' lang='lat' dir='ltr'><strong>Parrsaniao</strong></span> <span class='ocrx_word' id='word_1_311' title='bbox 910 4335 1156 4424; x_wconf 85' lang='lat' dir='ltr'><strong>proditionem·</strong></span> <span class='ocrx_word' id='word_1_312' title='bbox 1175 4331 1253 4398; x_wconf 91' lang='lat' dir='ltr'><strong>Inde</strong></span> <span class='ocrx_word' id='word_1_313' title='bbox 1276 4334 1379 4419; x_wconf 91' lang='lat' dir='ltr'><strong>igitur</strong></span> <span class='ocrx_word' id='word_1_314' title='bbox 1401 4331 1439 4398; x_wconf 87' lang='lat' dir='ltr'><strong>li-</strong></span> 
     </span>
     <span class='ocr_line' id='line_1_39' title="bbox 249 4436 1436 4530; baseline 0.003 -23"><span class='ocrx_word' id='word_1_315' title='bbox 249 4448 326 4527; x_wconf 86' lang='lat' dir='ltr'><strong>quot</strong></span> <span class='ocrx_word' id='word_1_316' title='bbox 348 4436 570 4528; x_wconf 74' lang='lat' dir='ltr'><strong>Thucydidem</strong></span> <span class='ocrx_word' id='word_1_317' title='bbox 587 4437 730 4508; x_wconf 86' lang='lat' dir='ltr'><strong>seribere</strong></span> <span class='ocrx_word' id='word_1_318' title='bbox 741 4439 904 4509; x_wconf 88' lang='lat' dir='ltr'><strong>debuisse:</strong></span> <span class='ocrx_word' id='word_1_319' title='bbox 929 4442 964 4520; x_wconf 72' lang='grc' dir='ltr'><strong>ἣν</strong></span> <span class='ocrx_word' id='word_1_320' title='bbox 987 4444 1106 4530; x_wconf 63' lang='lat' dir='ltr'><strong>devote</strong></span> <span class='ocrx_word' id='word_1_321' title='bbox 1126 4445 1181 4515; x_wconf 65' lang='lat' dir='ltr'><strong>atr</strong></span> <span class='ocrx_word' id='word_1_322' title='bbox 1200 4437 1290 4517; x_wconf 66' lang='lat' dir='ltr'><strong>ettae</strong></span> <span class='ocrx_word' id='word_1_323' title='bbox 1308 4441 1436 4510; x_wconf 72' lang='grc' dir='ltr'><strong><em>κανεῖ.</em></strong></span> 
     </span>
    </p>
   </div>
   <div class='ocr_carea' id='block_1_3' title="bbox 0 0 1638 5034">
    <p class='ocr_par' dir='ltr' id='par_1_5' title="bbox 0 0 1638 5034">
     <span class='ocr_line' id='line_1_40' title="bbox 0 0 1638 5034; baseline 0 0"><span class='ocrx_word' id='word_1_324' title='bbox 0 0 1638 5034; x_wconf 95' lang='lat' dir='ltr'><strong> </strong></span> 
     </span>
    </p>
   </div>
  </div>
 </body>
</html>
