3296 5022
273 296 318 365 48
704 317 748 365 nn
771 315 1038 366 renormsrorr.

317 497 381 561 ταῖς
415 496 525 567 τιμῶσι
558 490 611 552 καί
644 490 817 567 πέμπουσιν
846 489 889 558 είς
919 488 978 559 τὰς
1009 487 1114 567 ἑορτὰς
1146 488 1241 550 εἰπεῖν
1271 481 1318 552 ὅτι
1347 489 1400 552 οῦκ
1428 486 1468 552 δν
1589 560 1601 567 ,

272 594 428 675 γε’ΝΟΙτι
455 594 597 674 διδόμενα
607 594 628 682 .]
656 595 774 661 ultimo
803 600 877 659 sunt
899 615 993 660 sensu
1019 614 1137 670 vocuo,
1168 614 1226 661 nec
1247 594 1311 658 nisi
1332 613 1371 659 ex
1400 614 1467 658 son·

274 705 376 769 tentio
404 701 467 767 loci
499 706 640 767 veterem
663 700 835 768 lectionem
859 702 1014 788 expiscari
1042 720 1220 787 possumus.
1258 699 1398 775 Πίμπειν
1421 704 1469 764 est

273 808 389 873 mittere
418 810 456 872 de
486 831 591 883 coeco,
623 809 734 883 μερίδα
766 809 911 886 πέμπειν.
956 805 1040 887 Quid
1070 809 1172 894 igitur
1202 804 1344 871 adhaec
1372 804 1468 871 homo

274 934 424 1001 arrogans
447 920 480 979 et
503 911 723 979 truculentus?
762 912 880 979 Reiicit
902 918 933 978 et
956 917 1141 998 aspernetur
1159 913 1212 976 cci
1234 912 1321 989 λέγει
1346 905 1391 975 ὅτι
1415 911 1468 974 οῦκ

274 1018 312 1085 in
342 1029 519 1098 γεΤίΛίτι
547 1026 606 1085 τῶν
630 1020 797 1097 διδομένων.
835 1018 1027 1106 Saepissime
1051 1020 1083 1083 οῦ
1109 1019 1259 1096 γεύομαι,
1282 1020 1469 1105 praesertim

275 1127 359 1212 opud
383 1122 547 1206 Comicos‚
572 1132 620 1192 est
643 1129 696 1192 οὐκ
720 1126 824 1204 ε’σίίω,
850 1127 902 1190 οὐκ
921 1125 984 1213 riui
1008 1125 1116 1191 τοῦτον
1136 1124 1250 1199 ἐδεςιίς.
1274 1122 1470 1211 Theophilus

274 1231 390 1297 Athen.
415 1253 446 1317 p.
469 1230 534 1298 340
557 1251 589 1297 n.

639 1339 815 1418 πατρίδιον,
840 1341 904 1411 πῶς
928 1337 1013 1419 ἔχεις
1038 1338 1110 1417 πρὸς
1132 1326 1291 1415 κάραβννς

411 1443 530 1525 ψυχρός
556 1445 632 1521 iso,
656 1444 786 1524 ἄπαγε,
812 1444 908 1527 Φασὶ,
933 1442 1060 1526 ῥητόρων
1083 1444 1116 1507 οῦ
1138 1441 1288 1521 γεύομαι.

274 1569 389 1636 nempe
411 1547 610 1618 Gelhmedon
634 1551 648 1615 ί
673 1553 768 1633 ῥήτωρ
795 1572 971 1639 cognomen
994 1551 1008 1614 ί
1032 1548 1169 1629 κάραβοι
1193 1549 1339 1615 habebat.
1379 1550 1470 1615 Anti-

274 1653 395 1739 phanes
415 1648 531 1723 hthen.
554 1677 628 1745 pag.
651 1656 714 1723 331
739 1665 777 1723 E.

799 1762 969 1840 Μισγόλας
993 1762 1056 1841 γὰρ
1079 1761 1112 1826 ιῦ
1140 1759 1222 1827 πάνυ

548 1868 662 1933 τούτων
685 1869 790 1944 ίδεενίι
814 1870 894 1936 iso.

277 1969 367 2036 rides
397 1972 474 2038 hoec
504 1977 613 2039 omnio
638 1975 725 2040 idem
748 1973 927 2063 significare
956 1979 988 2040 et
1017 1976 1070 2039 οὐκ
1093 1973 1132 2039 διν
1164 1972 1339 2052 γενταίμνν
1363 1980 1396 2040 et
1418 1976 1470 2039 οῦκ

277 2072 316 2140 ίαν
340 2074 478 2155 Φιίγειμι
505 2078 588 2144 nihil
609 2082 692 2145 inter
714 2101 747 2146 sc
770 2079 901 2145 differre.

263 2301 270 2319 ¹
328 2285 404 2379 Cep.
428 2289 514 2355 XVI·
541 2291 800 2370 Δειτιδαιμανίας.

323 2397 377 2464 καί
399 2399 498 2463 ἘΑΝ
523 2397 570 2478 tte
590 2395 660 2480 ίφιν
681 2399 709 2462 ἐν
732 2407 772 2479 τῇ
792 2398 871 2481 ιίκίρι
896 2400 994 2464 ’EAN
1015 2397 1147 2478 παρείαν
1171 2396 1331 2479 Σαβάζιον
1349 2407 1472 2476 καλεῖν,

277 2507 376 2572 ἘΑΝ
401 2503 432 2569 δὲ
458 2502 533 2581 ἱερὸν
556 2504 653 2585 ίερῷον
684 2503 770 2576 εὐθὺς
794 2502 999 2590 ἱδρύσασθαι]
1039 2504 1111 2570 Non
1134 2508 1183 2569 est
1208 2504 1287 2570 hoec
1308 2505 1473 2572 sccbnties

277 2613 429 2679 orationis
459 2630 478 2674 a
501 2608 711 2696 Theophrasti
734 2631 832 2676 manu
861 2631 962 2696 neque
985 2631 1022 2676 eo
1045 2611 1233 2695 compositio
1263 2610 1371 2676 Attico
1397 2613 1472 2676 sori·

275 2722 365 2804 ptore
396 2718 503 2805 digna.
549 2712 735 2783 Genuinum
766 2738 833 2783 esse
862 2719 1019 2802 suspicor:
1049 2716 1186 2781 ‘OTAN
1217 2714 1268 2794 ῖδρ
1299 2753 1341 2764 -
1372 2720 1471 2782 ’EAN

277 2833 372 2890 ΜΕΝ
397 2861 440 2872 -
464 2825 562 2887 ἘΑΝ
589 2832 664 2900 ΔΕ,
690 2826 784 2889 utin
806 2844 872 2909 sqq.
897 2821 949 2888 καὶ
971 2823 1108 2887 “OTAN
1132 2821 1265 2886 ἐνύπνιον
1286 2819 1334 2903 tte
1357 2827 1389 2890 et
1407 2843 1472 2888 sse

276 2934 350 3015 pius
373 2929 461 2995 olibi.

322 3139 404 3205 Ibid.
439 3138 496 3203 κᾶν
531 3143 672 3216 γλαῦκες
711 3139 889 3221 βαδίζοντος
933 3141 1028 3206 αῦτιῦ
1062 3140 1255 3221 ταράττεται
1291 3142 1343 3206 καὶ
1378 3143 1470 3214 εῖπας

279 3245 421 3322 ,Ἀθηνᾶ
457 3241 618 3322 κρείτταν”
658 3248 819 3324 παρελθεῖν
853 3240 954 3334 αὕτα]
999 3244 1114 3311 Dicam
1144 3249 1254 3332 paucis
1288 3226 1350 3331 quo
1379 3253 1471 3332 paeto

277 3371 387 3418 omnes
402 3350 500 3414 huius
517 3347 580 3415 loci
603 3349 805 3415 difficultates
822 3351 964 3436 expediri
980 3354 1101 3437 possint
1119 3358 1152 3418 ot
1168 3355 1296 3418 restitui
1314 3355 1471 3419 sententio

275 3459 323 3523 rei
349 3461 481 3521 noturoe
512 3455 749 3522 accommodate
772 3460 805 3521 et
834 3454 1049 3544 Theophrasto
1080 3458 1187 3545 digne.
1222 3457 1346 3542 Nempe
1369 3460 1397 3523 si
1425 3461 1470 3524 sic

275 3565 489 3649 rescripseris:
523 3560 581 3626 κῦν
611 3566 751 3639 γλαῦκες
784 3561 999 3642 κακκαβίζωτι
1034 3563 1191 3643 παριόντος
1225 3566 1320 3629 αῦτιῦ
1351 3567 1469 3646 ταρατ-

276 3672 382 3736 τεσίαι
404 3670 455 3735 καί
477 3669 568 3741 εἴπας
594 3718 611 3746 ,,
625 3666 741 3742 'Aterni
765 3667 925 3748 κρείτταν”
948 3670 1109 3749 παρελθεῖν
1131 3668 1217 3736 οὕτω.
1254 3669 1344 3752 Quod
1368 3675 1418 3736 est
1435 3673 1470 3736 in

276 3776 391 3844 Codice
424 3776 540 3842 diserte
574 3777 730 3860 scriptum
764 3780 903 3853 γλαῦκες
938 3780 1013 3855 (non
1047 3774 1167 3861 γλαὺξ)
1201 3797 1294 3843 verse
1325 3776 1471 3843 lectionis

275 3894 399 3949 cenum
429 3882 586 3946 indicium
621 3883 777 3959 continet,
814 3884 905 3948 cuius
938 3884 1086 3969 vestigiis
1118 3885 1301 3949 insistentes
1333 3883 1471 3953 verbnm

276 3983 491 4065 κακκαβίζασι
515 3987 701 4071 reperimus.
748 3987 811 4068 Qui
833 3989 871 4053 de
894 3988 1027 4053 vocibus
1050 3986 1239 4053 animalium
1267 3990 1393 4075 scripsit
1415 3987 1470 4054 Ze-

275 4094 411 4159 nodotus
433 4091 532 4176 (opud
553 4089 702 4158 Valcken.
728 4094 768 4159 ed
783 4095 994 4160 Ammonium
1016 4114 1047 4178 p.
1067 4091 1133 4158 228
1157 4100 1218 4180 sq.)
1240 4093 1290 4158 ἐπί
1307 4093 1470 4173 περδίκων,

276 4202 398 4285 inquit,
421 4192 666 4278 ’κακκαβαζειη
701 4200 750 4264 ἐπὶ
784 4206 931 4278 γλαυκῶν
953 4196 1157 4279 κακκαβίζιιν
1182 4202 1271 4285 (nam
1302 4203 1348 4266 sio
1375 4200 1468 4265 scrib.

276 4325 333 4391 pro
356 4301 572 4384 κακιβιίζειν),
597 4307 681 4391 quod
704 4310 924 4372 testimonium
953 4308 1081 4393 egregie
1105 4305 1310 4373 confirmatur
1331 4309 1470 4372 versicu-

276 4409 319 4474 lis
340 4409 563 4493 Aristophanis
586 4413 620 4476 in
641 4411 767 4497 Ιγιίιίν.
793 4412 869 4478 761.
