3244 5012
490 324 533 370 AD
556 318 789 372 AM'EOLOGIAK
807 324 1002 372 PALA'I'IMM.

341 496 392 559 καί
419 495 541 570 Σαμίου
565 495 723 575 δοίΦνης
749 498 881 559 κλῶνα
905 496 1171 573 μελαμαίταλον·

295 601 325 664 ἐν
349 600 380 665 δὲ
403 601 559 666 Λεωνίδεω
583 599 734 682 θαλεροὺς
761 608 922 667 κισοοῖο
948 600 1177 681 κορύμβους

344 710 539 774 Μνασάλκου
563 732 599 773 τε
623 707 754 785 κίμας
779 704 918 787 ίξνυίρου
942 711 1083 779 πίτυος

294 811 473 888 βλαιοήν
497 837 533 879 τε
556 814 813 904 πλαυῦνιςον
838 810 988 895 ιίπίθριοε
1013 816 1187 896 Παμφίλου
1210 813 1298 891 οίμης

339 918 539 997 σῦμπλεκτον
562 920 709 999 ααριίης
733 917 865 1001 ἔρνεσι
891 918 1091 1001 παχνριίτεος
1116 921 1181 986 uri.

158 1024 195 1089 In
223 1024 378 1103 βλαισήν,
400 1027 484 1113 quod
508 1028 546 1093 de
569 1026 698 1114 platano
722 1028 786 1093 diei
808 1032 944 1113 nequest
970 1030 1082 1113 (quam
1105 1031 1189 1092 rests
1209 1023 1356 1107 βλωθρήν

160 1129 300 1216 appellat
322 1130 464 1199 Erasmus
486 1131 563 1210 VII,
589 1130 668 1217 174)
692 1135 762 1200 iure
785 1155 887 1219 quum
909 1134 1060 1200 haereant
1082 1151 1210 1210 omnes,
1230 1132 1356 1197 mireris

162 1238 286 1302 criticos
316 1236 395 1303 alibi
426 1241 619 1323 quaesivisse
650 1240 787 1318 vitium,
821 1260 917 1325 quam
941 1240 1068 1323 inipso
1091 1234 1150 1303 illo
1172 1238 1356 1324 importuno

160 1341 314 1409 vocabulo
344 1364 445 1429 neque
476 1344 738 1411 animadvertisse
768 1367 843 1411 eum
873 1344 1006 1411 absurde
1042 1344 1166 1410 dietum
1189 1364 1256 1410 esse
1279 1347 1355 1411 οίπο·

160 1444 272 1527 θρίζειν
304 1449 342 1514 de
374 1455 442 1515 tota
469 1450 597 1529 arbore,
629 1455 702 1515 tum
731 1471 840 1517 omnes
870 1450 1008 1536 reliquos
1032 1470 1110 1535 quos
1133 1451 1265 1536 ascripsi
1287 1471 1357 1517 ver·

161 1575 231 1632 sus,
264 1559 300 1619 ut
331 1555 371 1621 ds
392 1557 597 1641 sequentibus
619 1562 761 1635 tatem,
795 1563 924 1622 tantum
946 1576 1009 1623 non
1032 1555 1170 1621 clamare
1191 1555 1356 1644 Meleagro

161 1666 246 1726 certe
269 1661 489 1728 emendatione
510 1661 708 1728 reddendum
731 1680 815 1729 esse:

251 1767 440 1847 βλαοτήν
463 1792 498 1833 τε
521 1770 776 1838 πλατανίςου
800 1765 952 1848 exstem
975 1768 1040 1833 κτὲ.

619 1931 694 2021 Gap.
720 1934 766 2014 V,
792 1957 841 2022 ep.
866 1935 897 2001 2.

252 2089 318 2160 Τήν
341 2085 613 2168 καταφλεξίνιολιν
639 2085 858 2165 Σθενελαΐδα,
882 2087 936 2164 τήν
960 2088 1177 2171 βαριίμισθον,

297 2197 351 2269 τήν
376 2202 439 2267 τοῖς
464 2194 660 2273 βουλομένοις
683 2198 800 2275 χρυσοῦ
824 2195 1043 2275 ἐρεττομένην,

255 2301 376 2377 γυμνήν
399 2324 450 2378 μοι
475 2300 525 2365 διὰ
549 2302 654 2375 νυκτὸς
680 2299 751 2378 ὅλης
776 2303 957 2383 νιαρίκλινεν
982 2302 1087 2382 ίνειρος

300 2403 374 2487 ἄχρι
398 2409 445 2488 Φί
452 2420 520 2481 λης
545 2411 613 2483 ἠοῦς
636 2416 748 2488 προῖκα
771 2407 993 2490 χαριζομένην.
1019 2409 1084 2472 κτὲ.

162 2511 372 2599 Epigramma
403 2513 545 2579 nondum
581 2520 629 2580 est
663 2520 912 2602 perpurgatum;
948 2535 1024 2579 nem
1047 2516 1286 2599 ineptissimum
1310 2520 1358 2581 est

162 2637 209 2682 rs.
241 2622 353 2701 quarte
381 2619 498 2699 Φίλης,
528 2622 556 2682 si
585 2619 715 2703 quidem
746 2619 829 2685 nulli
860 2622 996 2685 amatori
1029 2638 1176 2684 amorum
1202 2622 1358 2687 terminus

163 2742 275 2787 aurora
304 2728 397 2809 grata
426 2722 490 2788 diei
519 2730 633 2808 petest.
681 2722 805 2805 Quanta
837 2746 912 2790 vere
942 2728 1060 2790 rectius
1083 2724 1194 2789 eudem
1219 2746 1267 2810 ep.
1291 2724 1355 2803 111,

162 2849 209 2895 vs.
234 2827 255 2893 2
279 2825 412 2908 Φθονερή
437 2835 569 2895 vocatur
588 2835 621 2894 et
643 2850 693 2915 ep.
714 2826 782 2894 172
805 2850 841 2895 se
868 2827 932 2895 173
956 2831 1136 2909 δυσίραςος,
1162 2830 1358 2915 adquorum

163 2934 306 3002 locorum
330 2934 514 3020 exemplum
538 2941 715 3021 exspectes:

436 3039 512 3122 ἄχρι
536 3047 684 3121 πικρής
709 3042 777 3116 ἠοῦς
802 3041 867 3105 ντί.

209 3148 322 3216 Obstat
354 3154 463 3215 tamen
497 3149 572 3214 huis
605 3150 804 3214 coniecturas
832 3146 965 3213 remedii
994 3147 1158 3213 violentia.
1217 3147 1301 3229 Quid
1332 3152 1360 3215 si

163 3259 323 3323 sumimus
341 3260 469 3342 poetam
488 3256 592 3340 ipsam
623 3253 742 3339 alloqui
777 3249 1037 3319 Sthenelaidem?
1071 3252 1122 3319 Ita
1144 3251 1248 3319 literis
1267 3254 1360 3321 aliter

164 3363 309 3429 diremtis
332 3362 429 3428 scribi
450 3363 568 3447 possit:

345 3465 438 3547 ῦχρι,
466 3468 513 3546 Φί
521 3483 587 3543 λη,
612 3470 641 3529 ο·
664 3468 732 3541 ἠοῦς
756 3473 866 3546 προῖκα
891 3462 1105 3545 χαριζομένην.

254 3594 381 3659 prorsus
404 3580 442 3638 ut
464 3574 547 3638 inira
569 3594 618 3657 ep.
644 3571 705 3650 22,
731 3571 768 3637 5:
793 3570 890 3652 ἄχρι,
915 3571 1041 3650 φίλη,
1067 3578 1187 3645 πολιῆς.

211 3678 268 3764 Ep.
295 3677 331 3754 9,
360 3677 449 3763 3sq.

258 3782 372 3847 Οὐκέτι
397 3782 548 3861 βαςοίζυ,
575 3783 623 3861 μίι
648 3785 690 3847 rei
715 3786 744 3847 α’
767 3782 959 3862 ὄμματα,
985 3783 1056 3855 τήν
1079 3781 1251 3863 Φιλίρημον

424 3889 476 3953 καί
502 3890 555 3964 τήν
580 3897 757 3970 μουνολεχή
781 3898 844 3956 σεῖο
867 3888 1038 3970 διαζυχίην.

165 3995 289 4063 Haeree
323 4001 391 4060 tam
425 3998 460 4059 in
489 3995 623 4060 articulo
653 4016 819 4081 perperam
851 3999 985 4082 repetito
1019 4016 1117 4081 quam
1150 3998 1184 4060 in
1215 3995 1360 4080 eoquod

165 4104 355 4189 perabsurde
385 4098 527 4181 διαζυχίη
552 4101 592 4165 ab
615 4103 718 4166 amieo
742 4101 861 4167 dieitur
882 4102 1057 4167 solitudinis
1080 4124 1193 4167 αινιαιιι.
1241 4100 1287 4166 Ut
1310 4122 1363 4187 ap

166 4218 295 4297 parete
320 4210 426 4276 verbis
449 4206 655 4292 sequentibus
679 4227 725 4271 vs.
752 4203 771 4271 7
921 4186 932 4209 ⁰

303 4316 403 4395 αὔριον
427 4314 517 4378 ιίλλίι
542 4312 646 4392 πάτρη
671 4336 713 4390 με
739 4310 912 4389 δεδίξεται,
