3276 5006
579 314 630 361 snx
646 313 780 362 sroasrn
802 311 1026 362 rnomnscrun.
1333 291 1397 357 103

211 481 246 546 τὸ
269 481 300 547 δὲ
323 483 507 565 τεχνατικὸν
531 520 574 533 -
598 483 633 549 τὸ
656 482 688 548 δὲ
710 481 934 563 μεταΒΛτιιιὸν
957 481 1010 548 καὶ
1035 479 1214 561 ἑμποριιαίν,
1236 476 1250 542 ὃ
1275 480 1317 544 τοὶ
1341 480 1397 556 μὲν

212 587 241 649 ἐν
264 595 306 671 τᾷ
338 588 426 653 πόλει
457 587 706 670 τεριοοσιοίζοντα
733 587 783 657 ἐπὶ
808 588 867 654 τοῖν
889 585 979 664 ξέναν
1003 584 1188 665 ΔΙιίγεται,
1212 585 1256 650 ποῖ
1279 584 1310 649 δὲ
1332 583 1396 648 σὶπὸ

211 694 271 763 τοῖς
292 692 382 769 ξένας
402 694 432 764 ἐς
453 692 512 757 rev
530 693 630 759 πόλιν.
665 693 823 760 Haeccine
845 693 962 758 menda
983 698 1074 757 ecnte
1097 692 1253 758 cernentis
1274 688 1396 755 Meine·

211 795 260 861 lcii
280 797 388 863 oculos
409 796 547 885 fugisse!
574 797 798 877 μεταΒΛτικίν
825 818 881 883 pro
910 794 1165 876 μεταΒΛλτιιιίν
1187 800 1221 861 et
1243 793 1395 873 διαγεται

210 920 268 984 pro
290 898 462 981 ἐξάγεται.
511 902 594 984 Quid
622 904 685 970 sibi
714 903 786 972 vult
814 905 849 968 in
871 923 905 968 re
927 903 1116 968 mercatoria
1136 899 1342 981 μεταβαίνειν
1365 904 1398 966 et

210 1002 392 1084 διοίγεσίαι,
416 1009 451 1072 in
473 1028 536 1093 qua
557 1006 738 1088 εἰσάγεσθαι
763 1045 806 1058 -
830 1006 1018 1087 ἐξάγεσθαι,
1042 1005 1205 1085 εῖσαγοιγιὶ
1219 1042 1260 1054 -
1273 1003 1396 1083 ε’ξαγω·

211 1111 254 1188 γιί
276 1115 309 1176 st
332 1109 602 1191 μεταβάλλομαι,
626 1114 812 1193 μεταβολή.
836 1112 1053 1192 μεταβολεύς,
1075 1108 1312 1192 μεταβλητικίς
1329 1129 1397 1175 sex-

210 1215 329 1279 centies
350 1216 533 1283 audiuntur.

255 1317 330 1387 Alio
358 1321 454 1387 modo
482 1343 546 1389 non
574 1326 682 1389 minus
704 1322 840 1389 absurdo
861 1320 1118 1402 μεπαΒΛΑπιιιίν
1141 1326 1325 1405 corruptum
1347 1323 1396 1384 est

210 1425 244 1487 in
272 1421 401 1490 Stobaei
432 1427 498 1492 oct.
527 1428 617 1514 Pop.
641 1427 666 1494 1.
689 1449 763 1516 pag.
788 1426 865 1494 422.
888 1429 923 1491 in
945 1427 1084 1493 Philolai
1113 1426 1307 1514 tegmento,
1339 1423 1396 1509 qui

209 1534 378 1615 postquam
404 1532 543 1599 dixerat:
575 1532 627 1598 καὶ
652 1534 687 1600 οδ
710 1535 768 1610 μὲν
791 1531 1029 1612 οίμετοίβλλτον
1051 1533 1153 1605 αὑτῶ,
1183 1530 1218 1594 τὸ
1241 1529 1273 1595 δὲ
1294 1551 1394 1606 μετα-

208 1631 332 1710 βοίλλον
354 1636 420 1715 ἔτι,
444 1643 516 1722 post
536 1659 638 1724 pauca
658 1643 790 1724 putatur
812 1638 945 1704 dixisse:
970 1638 1055 1703 κατὰ
1078 1633 1313 1702 σνναιιολοοίίαν
1335 1635 1395 1704 τοῖς

208 1739 488 1818 μεταβλΑΟτιιιοὶς
511 1744 637 1826 Φύσιος,
659 1764 717 1829 pro
739 1746 1018 1821 μεταΒΛΑτινιῖις.

252 1844 336 1925 Quia
365 1847 466 1913 semel
497 1848 557 1915 hoc
587 1853 815 1936 argumentum
837 1851 934 1936 attigi
956 1852 1049 1916 iuvat
1069 1849 1108 1921 ὥς
1133 1847 1162 1912 ἐν
1186 1843 1305 1927 παρίδιρ
1328 1863 1395 1911 ma

208 1949 361 2017 nifestum
389 1954 510 2019 vitium
530 1956 669 2019 eximere
691 1973 730 2019 ex
751 1951 896 2019 Platonis
917 1953 999 2019 libro
1021 1955 1059 2018 de
1080 1952 1169 2036 Βερρ.
1193 1948 1285 2027 vm,
1315 1969 1392 2037 pag.

208 2052 285 2123 847.
310 2073 339 2122 c.
362 2058 444 2134 μήτε
474 2067 533 2124 rIC
565 2058 689 2138 Ἀγέτιι
720 2058 801 2136 μήτε
831 2053 872 2124 αὖ
902 2064 960 2122 τῶν
988 2058 1018 2123 ἐν
1040 2066 1079 2139 τῇ
1101 2057 1190 2140 χώρα
1214 2053 1395 2133 ἀναγκαίαν

206 2158 350 2239 ἐμμένειν
372 2161 557 2241 ’eiectam
581 2163 638 2229 ubi
655 2165 859 2249 perspicuum
880 2168 929 2228 est
950 2161 1119 2229 Platonem
1141 2161 1280 2227 dedisse:
1311 2159 1393 2238 μήτε

206 2288 254 2337 τις
280 2265 464 2346 Oleastro.

251 2368 315 2436 sed
336 2371 378 2438 ad
400 2372 629 2439 Philodamum
650 2374 761 2452 rodco,
792 2373 849 2439 ubi
871 2394 902 2458 p.
929 2372 1010 2450 100,
1035 2369 1078 2437 26
1102 2371 1208 2437 editur
1230 2371 1311 2437 ποιὲν
1334 2368 1393 2434 τίον

206 2470 397 2549 abscederes
426 2478 602 2562 ίμολογήσρρ
635 2477 687 2544 καί
712 2478 877 2559 σύμφωνος
903 2472 947 2563 (ᾗ)
971 2484 1035 2549 τοῖς
1060 2475 1161 2548 αὑτοῖς
1184 2473 1314 2557 μέρεσιν.
1339 2495 1392 2541 ns·

204 2583 378 2648 cessarium
399 2588 449 2649 est
463 2580 481 2665 ᾖ
497 2603 517 2648 a
533 2580 697 2647 Meinekio
719 2584 877 2649 insertum
898 2580 954 2647 ssd
972 2580 1036 2646 alio
1055 2579 1150 2646 modo
1168 2579 1390 2646 revocandum.

204 2684 306 2751 Scrib.
340 2684 421 2759 ὅπως
452 2685 627 2769 ίμίλογοο
651 2684 712 2751 ’ἯΙ
745 2687 796 2753 καί
828 2688 1002 2767 σύμφωνος.
1053 2684 1169 2750 Paucis
1198 2683 1393 2769 interpositis

204 2789 342 2878 legitur:
377 2791 430 2859 καί
462 2790 579 2862 τούτοις
610 2795 689 2857 τοῖσι
721 2791 806 2858 κατα
835 2789 944 2872 τρίπον
975 2787 1086 2871 ἄρξασι
1116 2789 1176 2862 τοῖς
1202 2790 1274 2855 κατ’
1297 2785 1391 2865 οῖΕίας

204 2895 310 2976 ἀρχὰς
339 2894 518 2975 διανέμοιτο
541 2893 602 2968 τοὶς
624 2895 742 2973 τιμοίς,
771 2900 804 2960 at
826 2899 863 2960 tu
886 2897 1026 2981 corrige:
1052 2930 1094 2941 -
1118 2891 1229 2975 ίιρξασι
1253 2893 1312 2967 τοῖς
1336 2915 1392 2958 κα·

204 2999 317 3079 ταξίας
342 3000 521 3080 διανίμωντι
544 2999 659 3079 σιμοῖς,
699 3006 855 3086 expuncto
882 3000 985 3080 αρχοίς
1010 3004 1043 3067 st
1064 2996 1134 3071 τοῖς.
1180 2999 1284 3065 Natus
1306 3017 1392 3065 error

203 3109 254 3173 est
276 3106 351 3191 quic
373 3114 588 3176 KATAslnc
610 3126 776 3192 perperam
797 3108 832 3171 in
857 3104 931 3170 κατ’
955 3102 1047 3181 οὶξίας
1072 3104 1304 3183 dissecuerunt,
1329 3123 1391 3192 quo

204 3209 288 3277 facto
310 3213 414 3279 nescio
437 3214 508 3297 quis
529 3212 634 3293 ιῖργμίς
657 3211 782 3279 addidit
803 3218 836 3276 et
855 3220 941 3277 Tse
959 3209 1055 3290 σιμοῖς
1075 3212 1195 3296 requiri
1212 3209 1390 3277 videbatur.

249 3312 379 3401 Optime
398 3315 564 3385 Jeeobsius
586 3317 768 3385 emendavit
782 3316 898 3382 ,locum
919 3318 954 3382 in
976 3317 1096 3382 vicinia
1120 3312 1181 3393 43,
1210 3313 1265 3380 95.
1310 3313 1390 3383 Ede·

203 3420 313 3486 batur:
339 3419 388 3487 δεῖ
402 3422 461 3494 τὼς
480 3420 642 3501 νομοθέτας
663 3458 706 3471 -
725 3421 879 3501 ἐπιμελῶς
900 3428 1086 3501 παρατηρεῖν
1104 3421 1130 3485 εῖ
1147 3422 1390 3487 ἘΠΙΜΕΛΩΟ

203 3534 436 3592 ΠΛΡασιιεῖται
466 3526 508 3593 τὸ
531 3524 613 3592 ἕδεα.
658 3528 761 3593 Acute
782 3526 867 3593 vidit
888 3525 1043 3604 ἐπιμελῶς
1067 3547 1153 3605 παρα
1176 3526 1215 3590 ab
1239 3526 1392 3590 oscitante

202 3629 333 3697 librario
367 3651 407 3697 ex
439 3632 654 3717 superioribus
684 3631 769 3696 maie
799 3633 935 3715 repetita
964 3650 1030 3695 esse
1060 3634 1093 3695 et
1123 3630 1169 3695 sic
1198 3627 1389 3717 legendum:

204 3735 359 3813 ἐπιμελῶς
382 3745 571 3817 παρατηρεῖν
593 3737 619 3801 εί
644 3737 788 3801 σίσιιεῖπαι
812 3735 854 3798 τα
879 3733 959 3798 ἕίεα.

174 3874 178 3878 ·
248 3838 286 3904 ln
307 3860 374 3925 sqq.
398 3841 431 3906 οὐ
454 3840 517 3921 γαρ
539 3841 599 3905 ταν
621 3844 781 3919 τυχοῦσαν
804 3876 846 3888 -
871 3836 1137 3916 ααιιοδαιμοσύναν
1160 3837 1323 3904 ἕντίιιτοντι
1343 3838 1389 3903 τοί

202 3951 261 4011 τοῖν
284 3949 418 4029 σοφιςοῖν
447 3944 535 4024 λόγοι
558 3952 628 4017 ταῖς
652 3951 710 4010 τοῖν
733 3944 891 4023 ανθρώπων
914 3950 1039 4023 ψυχαῖς
1062 3944 1095 4008 αἱ
1119 3948 1389 4022 ΚΑΤλτολμῶντι

203 4056 285 4124 κινῆν
308 4049 395 4130 παροδ
418 4050 478 4124 τοῖς
501 4051 602 4123 κοινοῖς
626 4051 738 4123 ἐννοίας
763 4049 826 4124 ἤτοι
850 4055 909 4113 τῶν
930 4047 1014 4113 θείαν
1037 4047 1054 4122 ἢ
1079 4054 1137 4113 τῶν
1159 4048 1357 4129 ἀνθρωπίνων.

249 4153 333 4238 Quid
355 4175 413 4240 pro
435 4153 700 4233 κακοδαιμοσίναν
723 4156 766 4220 sit
788 4153 1019 4221 restituendum
1042 4154 1159 4220 frustra
1181 4173 1315 4240 quaero,
1335 4153 1390 4220 sed

202 4280 304 4345 neque
335 4259 600 4340 κακοδαιμοσύναν
629 4280 685 4346 pro
715 4259 952 4337 κακοδαιμονίαν
985 4256 1051 4325 ullo
1081 4257 1177 4325 modo
1200 4259 1263 4325 diei
1286 4262 1390 4344 potest
