3296 5022
629 388 829 435 contremunt
858 388 974 435 tittttt.

481 551 544 620 Sed
570 555 766 621 rusticorum
792 554 933 622 mascula
962 555 1102 622 militum

483 656 608 743 proles,
632 655 769 725 Sabellis
792 657 886 724 desta
910 658 1070 744 ligonibus

481 782 610 829 versare
632 761 741 848 glebas
767 771 801 827 et
822 781 952 828 seuerae

481 867 596 932 matris
619 865 658 932 ad
678 866 848 932 arbitrium
882 869 1002 933 recisos

482 971 613 1038 Portare
638 970 751 1047 iustis;
778 968 825 1036 sol
850 969 903 1036 ubi
929 973 1085 1037 montium

479 1084 615 1140 mutaret
639 1072 771 1140 umbras
794 1083 826 1140 et
850 1075 925 1159 iuga
947 1073 1090 1143 demeret

478 1175 580 1244 bobus
609 1176 774 1263 fatigatis,
798 1181 941 1244 emirum

478 1289 607 1368 tempus
630 1300 728 1367 agens
751 1281 888 1348 ubeuote
911 1301 1024 1351 eurru.

254 1387 372 1454 Parum
396 1386 481 1452 enirn
504 1393 579 1472 apte
600 1387 741 1472 positum
763 1384 892 1452 videtur
912 1387 1044 1453 verbum
1064 1397 1206 1467 mutere,
1231 1388 1390 1476 siquidem

205 1499 341 1579 excepto
362 1491 431 1577 ipso
455 1489 606 1566 meridie,
630 1488 758 1575 quando
782 1489 887 1556 nullae
911 1499 988 1557 sunt
1015 1490 1167 1571 umbrae,
1191 1491 1237 1558 sol
1260 1493 1392 1561 umbras

206 1604 307 1662 mutet
332 1601 510 1682 pertulum
535 1592 632 1659 diem.
671 1592 726 1659 tttr
751 1612 826 1659 uero
848 1601 886 1659 ut
909 1593 942 1661 b.
968 1593 989 1660 i.
1014 1603 1141 1681 ternpus
1170 1598 1389 1682 vespertinum

205 1699 456 1786 significandum
483 1705 553 1775 est,
585 1695 731 1783 quando,
764 1705 800 1762 ut
825 1696 957 1782 Vergilii
982 1698 1089 1765 verbis
1111 1707 1186 1765 utar
1210 1700 1331 1788 (Eulog.
1352 1702 1387 1778 l,

204 1804 263 1892 84)
294 1803 428 1870 maiores
456 1801 568 1868 endunt
590 1801 665 1865 ultis
687 1801 902 1866 dementibus
925 1803 1071 1881 umbrae,
1095 1804 1188 1889 longe
1209 1806 1317 1890 aptius
1340 1814 1390 1874 est

207 1927 258 1973 nre
282 1905 387 1973 iudice
409 1905 544 1993 dependi
567 1902 720 1982 uerbum,
756 1912 790 1969 ut
815 1904 898 1969 dixit
921 1924 1048 1991 quoque
1069 1907 1231 1993 Vergilius
1256 1908 1389 1997 (citatus

204 2011 245 2078 ad
275 2010 306 2076 b.
339 2011 361 2078 Ι.
394 2007 434 2075 ab
461 2010 598 2093 Acrone)
634 2010 664 2074 in
697 2006 801 2073 tlueoi.
825 2007 893 2074 teet.
917 2008 967 2087 ΙΙ,
994 2013 1058 2076 66:
1085 2021 1114 2077 et
1136 2012 1183 2078 sot
1206 2031 1388 2082 eerstnmes

202 2117 353 2183 decadem
375 2133 517 2180 onrnrear
540 2113 676 2178 umbros.
711 2110 776 2178 Nee
800 2110 912 2191 iaeile,
937 2114 964 2179 si
989 2124 1123 2180 mutoret
1140 2116 1388 2202 genuinum-es·

202 2231 269 2299 set,
296 2229 361 2286 tam
383 2219 486 2284 mirus
507 2217 592 2283 verbi
614 2236 692 2282 usus
715 2224 838 2283 veteres
862 2217 1055 2305 interpretes
1075 2216 1248 2285 leletlisset.
1279 2221 1386 2301 Quare

204 2325 311 2393 neseio
334 2343 375 2389 an
401 2323 453 2410 (et.
479 2321 565 2387 Paul.
592 2322 679 2387 litae.
704 2341 734 2406 p.
759 2324 819 2397 67,
845 2324 879 2405 2)
905 2320 1034 2388 Horatio
1056 2322 1256 2390 reddendum
1281 2327 1343 2391 stt:

754 2423 800 2491 sol
823 2425 878 2491 ubi
903 2426 1060 2492 montium

471 2532 615 2633 duplaret
639 2516 780 2596 umbras.

246 2639 371 2705 Diuersi
395 2638 523 2723 generis
549 2634 706 2720 estquod
731 2634 909 2720 repperisse
933 2632 1012 2698 mibi
1037 2633 1146 2700 videor
1171 2636 1202 2700 iu
1228 2633 1383 2702 Saturni

200 2739 275 2807 iibri
299 2741 328 2808 ll
351 2739 460 2825 legens
483 2716 579 2805 leuba
603 2738 700 2803 bseee
725 2737 780 2824 (62
804 2739 901 2822 sqq.):

602 2839 707 2922 Quint
731 2860 805 2906 eum
830 2849 879 2905 est
901 2839 1044 2905 bocurtus
1066 2858 1165 2905 ausus

290 2950 415 3035 primus
439 2948 470 3012 in
497 2946 583 3012 lrnne
607 2946 711 3031 operis
734 2962 924 3030 eonrponere
947 2945 1092 3010 earmina
1116 2963 1255 3022 morem,

287 3051 451 3119 detrahere
474 3061 503 3116 et
521 3050 655 3138 pellem,
678 3047 796 3114 nitidus
817 3070 879 3134 que
901 3047 1031 3135 quisque
1050 3069 1109 3134 per
1130 3070 1186 3115 oro

288 3159 427 3235 eederet,
450 3156 619 3222 introrsum
642 3155 752 3239 turpis.

230 3262 402 3329 Contendit
422 3259 498 3326 olirn
519 3259 695 3334 tleinsius,
715 3256 924 3323 dissentiente
942 3255 1082 3325 Bentleio
1101 3254 1156 3323 sed
1176 3255 1375 3346 suffragante

188 3386 291 3454 nuper
327 3363 569 3449 Peerlkampio,
614 3362 790 3428 Horatium'
820 3362 989 3447 scripsisse
1022 3383 1081 3449 per
1116 3382 1170 3427 oro
1208 3361 1372 3430 incederet.

186 3470 355 3537 Heinsium
375 3470 414 3534 ad
428 3470 649 3534 coniecturam
662 3464 812 3541 adduxit,
837 3466 965 3549 opinor,
985 3475 1136 3532 constans
1150 3464 1274 3532 Horatii
1286 3467 1372 3531 eius·

183 3595 246 3662 que
277 3573 461 3661 aequalium
493 3570 655 3637 scribendi
685 3589 771 3646 nros;
806 3568 1046 3655 Peerlkamplus
1068 3588 1105 3634 eo
1128 3569 1302 3655 prooessit,
1335 3579 1371 3637 ut

182 3679 289 3745 eodm
312 3698 371 3765 pro
394 3676 535 3743 incedere
559 3674 607 3739 vel
633 3672 780 3739 Plautum
801 3671 908 3739 dicere
928 3675 1069 3759 potuisse
1089 3680 1239 3756 negaret,
1262 3679 1296 3738 et
1317 3690 1369 3737 uo-

180 3782 331 3850 eubulum
366 3782 496 3866 saepius
523 3779 641 3846 lectum
667 3775 752 3861 apud
775 3774 865 3840 illuni
891 3775 1008 3862 ubique
1034 3776 1241 3843 librariorum
1264 3777 1367 3842 errori

178 3888 349 3953 tribueret.
384 3882 474 3966 Quod
499 3883 526 3947 si
550 3884 595 3947 ita
618 3888 720 3957 esset,
742 3880 917 3965 permirum
943 3900 1020 3947 sane
1044 3880 1125 3947 toret
1149 3877 1234 3966 apud
1258 3878 1363 3945 solum

177 3989 245 4057 lere
276 3990 424 4056 Plautum
454 4005 608 4073 apparere
632 3984 714 4050 bane
738 3981 957 4049 contusionem
982 4004 1117 4070 eamque
1140 3983 1185 4049 ite
1212 3983 1364 4068 trequen-

177 4103 253 4161 tem.
288 4095 371 4161 Casu
402 4092 542 4167 laetum,
573 4090 706 4176 opinor,
740 4095 775 4152 nt
806 4087 943 4171 singulis
974 4087 1051 4155 loeis
1075 4088 1233 4155 Plautinis
1257 4096 1362 4152 tnuta·

179 4200 321 4265 tionibus
345 4199 423 4263 satis
446 4195 572 4262 lenibus
595 4194 732 4259 alterurn
758 4190 892 4256 verbnm
916 4212 973 4276 pro
994 4192 1095 4260 altero
1115 4191 1267 4259 substitui
1289 4211 1359 4276 pos·

177 4303 229 4368 sit.
266 4303 305 4368 lit
332 4302 413 4367 seire
439 4301 532 4365 veliin
558 4295 634 4383 quid
662 4296 715 4362 liat
740 4295 880 4362 Lucretii
904 4296 971 4363 loco
996 4297 1038 4376 V,
1064 4302 1128 4365 842
1154 4316 1212 4381 sep:

1191 4402 1223 4449 es
