3242 5014
273 332 339 399 loe
777 347 951 397 nomios.

275 516 384 585 τοίτον
408 514 464 590 ἕως
494 520 548 582 τοῦ
573 513 669 593 „ists
691 514 790 596 ιιιίίιζ
812 515 942 593 Ἐλίνν”
965 517 1066 598 τίχοιι
1086 514 1235 599 τίεοοροι
1257 516 1465 600 πιριίκνιντοι

276 622 392 689 διπλοί
412 621 644 703 περιιτιγριίνοιι
666 616 712 685 ίτι
736 620 896 697 Ζηνίδοτορ
919 622 1074 700 sternite
1096 622 1332 696 viscarium
1350 624 1464 697 eisne·

436 727 614 809 ἀμφίπολοι
637 726 695 804 μιν
717 724 829 791 ἔπειτα
851 728 921 799 toris
942 726 993 790 erl
1018 725 1097 807 ίρνιι
1118 726 1291 808 τροιποντο,

435 832 516 908 aisis
537 830 566 897 δ’
587 830 691 897 ἀντίον
713 829 780 912 ίζιν
801 829 1013 910 ’Λλνξιίνδροιο
1036 831 1170 904 ἄνοικτος

436 934 507 1002 ὅσοι
531 934 628 1001 πόλιν
650 936 805 1013 κλίνοοοι,
830 937 918 1001 πίοιν
939 938 966 1001 δ’
990 938 1125 1011 ἠνίποιτι
1148 936 1241 1018 mid-r·

322 1043 527 1109 ’ΛΠΡΕΠΕΟ
557 1046 621 1121 γὰρ
651 1042 735 1121 αὐτῷ
768 1042 913 1122 ίφιιίνιτο
942 1045 977 1107 si
1008 1050 1048 1122 τῇ
1072 1041 1179 1123 'Balsa
1200 1042 1257 1114 τίιν
1279 1040 1465 1123 ’λφροδίτιιν

277 1147 383 1229 δίφρον
405 1144 570 1227 βοςάζιιν.
619 1145 795 1211 Ιοιιίοοοτοοιι
818 1152 883 1224 est,
907 1148 935 1211 si
958 1147 1034 1231 quid
1058 1146 1164 1223 aliud,
1188 1144 1343 1211 Venerem
1366 1145 1400 1211 id
1423 1147 1466 1211 ia

278 1273 348 1317 sere
379 1251 462 1336 quod
491 1252 728 1339 Aegyptiorum
757 1254 889 1337 regina,
923 1250 1074 1316 Zenodoti
1104 1252 1252 1328 domina,
1287 1271 1464 1335 numquam

277 1354 380 1421 faeere
410 1352 631 1421 sustinuissetl
663 1355 759 1440 idque
788 1358 819 1419 ei
848 1358 930 1421 tanti
958 1355 1106 1440 ponderis
1137 1376 1205 1421 esse
1225 1359 1335 1419 risam
1359 1362 1465 1421 estut

279 1461 439 1526 eximium
460 1462 584 1545 antiqui
609 1462 693 1526 ratis
714 1459 821 1525 loeum
842 1461 963 1545 insigni
984 1458 1225 1544 interpolatione
1247 1459 1381 1524 auderet
1403 1478 1465 1524 eor·

278 1584 442 1649 rumpere,
475 1572 507 1630 et
529 1566 669 1651 vestigia
690 1567 798 1630 omnia
819 1571 874 1636 τῆς
898 1569 957 1627 τῶν
978 1569 1120 1627 τολοιῶν
1143 1562 1300 1644 ι’φιλείοιε
1323 1563 1467 1628 funditus

279 1668 393 1735 delere.
440 1667 520 1733 Vide
543 1675 650 1735 autem
675 1669 751 1753 quid
774 1668 960 1752 respondeat
982 1667 1202 1732 Aristarchus:
1228 1669 1413 1743 ἕπιλίλητοιι
1436 1667 1466 1731 δὲ

278 1770 325 1838 ίτι
356 1772 435 1853 γραῒ
463 1774 585 1842 elxam
619 1773 671 1838 κοιὶ
695 1775 796 1855 ταύτῃ
817 1782 857 1854 τῇ
881 1780 985 1853 μορφῇ
1008 1772 1052 1837 τοι
1074 1773 1262 1852 προσήκοντα
1285 1773 1463 1847 ἒπιτηδειίει.

278 1875 410 1963 Reperit
430 1878 553 1942 colerem
575 1877 733 1963 aliquem,
763 1883 802 1943 ιιι
824 1880 970 1961 antiquos
993 1898 1105 1945 versus
1125 1898 1250 1943 servare
1273 1898 1310 1942 se
1332 1879 1465 1943 rotinere

280 1986 406 2068 posset,
441 2002 504 2047 non
533 1985 637 2066 ipsam
666 2003 795 2048 eausam
828 1984 864 2047 τί
894 1986 952 2046 τῶν
984 1988 1127 2046 τιιλοιιιν
1157 1982 1224 2062 περὶ
1257 1985 1301 2046 τοι
1335 1985 1464 2049 τοιοῦτον

282 2082 430 2153 eruitis
452 2088 624 2170 perspexit.
664 2086 798 2152 Necesse
819 2093 867 2152 est
888 2088 922 2150 iu
944 2088 1147 2170 antiquarum
1169 2085 1354 2151 litterarum
1375 2089 1464 2151 inter·

281 2190 458 2277 pretatione
485 2194 524 2253 ut
549 2190 610 2254 tibi
632 2192 759 2256 enimus
780 2192 921 2276 ιιιιιιρνιιι
942 2188 998 2255 fiat
1020 2197 1053 2255 et
1074 2192 1121 2255 its
1142 2192 1261 2256 sentias
1281 2195 1320 2253 ut
1342 2190 1396 2255 illi
1416 2210 1464 2255 re

282 2298 364 2361 teres
386 2293 582 2371 sentiebant,
606 2314 701 2378 quem
723 2316 851 2360 sensum
873 2295 1095 2360 Alexandrinis
1115 2292 1245 2360 Oritieis
1266 2315 1331 2360 non
1350 2298 1463 2369 inesse,

282 2404 339 2464 aut
367 2398 483 2464 saltem
511 2418 575 2465 non
603 2402 681 2465 satis
708 2421 813 2466 aerem
842 2403 877 2464 in
906 2403 948 2464 iis
977 2405 1034 2465 aut
1055 2406 1186 2465 acutum
1208 2399 1324 2477 fuisse,
1354 2398 1465 2465 multis

283 2504 349 2569 iam
383 2502 538 2590 exemplis
570 2505 767 2570 ostendimus
800 2510 832 2570 et
863 2526 940 2571 mox
973 2504 1121 2589 pluribus
1153 2505 1367 2569 ostendemus.
1418 2501 1464 2569 Ad

282 2608 419 2674 eundem
449 2608 566 2675 Iliades
591 2608 699 2675 locum
722 2618 758 2674 Γ.
781 2608 848 2674 424
870 2612 1034 2675 annotavit
1055 2608 1138 2673 alius
1159 2610 1265 2673 neseio
1286 2611 1362 2692 quis
1383 2594 1464 2674 niis

282 2710 385 2778 tarahi
414 2713 686 2781 animadversione
716 2732 809 2779 usus:
845 2714 896 2779 τίν
927 2714 959 2781 δι
987 2714 1091 2795 δίφρον
1121 2714 1146 2777 εἰ
1180 2721 1275 2777 ΜΕΝ
1305 2715 1346 2785 ὥς
1372 2714 1464 2792 nais

282 2816 398 2893 πίίνοιν
417 2820 470 2884 οὐκ
489 2816 613 2895 ἄτοπον,
632 2820 659 2885 si
679 2828 737 2883 ΔΕ
752 2820 792 2891 ὡς
814 2819 997 2899 Ἀφροδίτη,
1021 2820 1074 2882 κοί
1096 2818 1209 2889 'ataui
1229 2818 1343 2896 λύκιοι
1364 2816 1465 2900 φοίνει

282 2920 439 2989 Ὀδυσσεῖ.
484 2922 629 3009 Respicit
651 2923 758 2989 locum
781 2927 815 2987 in
837 2922 978 3009 Odyssea
1000 2931 1041 2987 T.
1067 2920 1120 2986 34.

757 3027 879 3108 πάροιθε
902 3027 933 3092 δὲ
955 3027 1091 3099 Πολλὰς
1116 3026 1227 3101 'Adire

420 3130 548 3211 χρύσεον
571 3130 685 3213 λύχνον
708 3130 827 3211 ἔχοντα
850 3131 934 3213 φοίος
956 3132 1140 3210 περικαλλὲς
1164 3132 1268 3196 ἐποίει.

284 3254 347 3300 non
369 3233 560 3299 offenderant
586 3235 663 3303 haee
686 3241 831 3302 retemm
853 3239 994 3313 animos,
1027 3238 1083 3320 qui
1105 3235 1189 3300 nihil
1210 3236 1250 3300 de
1271 3257 1389 3322 genere
1411 3236 1466 3301 hoe

283 3338 498 3403 mirabantur:
532 3339 606 3405 deos
627 3343 711 3407 inter
731 3342 876 3406 homines
898 3343 1017 3407 versari
1039 3346 1071 3407 et
1093 3340 1242 3405 omnibus
1263 3342 1370 3405 modis
1392 3358 1467 3425 quoe

283 3463 371 3509 euros
400 3442 558 3510 habebant
583 3444 751 3521 adiurare,
774 3445 918 3530 nihilque
941 3446 1018 3511 adeo
1040 3445 1124 3529 quod
1145 3445 1325 3509 humanum
1347 3450 1465 3511 essets

283 3548 354 3614 Diis
377 3548 518 3615 alienum
548 3551 713 3635 putabant
760 3550 823 3617 Sed
842 3555 1092 3634 supervenerunt
1113 3548 1255 3636 theologi
1279 3557 1312 3614 et
1333 3549 1465 3635 philoso

283 3653 358 3739 phi,
391 3656 446 3738 qui
476 3654 630 3739 quidquid
660 3678 699 3721 er
729 3675 805 3720 suae
834 3656 948 3721 aetatis
976 3675 1069 3720 sensu
1099 3658 1132 3720 et
1165 3655 1366 3738 opinionibus
1389 3656 1465 3719 esset

283 3757 437 3837 οιτριτίς,
461 3760 494 3822 in
517 3757 659 3826 Homero
681 3766 738 3825 eut
759 3760 868 3826 acerbe
886 3759 1038 3824 notabant
1056 3755 1215 3846 indigesti
1237 3758 1320 3824 Deos
1339 3762 1465 3824 immor·

284 3861 365 3928 tales

420 3966 576 4045 κλίττειν,
599 3968 756 4049 μοιχεύειν
779 3991 814 4032 τε
838 3967 890 4032 scal
915 3969 1072 4043 οὶλλιίλονς
1096 3968 1302 4043 ἀποτίλλειν,

284 4076 341 4136 aut
369 4072 454 4139 male
485 4094 561 4139 sana
592 4074 770 4140 subtilitate
799 4081 855 4139 aut
884 4074 1033 4146 ὑπονιίοιι
1057 4074 1245 4161 (allegoriis)
1267 4072 1464 4159 perabsurdis

283 4195 431 4242 excusare
462 4184 518 4243 aut
547 4178 712 4244 defendere
741 4180 937 4266 satagebant.
985 4178 1088 4259 Quam
1111 4178 1230 4244 vellem
1252 4178 1336 4243 nihil
1358 4179 1463 4243 huius

280 4280 369 4344 modi
391 4283 592 4365 opinionibus
620 4284 806 4349 tribuissent
829 4280 1022 4349 Oritiuorum
1044 4283 1331 4355 Alexandrinorum
1354 4282 1463 4371 prinei·

278 4404 343 4467 pes.
390 4384 453 4451 Sed
483 4385 533 4452 illi
565 4408 688 4472 quoque
720 4389 997 4455 stomachabantur
1020 4389 1200 4457 Minervam
1224 4389 1333 4458 servili
1357 4389 1462 4456 minis·
