3254 5034
673 352 711 401 m
733 350 934 401 mnemon.
1361 334 1403 397 'tt

210 518 290 587 tbit.
317 524 383 588 126
406 521 508 606 irruitur
531 522 610 605 γὰρ
633 522 673 590 ἂν
695 522 751 605 τρὸ
772 523 881 590 τούτου
905 521 1047 602 ἐχρῶντο.
1083 520 1166 587 Hinc
1190 521 1275 608 apud
1302 518 1406 587 Plato-

213 646 286 693 nem
311 648 329 694 e
355 626 525 717 Symposio
550 649 578 714 p.
608 632 670 695 196
696 633 731 694 Α.
756 629 887 696 exulare
912 631 1005 698 iubeo
1029 632 1353 717 interpretamentum
1379 626 1404 691 εί

212 733 341 815 σκληρὸς
366 730 411 809 ἦν.
436 732 504 813 Gi,
529 735 556 800 si
582 735 744 814 tantiest,
769 754 851 820 quae
871 738 1023 804 annotavi
1041 737 1082 803 ad
1104 735 1260 823 Oedipum
1276 734 1406 819 Regem,

215 859 261 905 rs.
287 843 367 907 220.

260 945 335 1033 Cap.
365 951 430 1012 114
453 953 557 1013 extr:
584 947 651 1013 καὶ
676 948 711 1014 τὸ
732 948 824 1014 τλίον
848 950 947 1016 οὐκέτι
973 951 1179 1032 τροελίίντες.
1216 947 1334 1014 Verius
1358 945 1407 1010 vi·

213 1049 327 1117 detur:
353 1053 485 1125 καίετο
509 1054 622 1132 τλίον,
649 1063 683 1120 ιιι
708 1053 863 1121 scribitur
887 1056 916 1122 11
941 1059 979 1123 11
1009 1063 1027 1144 §
1056 1067 1067 1123 t
1096 1067 1128 1124 et
1152 1055 1193 1122 tv
1219 1058 1281 1121 tau
1307 1054 1325 1138 ς
1353 1057 1384 1118 2.

261 1158 337 1245 Gap.
376 1165 437 1224 115
470 1161 709 1240 νεωτερίσαι
741 1160 921 1240 βουλόμενοι
952 1168 1025 1240 τὴν
1049 1162 1281 1231 τολιτείαν.
1328 1156 1408 1224 Vide

215 1262 265 1330 St.
291 1263 393 1330 Tbuc.
422 1284 453 1351 p.
482 1263 798 1332 assiduatum.
826 1287 856 1351 p.
884 1272 916 1335 1.
943 1268 1061 1337 Eodem
1089 1269 1155 1336 iere
1180 1277 1324 1354 tempore
1345 1285 1408 1330 me·

215 1390 292 1436 cum
319 1371 350 1435 iu
376 1369 503 1437 easdem
525 1372 730 1436 coniecturas
750 1371 864 1438 incidit
884 1375 1063 1443 bieiuelrius
1076 1377 1108 1441 in
1127 1376 1256 1451 Herma,
1277 1373 1409 1457 iusuper

215 1495 414 1563 proponens:
447 1480 727 1558 νεοχμῶσαι-τὴν
760 1482 930 1549 πολιτείαν.
964 1481 1005 1548 Et
1037 1483 1083 1549 sic
1117 1480 1185 1549 fieri
1219 1487 1342 1565 potest,
1374 1482 1410 1541 ut

215 1583 332 1669 legerit
363 1583 493 1649 Cassius
527 1583 602 1660 bio,
633 1584 727 1649 cuius
758 1595 907 1672 excerpta
932 1587 1003 1653 vido
1028 1608 1098 1674 pag.
1125 1590 1165 1652 ut
1191 1585 1240 1652 ed.
1267 1579 1410 1651 Diodorii

216 1708 268 1777 ap.
293 1689 511 1757 Teubner-um.
536 1687 738 1774 Quartrrpuarn
764 1690 819 1758 tib.
847 1691 1033 1779 in120§
1057 1698 1075 1759 4
1097 1693 1182 1758 idem
1204 1691 1304 1761 dixit:
1328 1685 1409 1762 ὅπως

215 1796 311 1875 μηδὲν
333 1796 422 1877 aspi
446 1795 502 1872 τὴν
525 1797 690 1877 Ἀρμενίαν
711 1800 934 1881 νεοχμονίῇ.

261 1902 336 1988 Cap.
365 1905 427 1966 116
450 1910 532 1967 extr.
557 1901 607 1968 ἐπὶ
632 1904 752 1969 Καύνου
775 1904 843 1970 καὶ
874 1906 1000 1987 Καρίας.
1025 1904 1264 1972 Grannnaticae
1284 1903 1348 1965 rim
1363 1900 1410 1965 in·

217 2006 303 2075 terre
332 2017 410 2094 puto
432 2006 581 2074 Heiucbii
607 2010 826 2076 coniecturam
852 2010 989 2078 delentis
1011 2009 1172 2097 copuiam.
1210 2008 1288 2074 Nam
1313 2006 1411 2074 srae-

217 2134 294 2181 cuun
317 2111 398 2180 inret
422 2114 473 2179 art
499 2114 617 2182 Καύνου
637 2123 707 2191 τῆς
727 2118 855 2197 Καρίας.
882 2115 946 2182 Nec
968 2124 1075 2183 tameo
1097 2115 1270 2202 quicquam
1294 2131 1409 2178 novan-

218 2219 297 2287 dum
318 2219 470 2286 arbitror.
496 2219 576 2286 Nam
598 2220 673 2287 aiibi
695 2242 822 2311 qnoque
835 2222 1040 2312 Thucydides
1054 2219 1230 2288 voculam}
1245 2217 1413 2304 coniungit

218 2326 456 2393 accuratiorem
490 2336 522 2394 et
554 2328 786 2413 generaliorem
821 2328 881 2395 toci
915 2327 1155 2404 definitionem,
1188 2327 1233 2392 ita
1258 2323 1339 2402 iere,
1376 2331 1412 2389 ut

218 2429 307 2497 illam
333 2430 409 2497 buic
435 2434 643 2518 praemittere
666 2437 881 2501 consueverit.
908 2435 961 2501 Sic
982 2456 1012 2500 ν.
1033 2456 1060 2501 c.
1077 2434 1134 2500 Vll
1149 2435 1224 2518 305
1244 2440 1256 2496 t
1275 2430 1408 2515 tegitur:

219 2537 272 2602 ίτὶ
304 2538 355 2602 τίν
387 2536 520 2620 Εὔριπον
550 2539 603 2603 καί
632 2542 687 2617 τὴν
711 2539 875 2607 ίαλασσαν
897 2552 930 2608 et
959 2542 999 2607 iV
1024 2546 1058 2608 8:
1087 2542 1173 2607 ιιατοὶ
1195 2542 1231 2607 τί
1254 2538 1409 2618 τείχισμα

217 2651 280 2711 τῶν
300 2645 466 2719 ’λίνναίων
486 2644 540 2710 καί
561 2645 617 2720 rin
636 2645 758 2725 Πύλον,
779 2657 811 2713 et
832 2647 908 2712 aiibi
929 2647 991 2713 adia
1012 2647 1156 2714 eiusdem
1177 2645 1318 2730 generis.

267 2750 340 2836 Gap.
378 2754 449 2818 tau.
482 2753 567 2829 ἡμῶν
597 2751 628 2816 di
658 2747 720 2818 ὅσοι
745 2753 802 2831 μὲν
826 2755 995 2831 Ἀίνρναίοις
1018 2754 1072 2831 ἤδη
1098 2748 1409 2830 ἐνηλλάγησαν.

219 2855 269 2922 St.
294 2854 388 2922 Τίιιιο.
411 2878 441 2942 p.
465 2859 505 2924 19
524 2856 725 2940 corrigebam
746 2857 1081 2940 ξνννλλνίγησαν.
1107 2856 1289 2925 ineundam
1303 2872 1411 2920 emen·

220 2960 384 3029 dationem
409 2972 518 3048 postea
539 2962 652 3028 incidit
673 2962 868 3051 Madvigius,
893 2967 954 3032 nisi
975 2965 1058 3053 quod
1073 2975 1186 3032 contra
1200 2981 1293 3029 usum
1310 2959 1410 3026 nostri

221 3067 389 3155 proposuit
412 3068 756 3148 cvnnatriynroer.

269 3173 343 3261 Cap.
373 3178 446 3240 132.
482 3174 618 3254 ὑτοψίας
643 3176 675 3241 δὲ
698 3177 821 3251 τολλίνς
845 3186 980 3261 παρεῖχε
1006 3175 1207 3268 (Pausanias)
1231 3184 1271 3258 τῇ
1290 3196 1326 3238 τε
1347 3194 1411 3237 τα·

220 3282 352 3365 ρανομίρι
381 3280 435 3345 καί
463 3279 592 3362 ζηλώσει
621 3288 680 3348 τῶν
707 3282 876 3365 βαρβαρων
900 3287 945 3363 μὴ
969 3282 1030 3359 icor
1054 3283 1223 3365 βούλεσθαι
1246 3276 1325 3346 εἶναι
1350 3284 1412 3350 τοῖς

220 3390 397 3469 παροῦσι
425 3386 477 3453 τοί
507 3411 551 3453 τι
582 3385 697 3456 ἄλλα
720 3391 816 3457 αὐτοῦ
843 3389 1032 3457 ίινεσαίτοον
1062 3389 1092 3457 εί
1120 3389 1154 3455 τί
1183 3411 1242 3454 τον
1264 3384 1414 3466 disicitd-

220 3517 297 3570 τητο
327 3499 385 3559 τῶν
412 3494 590 3562 anascevae
622 3497 756 3575 νομίμων
789 3497 843 3562 καί
875 3493 921 3563 ὅτι
955 3498 1006 3563 ἐντί
1030 3498 1081 3563 τὸν
1104 3494 1237 3578 rpraeta
1262 3515 1339 3558 τοτε
1363 3489 1414 3554 τίν

222 3602 254 3667 ἕν
279 3598 589 3682 Δελφοῖς-ἠξίωσεν
609 3601 846 3684 ίτιγρσίψασίαι
863 3605 927 3669 ντὲ.
954 3606 1055 3670 Acuta
1079 3600 1262 3669 Badbamus
1282 3596 1414 3664 ddunt.

223 3727 257 3794 p.
287 3711 327 3773 10
358 3706 555 3794 perspiciens
583 3708 735 3775 vocabuta
771 3716 987 3791 τοῖρταροῡσι
1011 3707 1236 3793 coniungenda
1261 3721 1416 3772 essenon

224 3811 423 3900 praegressis
446 3810 502 3879 sed
526 3814 752 3898 sequentibus,
784 3815 936 3883 coniecit:
961 3813 1055 3891 river,
1086 3824 1149 3888 τοῖς
1173 3808 1349 3892 παροῦσί
1371 3831 1415 3873 τε

223 3918 365 3986 τᾶλλα
389 3921 452 3985 κτέ.
489 3921 530 3987 tt
554 3928 735 3986 ntrtoeearn
760 3921 922 3987 scribendi
952 3941 1073 3988 morem
1099 3914 1344 4006 Thucydidcuru
1370 3913 1414 3977 ita

223 4027 391 4111 rerpuircre
410 4034 494 4099 τοῖς
514 4050 557 4091 τε
577 4010 767 4106 ταροῦσι,
789 4027 908 4094 Graece
930 4026 1028 4093 scribi
1050 4025 1128 4092 solet
1148 4033 1204 4091 aut
1219 4021 1285 4089 καί
1307 4018 1417 4086 τοίλλα

223 4133 293 4199 καί
324 4130 372 4198 ὅτι
403 4139 460 4197 aut
490 4130 533 4198 τοί
561 4156 603 4198 τε
634 4130 722 4200 ἄλλα
746 4133 813 4199 καί
837 4130 901 4209 ὅτι,
934 4153 993 4200 nec
1017 4133 1078 4198 inci
1102 4132 1219 4198 rationi
1245 4126 1417 4194 contenire

225 4237 372 4317 videtur,
396 4235 480 4324 quod
506 4238 573 4325 ipse
596 4238 702 4319 «teuit,
724 4237 834 4306 τᾶλλα
858 4240 910 4306 καί
936 4235 992 4307 ire.
1017 4238 1184 4306 Sollertem
1199 4237 1417 4322 igitur-emcn-

224 4343 385 4411 dationem
419 4345 463 4409 ita
495 4343 589 4411 liceat
614 4345 783 4432 perticere,
808 4356 841 4411 ut
864 4346 1068 4413 scribamus:
1094 4347 1139 4424 ati
1163 4342 1226 4418 icor
1249 4342 1418 4422 βούλεσθαι

224 4447 315 4519 εἶναι
326 4500 336 4531 ,
369 4449 463 4539 (καί)
494 4458 558 4524 τοῖς
589 4456 718 4534 παροῦσι
750 4450 794 4518 τοί
824 4476 859 4519 τε
890 4450 979 4520 ἄλλα
1010 4454 1107 4519 αὐτοῦ
1130 4446 1416 4517 annutans-eat
