3330 5012
259 332 324 397 336
654 341 890 400 oosnnmrto‘ues
912 352 1048 401 cnrxrces

255 534 314 603 pro
354 519 401 588 eie
427 515 581 599 ’ἕῶροκονν
620 527 653 586 el
692 540 724 605 p.
755 524 831 586 277.
860 526 916 586 *ta
956 525 1012 597 rho
1042 521 1442 602 ἐγνοντεοποομέννν

256 623 362 695 αὐτοῖς
383 622 544 700 θεολογίαν
567 622 705 702 medusae
730 643 787 710 pro
810 624 1245 705 ουνκοιτεοοτοοομένην.

170 808 173 813 .
302 726 338 791 P.
362 729 438 793 278.
462 731 503 793 55
528 728 561 793 in
586 729 691 794 verbis
715 723 749 803 he
772 728 800 794 δ’
822 730 981 807 ἡμεδαπὸς
1006 727 1206 816 [Αἰγύπτιος]
1233 749 1349 796 nomen
1370 747 1440 815 pro·

256 829 364 916 prium
396 833 606 917 expunxerim
641 842 673 899 et
708 834 741 898 in
775 835 921 918 proxime
952 833 1160 920 sequentihus
1191 833 1315 910 verbis,
1338 852 1441 920 quum

256 943 410 1001 narratur
441 934 621 1003 llercurios
644 938 772 1004 Homeri
804 938 904 1005 luisse
931 946 1037 1025 pater,
1066 937 1178 1004 duhito
1196 958 1240 1003 an
1255 943 1335 1005 satis
1354 947 1442 1003 recte

255 1038 320 1105 dici
344 1041 443 1126 possit
474 1041 526 1106 ecl
559 1044 745 1109 ποιεῖτον
775 1041 911 1125 Ὅμηρον
939 1054 973 1110 et
997 1042 1105 1108 malim
1131 1062 1286 1128 reponere
1309 1043 1441 1108 rerba-

254 1151 372 1209 ονονεῖ.
421 1143 482 1211 Sed
508 1145 620 1212 utilius
644 1146 743 1213 luerit
767 1146 936 1229 subvenire
962 1149 1002 1213 iis
1024 1167 1107 1234 quae
1130 1166 1216 1213 nunc
1236 1146 1373 1212 absurde
1396 1144 1442 1212 le·

256 1255 381 1333 guntur
403 1254 526 1336 p.280.
552 1257 585 1318 8.
635 1252 750 1318 Totum
782 1252 887 1317 loenm
919 1252 1111 1318 adscribam.
1159 1250 1263 1317 Verba
1287 1260 1362 1316 cunt
1386 1248 1442 1316 Ca·

257 1351 400 1420 laslridls
431 1355 475 1421 ila
507 1359 682 1423 narrantis:
715 1356 775 1422 Kal
807 1358 957 1432 ἕπνςνὶοοος
988 1358 1092 1436 ὀλίγον
1123 1356 1177 1422 ecl
1206 1355 1442 1437 deidenhusen

257 1457 340 1523 ridle
361 1461 692 1541 eeteprtpoo'eee
715 1461 765 1527 ἐπὶ
791 1462 950 1528 δοκτύλων
970 1463 1104 1538 συνθεὶς,
1128 1462 1183 1536 τήν
1202 1484 1237 1525 re
1258 1459 1355 1538 κόμην
1379 1459 1443 1524 διο·

256 1562 364 1637 rainer
399 1565 452 1630 eet
487 1568 557 1640 τοὺς
589 1564 743 1647 κου’τδχοος
779 1565 984 1645 μιμούμενος,
1020 1568 1128 1649 Ἐρᾷς,
1156 1561 1254 1643 εἶπον,
1281 1561 1302 1629 ὦ
1326 1563 1441 1629 τέκνον.

257 1664 450 1752 Significant
471 1667 549 1737 haec
567 1679 699 1737 auctore
719 1674 912 1757 interprete:
939 1671 1015 1737 Com
1023 1669 1192 1755 portiolam
1204 1689 1255 1734 me
1269 1668 1444 1735 erexissem

257 1779 287 1837 et
309 1771 445 1839 colendos
468 1777 618 1860 quosdam
640 1775 723 1840 nihil
745 1785 944 1841 numerantes
965 1775 998 1839 in
1020 1774 1129 1861 dipitis
1151 1773 1389 1860 compraetorem
1415 1781 1445 1836 et

256 1895 376 1942 comem
400 1880 587 1965 quaesissem
606 1878 726 1964 offlotoe
747 1880 779 1943 oi
801 1880 940 1945 ounnnir
962 1880 1109 1956 imitans,
1133 1879 1231 1944 Amne
1253 1877 1323 1942 dixi
1340 1897 1357 1941 o
1376 1876 1443 1963 p‘ti.

258 1979 361 2061 Quam
386 2001 438 2047 me
461 1981 621 2049 delectant
644 1985 722 2049 ista:
746 2004 818 2050 eum
837 1983 1007 2070 paululum
1025 2005 1074 2049 me
1094 1984 1282 2049 erexissem!
1321 1982 1362 2047 m
1388 1980 1444 2065 qul

257 2095 335 2153 sunt
357 2094 523 2172 praeterea
546 2088 671 2154 numeri
691 2088 746 2153 isti
774 2088 856 2153 nibil
878 2089 1100 2154 numerantes?
1135 2088 1227 2153 Levis
1250 2106 1342 2152 error
1366 2087 1446 2151 istas

257 2190 407 2257 tenebras
426 2189 531 2257 dedit:
556 2212 614 2279 pro
636 2192 972 2274 κοτυονθμούσοος
996 2192 1101 2258 scribe
1123 2192 1444 2273 κοτοροθμῆοος.

302 2293 396 2360 Nunc
420 2294 569 2380 prodesse
593 2296 783 2363 conabimur
809 2297 925 2363 achilli
950 2298 1063 2377 Τοιίο,
1087 2299 1254 2363 occasione
1277 2302 1385 2361 serenta
1404 2293 1445 2359 ah

258 2418 312 2486 pg.
344 2403 421 2466 280.
445 2404 486 2467 18
522 2402 575 2466 uhi
610 2400 796 2485 Theogenes
819 2401 1003 2468 Charicleae
1034 2421 1143 2468 amore
1174 2409 1289 2489 captus
1323 2399 1445 2465 dieitur

258 2508 374 2586 πρῶτον
391 2507 552 2587 πειρᾶσθαι
572 2506 687 2589 ἔρωτος.
720 2505 787 2572 Non
816 2505 984 2573 dissimilis
1003 2517 1052 2573 est
1071 2506 1161 2573 locus
1179 2507 1212 2571 in
1237 2503 1446 2590 Xenophonte

256 2607 397 2694 llphesin
427 2629 459 2695 p.
481 2615 557 2677 535.
594 2616 651 2689 th,
679 2609 734 2676 uhi
765 2610 978 2677 llahrocomes
1002 2610 1181 2677 exclamat:
1215 2614 1361 2691 ’λπενοος
1384 2608 1444 2686 ὢν,

253 2716 371 2796 Ἔρος,
396 2711 440 2779 ἔον
469 2721 529 2781 τῶν
561 2722 620 2782 σῶν
649 2715 872 2798 ὑπερηφάνουν.
920 2716 962 2782 m
992 2715 1077 2802 apud
1102 2714 1310 2782 Clrarilenem
1336 2733 1366 2799 p.
1390 2717 1443 2779 78.

258 2822 303 2884 20
332 2819 367 2883 in
391 2819 525 2904 epistola
549 2819 710 2887 Chaereae
733 2819 773 2886 ad
800 2840 932 2887 uxorem
957 2841 1049 2886 suam
1074 2819 1269 2886 Callirrhoen
1293 2825 1380 2885 recte
1403 2817 1444 2883 le·

255 2923 365 3008 gilurt
389 2926 539 3002 μνήσθητι
568 2932 625 3000 τῆς·
648 2925 754 2998 νυκτὸς
776 2934 832 3001 τῆς
864 2932 995 3003 haeretic
1020 2926 1051 2989 ἐν
1075 2922 1094 3007 ᾗ
1115 2930 1230 3005 πρῶτον
1252 2923 1291 2990 οὺ
1313 2924 1371 3004 μὲν
1393 2926 1448 2988 οἰν-

256 3029 342 3109 apta,
374 3028 436 3106 eye
467 3029 500 3095 el
530 3031 674 3108 parentele
708 3039 816 3112 excipere
842 3029 1010 3108 ἐλάβομεν.
1057 3028 1136 3095 Erat
1160 3029 1262 3114 igilur
1285 3025 1446 3095 Hellndnrl

257 3131 460 3217 Theagenes,
480 3132 623 3199 nondum
640 3153 824 3220 compressa
846 3133 1032 3211 Chariclen,
1050 3132 1154 3215 ἔρωτος
1178 3135 1378 3216 oportunae
1387 3130 1446 3211 sed

255 3235 403 3316 γυναικὸς
421 3236 625 3303 παντάπασιν
641 3237 782 3320 ἄπειρος,
803 3238 888 3325 quud
901 3249 1008 3324 postea
1022 3239 1054 3303 in
1068 3246 1212 3305 extreme
1230 3237 1334 3305 lahula
1352 3256 1446 3305 even·

256 3350 312 3407 tus
331 3338 453 3408 docuit.
480 3341 564 3408 llaec
576 3344 604 3407 si
623 3364 696 3409 vera
709 3352 809 3423 mint,
833 3343 974 3410 seribere
988 3364 1049 3409 non
1064 3345 1168 3430 proluit
1181 3343 1320 3412 Achilles
1334 3342 1447 3409 'latius

254 3467 286 3534 p.
301 3449 355 3513 86.
373 3454 405 3512 tt
436 3445 521 3532 quod
542 3466 628 3512 nunc
648 3448 767 3515 editur.
806 3447 974 3533 Clitophon
995 3448 1056 3524 ibi,
1081 3449 1137 3534 qui
1158 3448 1250 3515 ardet
1271 3449 1447 3534 Leucippes

255 3571 386 3632 amore,
410 3548 550 3617 allirmat
569 3571 604 3618 se
624 3565 800 3639 numquam
823 3573 889 3619 rem
903 3552 1053 3619 hahuisse
1074 3554 1136 3619 nisi
1159 3552 1240 3621 lorte
1253 3572 1445 3619 numnrere·

254 3656 386 3724 triuula:
403 3658 465 3734 tyb
483 3658 558 3735 μὲν,
571 3658 690 3743 inquil,
710 3658 960 3739 rrpnrdrrarper
981 3658 1019 3724 ὢν
1037 3661 1079 3731 εἰς
1097 3667 1266 3737 νυνοοῑκος,
1286 3654 1353 3724 ὅσον
1375 3661 1445 3736 ὀμν-

255 3769 350 3837 λῆοοον
368 3769 439 3834 τοῖς
458 3763 501 3836 εἷς
521 3763 705 3846 ’λφροδίτνςν
725 3763 949 3841 πωλουμένοις.
977 3762 1060 3829 Sunt
1073 3763 1151 3830 haee
1166 3763 1261 3830 verba
1274 3770 1444 3849 corrupta,

254 3887 330 3935 nam
364 3887 402 3932 ne
427 3865 606 3933 Salrrrasius
635 3868 766 3953 quidem
790 3867 1046 3934 emendationem
1075 3868 1226 3954 perierit,
1255 3887 1355 3954 quum
1389 3885 1446 3953 pro

255 3972 454 4053 προτόοενρος
475 3974 616 4051 εὐγενοῦς
636 3973 798 4051 pernicie,
823 3993 904 4059 quae
926 3973 1054 4058 vulgata
1075 3972 1228 4039 Codicum
1245 3973 1340 4039 lectio
1357 3980 1444 4047 erat,

256 4086 426 4163 reponeret
447 4075 479 4140 id
499 4077 584 4162 quod
599 4098 684 4144 atine
704 4078 755 4145 edi
775 4078 854 4144 solet
871 4077 909 4143 bv
928 4081 970 4152 εἰς
991 4087 1153 4157 enachim.
1180 4080 1316 4177 l‘rprsus
1337 4085 1445 4142 tamen

257 4181 468 4266 intelligimus
498 4181 583 4267 quod
616 4182 784 4270 Clitophon
814 4183 904 4248 dicit.
950 4183 1174 4251 Meretrieulae
1197 4182 1283 4270 apud
1305 4180 1444 4248 eundem

254 4308 288 4374 p.
310 4291 390 4356 hou.
417 4294 429 4350 l
457 4297 614 4353 vocantur
633 4291 666 4353 et
688 4291 737 4354 ἐπὶ
756 4292 853 4370 μισθῷ
873 4293 1030 4355 conchem
1050 4292 1093 4355 rel
1115 4288 1310 4372 ’λφοοδίτης
1336 4287 1444 4373 Pergit

253 4399 365 4459 uestro
395 4390 463 4457 loeo
493 4391 658 4478 Clitoplron
692 4393 842 4461 extollere
873 4413 947 4459 eum
974 4394 1107 4461 audiere
1131 4393 1341 4461 concubitum
1367 4410 1443 4478 prae
