3330 5012
404 1162 716 1257 Huuuuu'lun
749 1164 816 1258 ΕΤ
841 1166 1204 1272 ΤΗΠΟΥΒΙΒΕΑ.

588 1525 821 1594 Bluflllttts
857 1526 1019 1595 onusto

726 1746 756 1807 S.
783 1747 814 1808 P.
841 1748 876 1808 D.

670 2036 940 2067 -ι-οοοι-

257 2296 348 2380 Quod
371 2297 577 2366 llnrscsrurn
600 2299 632 2365 in
654 2306 760 2367 terras
779 2301 955 2368 revocastis
976 2298 1036 2368 tibi
1053 2301 1182 2387 tuisque
1193 2296 1404 2369 heliensibus

213 2410 245 2469 ct
263 2401 410 2488 gratulor
426 2410 461 2469 et
479 2404 601 2489 gratias
620 2423 690 2490 ega.
716 2405 849 2472 Utinam
871 2404 1037 2471 nobiscnm
1057 2404 1191 2473 fuissem
1213 2414 1283 2471 tum
1297 2424 1400 2491 quum

212 2513 351 2572 matrem
381 2506 545 2574 Musarum
576 2508 800 2595 excipiebetisl
837 2510 957 2577 Verum
991 2518 1098 2577 tamen
1129 2508 1225 2577 hasce
1247 2508 1401 2589 exsensis

212 2609 480 2678 lucubrationum,
498 2631 644 2679 mearum
669 2612 709 2679 ad
733 2621 764 2679 te
788 2615 900 2691 mitto,
923 2631 1004 2700 quas
1025 2614 1052 2679 si
1076 2612 1133 2679 tibi
1152 2611 1312 2679 videbitur
1330 2631 1402 2680 cae·

213 2722 358 2783 terarum
387 2716 451 2802 piis
480 2716 667 2784 muneribus
690 2716 836 2784 adiicias.
856 2716 956 2783 ¹illuri
980 2717 1078 2783 etiam
1104 2716 1184 2807 milii
1211 2722 1399 2803 pergratum

214 2815 313 2886 iacies
343 2818 372 2884 si
400 2817 512 2886 literas
542 2839 631 2886 meas
662 2839 720 2906 per
749 2818 810 2887 hnc
841 2820 1005 2887 biennium
1036 2818 1077 2885 ad
1101 2827 1133 2885 te
1156 2819 1274 2887 missas
1295 2818 1403 2886 denuc

214 2922 367 3009 inspicies
398 2931 431 2989 et
461 2942 544 3008 quae
574 2922 615 2988 ad
646 2922 754 2992 studia
785 2934 895 2993 uestra
924 2925 1085 3011 pertinere
1119 2921 1282 3010 simulque
1313 2921 1402 2990 lectu

215 3026 312 3112 digua
348 3044 417 3096 esse
442 3025 613 3097 indicetis
647 3026 769 3114 publici
803 3028 885 3095 iuris
914 3027 1029 3097 iacies:
1062 3027 1221 3095 Nonnulla
1251 3045 1336 3114 quae
1367 3027 1401 3096 iu

215 3128 347 3198 Pltilrlc
376 3138 411 3199 et
438 3130 472 3196 in
495 3128 633 3218 lapibus
655 3131 798 3201 Platonis
820 3132 1035 3203 animaduerti
1059 3132 1157 3201 simul
1181 3141 1278 3221 atquc
1297 3132 1400 3200 atium

216 3244 332 3305 nauus
358 3254 415 3302 eru
445 3233 485 3299 erl
511 3242 544 3302 te
576 3236 725 3317 ruittem3
759 3257 842 3325 quae
873 3258 959 3308 nunc
990 3237 1131 3325 accipies
1154 3256 1212 3325 per
1232 3236 1402 3308 intervalia

217 3342 419 3426 negationum
442 3337 634 3407 festinanter
656 3339 787 3408 absolvi.
833 3406 843 3413 .

260 3444 395 3512 Initium
425 3442 542 3511 luciani
566 3463 586 3510 a
606 3446 792 3515 coniectura
816 3447 849 3513 in
874 3445 1025 3515 llercclnti
1049 3445 1156 3515 lecum
1180 3446 1215 3515 la.
1240 3447 1267 3516 Ι.
1291 3467 1321 3515 c.
1347 3453 1402 3514 51.

217 3568 313 3636 quam
344 3547 402 3615 eis
431 3555 463 3615 te
493 3567 597 3635 nuper
630 3552 752 3637 accepi.
788 3551 856 3618 Nun
887 3536 1000 3618 ‹lubitn'
1021 3552 1100 3639 quin
1125 3554 1196 3621 inre
1219 3552 1405 3639 suspicatus

217 3654 264 3720 sis
288 3653 473 3720 nonnosum
496 3672 567 3719 esse
590 3659 786 3734 oraticnem,
808 3664 945 3742 siquae
967 3655 1150 3723 exciderint
1169 3675 1189 3723 a
1207 3655 1313 3723 serila
1332 3673 1404 3740 pru·

217 3765 290 3845 pter
313 3757 481 3845 repetitam
503 3777 612 3825 vuccm
637 3761 888 3839 Λακεδαιμονίων
911 3761 1030 3827 emissa
1051 3779 1131 3829 esse.
1156 3759 1243 3829 ldem
1264 3759 1304 3829 ‹le
1324 3759 1405 3847 Tyr·

217 3861 329 3929 rheuis
356 3860 479 3929 iactum
510 3863 543 3928 in
566 3883 637 3949 cap.
665 3869 737 3931 167.
775 3864 836 3932 Seu
860 3863 945 3952 quud
968 3864 1118 3948 panisus
1142 3866 1176 3933 in
1196 3865 1281 3948 Φασὶ
1299 3872 1403 3931 muta·

218 3968 312 4043 visti,
335 3966 368 4033 id
392 3965 472 4033 mini
495 3965 667 4034 violentius
689 3966 811 4036 lactum
834 3967 973 4035 vicisim.
998 3967 1118 4048 Quidni
1138 3976 1303 4037 auctorem
1317 3967 1404 4037 liuns

218 4069 260 4139 at
293 4069 424 4138 mudum
461 4071 629 4157 scripsisse
660 4071 890 4141 continemus?
925 4072 1159 4156 ἐπιγέγραπται
1190 4080 1405 4141 ΛΑΚΘΔΑΙ·

218 4184 403 4246 ΜΟΝΙΩΝ
428 4176 485 4262 (ric
507 4175 593 4243 siric
614 4177 645 4243 il
669 4176 812 4256 stenen
833 4179 861 4245 oi
885 4178 1006 4262 Δελφοὶ
1030 4180 1073 4261 τῷ
1097 4176 1310 4262 tassiacum
1333 4187 1403 4249 Aa·

220 4279 427 4368 minusculus)
456 4278 590 4363 Φάμενοι
621 4277 698 4348 εἶναι
727 4266 873 4361 mutnus
898 4284 954 4351 ets
974 4284 1062 4365 ὀρθῶς
1085 4282 1242 4363 tirones.
1278 4280 1340 4353 Sed
1363 4281 1406 4351 du

221 4385 272 4454 his
292 4395 362 4456 tute
387 4385 514 4455 vileris.
551 4386 638 4455 inira
662 4407 731 4474 cap.
756 4392 798 4454 55
824 4386 957 4458 serlum
977 4387 1018 4458 ad
1038 4407 1168 4461 mesum
1190 4387 1274 4459 laud
1295 4388 1405 4461 suiuus
