3200 5066
350 1140 749 1232 ANNOTA'PIONES
787 1137 1050 1231 SELEOTAB
1087 1140 1163 1230 AD
1199 1135 1474 1231 LIBANIUM.

694 1485 834 1534 scurram
858 1466 894 1533 C·
919 1466 959 1531 11.
984 1465 1130 1535 Gonni.

746 1754 1059 1815 ww-

628 2046 733 2095 Luaarm
748 2046 872 2112 Sophistae
887 2046 1020 2097 Orationes.
1036 2071 1069 2082 -
1086 2043 1203 2093 recensuit

626 2125 665 2176 io.
681 2124 792 2178 horsus
809 2127 937 2177 Barasasa.
957 2126 1030 2180 17111.

368 2311 477 2380 Multa
494 2315 570 2378 sunt
591 2318 623 2377 st
645 2315 776 2402 egregia
797 2313 924 2380 Reisiaii
944 2314 983 2380 de
1005 2313 1140 2379 Libanio
1160 2312 1286 2377 merita.
1311 2310 1491 2378 Remiinsin

321 2439 356 2485 re
385 2419 600 2509 grammatica
626 2422 658 2482 st
688 2420 839 2496 metrias,
870 2423 908 2483 nt
930 2421 1014 2484 inter
1042 2437 1152 2483 omnes
1173 2420 1313 2494 constat,
1339 2416 1493 2504 plumbens

320 2524 486 2611 plerosque
508 2543 617 2589 omnes
639 2522 822 2608 aequalium
844 2530 877 2589 at
899 2525 954 2608 qui
976 2530 1048 2609 post
1069 2524 1138 2588 nati
1168 2525 1244 2587 sunt
1267 2522 1491 2607 superabatur

321 2631 422 2695 nitate
452 2630 588 2705 mentis,
617 2628 731 2692 iudioii
759 2630 923 2705 acumina,
955 2630 1077 2714 ingenii
1107 2624 1247 2692 sollertia
1276 2634 1311 2691 et
1338 2624 1492 2707 ἅγχινοὶᾳ,

321 2753 384 2819 qua
405 2734 481 2798 boni
503 2729 616 2798 Oritioi
638 2737 813 2797 censentur.
851 2732 1014 2798 Plurimos
1036 2735 1203 2817 scriptores
1225 2727 1367 2797 Graecos
1387 2729 1493 2817 legerat

322 2843 354 2904 et
383 2837 541 2913 ediderat,
573 2837 627 2901 sed
657 2835 880 2902 tumultuaria·
894 2856 988 2921 opera
1010 2857 1135 2922 semper
1157 2835 1197 2901 ad
1218 2833 1315 2900 finem
1336 2850 1493 2920 properant

322 2949 355 3011 11
380 2943 420 3008 ab
443 2941 516 3007 aliis
534 2939 574 3006 ad
593 2938 672 3005 alios
690 2943 845 3007 transiens
855 2939 1053 3019 1111111111,
1076 2939 1151 3022 ὅρνις
1162 2939 1351 3018 πετόμενος,
1372 2938 1492 3007 οὐδέποτ’

322 3048 353 3113 ἐν
382 3045 487 3125 ratris
517 3042 624 3122 pisos.
666 3042 718 3108 Its
746 3046 866 3110 ferebat
894 3052 927 3110 11
955 3048 1124 3134 ingenium
1154 3046 1218 3111 viri
1240 3050 1273 3110 et
1297 3045 1398 3130 (quod
1417 3043 1496 3129 peine

322 3153 403 3235 erat)
434 3156 586 3233 tempora.
628 3148 814 3233 Numquam
845 3149 941 3215 habet
970 3149 1147 3216 doctrinam
1172 3154 1317 3233 paratam
1339 3152 1495 3215 etimne

321 3276 394 3322 mor
423 3274 532 3349 eorum
563 3272 643 3337 quae
673 3258 747 3318 anto
769 3253 921 3340 legisset,
946 3260 1003 3320 aut
1025 3258 1124 3320 etiam
1146 3255 1312 3331 edidisset,
1334 3253 1439 3319 multa
1456 3251 1495 3313 in·
1550 3328 1551 3333 ἵ

324 3358 492 3427 emendata
519 3356 667 3442 reliquit,
703 3377 783 3442 quae
813 3364 899 3424 oerta
928 3362 1118 3425 correctione
1139 3362 1285 3444 poterant
1306 3360 1449 3432 restitui,
1471 3354 1494 3417 si

323 3465 408 3531 unde
437 3462 515 3528 haee
544 3467 652 3526 sumta
681 3468 785 3527 111111
815 3464 984 3529 commode
1009 3449 1121 3529 fuisset
1152 3464 1342 3529 reeordatus.
1389 3461 1494 3528 vernn

322 3570 517 3652 ubicumque
547 3585 623 3630 sana
653 3568 773 3631 ratione
797 3573 829 3631 et
850 3568 970 3635 iudicio
992 3590 1043 3634 res
1063 3570 1199 3635 obtineri
1220 3573 1327 3654 potest
1347 3569 1430 3633 intar
1450 3584 1494 3647 op

322 3676 421 3740 timos
449 3667 586 3739 Oritioos
610 3671 834 3737 numerandus.
867 3673 1036 3740 Praeterea
1056 3673 1228 3739 candidum
1249 3673 1375 3740 Reiskii
1397 3674 1495 3757 peetus

321 3774 722 3858 11τ1Φιλελεύθερονκαὶ
746 3777 919 3858 φιλαλυᾶς
941 3777 995 3843 καὶ
1018 3777 1264 3858 vitamarias
1282 3780 1353 3865 quis
1379 3797 1441 3842 non
1456 3771 1495 3837 di·

321 3882 399 3971 ligit
421 3885 454 3946 et
476 3877 584 3946 amati
617 3879 676 3946 1111
698 3881 859 3946 interdurn
881 3882 992 3968 paullo
1013 3885 1116 3949 aerior
1136 3887 1170 3949 11
1187 3886 1343 3969 asperior,
1366 3881 1420 3948 sed
1433 3878 1495 3965 quis
1550 3888 1551 3893 ’

320 4008 384 4055 111
407 4006 509 4072 aequo
529 3987 636 4050 animo
655 3984 690 4050 id
707 3985 789 4051 ierat
807 3988 842 4051 in
859 3986 1008 4066 Reiskio,
1033 3990 1124 4054 onius
1141 4009 1299 4076 magnum
1317 4009 1354 4054 ae
1371 3987 1495 4053 ferocem

321 4096 468 4160 animum
490 4092 631 4156 atritas
653 4088 851 4157 calamitates
874 4097 906 4157 et
928 4091 1181 4159 adversariorum
1199 4095 1336 4159 iniuriae
1354 4094 1494 4178 perpetuo

320 4191 522 4263 fodieabantt
548 4193 722 4280 Populares
743 4194 874 4279 quidam
896 4197 962 4261 moi
984 4196 1064 4262 olim
1086 4200 1120 4263 in
1142 4199 1313 4265 Roiskium
1335 4197 1495 4282 iniquiores

320 4300 465 4378 fuorunt,
497 4300 533 4367 rt
563 4299 590 4365 δ’
621 4296 654 4365 εὖ
676 4305 764 4382 νικᾷς
793 4320 869 4366 nam
892 4304 964 4386 quis
987 4307 1035 4367 est
1058 4303 1152 4370 hodie
1174 4306 1230 4389 qui
1251 4303 1419 4369 Reislninm
1439 4314 1493 4361 non
1550 4292 1551 4351 ζ

319 4404 493 4470 admiretur
523 4408 555 4469 et
581 4403 776 4471 Dorvillium
799 4426 861 4469 non
885 4405 1088 4472 contemnat?
1123 4407 1287 4487 Quondam
1313 4408 1327 4472 i
1349 4408 1405 4484 μὲν
1422 4399 1491 4479 Ἶρος
1550 4448 1551 4451 =
