3296 5022
670 366 882 418 nuocnaom.
1085 390 1091 417 ι
1330 348 1371 410 21

182 540 272 623 λόχοι
295 536 455 605 τύλιναῦ
477 539 567 620 οΦύοι
591 533 768 618 προσμῖξαι.
791 562 890 616 „cum
908 541 1014 604 ναιιύίο
1033 540 1118 603 ιιινίιο
1137 535 1263 601 Sciritis
1281 554 1369 598 man·

183 647 322 712 davisset
351 650 389 709 ut
417 663 526 708 rursus
555 662 651 727 prope
673 663 706 708 se
728 642 946 729 reliquamque
973 645 1074 709 aciem
1097 643 1221 709 ordines
1243 638 1370 704 reduce-

182 749 285 816 rent”.
332 749 396 829 Qui
416 748 521 826 locus,
552 752 589 812 ut
610 747 644 812 id
666 748 769 813 obiter
788 770 955 827 moneam,
986 768 1084 833 prava
1106 746 1308 812 distinctione
1332 764 1370 808 ex

183 862 291 940 aperto
324 854 566 920 obscurissimus
598 853 700 918 factus
733 858 797 931 sst3
832 874 907 919 nam
937 860 1010 938 post
1040 849 1206 932 τ’ροοροῒξαι
1240 847 1371 934 virgula

182 962 286 1046 posita
313 964 417 1025 cetera
444 977 509 1023 uno
538 962 646 1022 tenore
674 957 740 1044 legi
762 958 942 1042 oportebat:
975 959 1021 1036 seir
1044 958 1200 1032 δυνηθῆναι
1225 954 1269 1019 ἔτι
1292 953 1369 1029 μηδὲ

182 1063 306 1137 τούτονς
331 1062 376 1151 (h.
399 1083 426 1127 e.
448 1082 512 1127 non
533 1064 639 1149 magis
661 1081 757 1146 quam
779 1061 1000 1147 Hipponoidae
1023 1070 1056 1127 et
1078 1060 1243 1127 Aristoclis
1265 1055 1369 1141 λόχοι)

183 1167 371 1250 iwannum.
394 1167 426 1231 h.
451 1186 478 1231 e.
504 1186 667 1244 „vacnum
696 1168 837 1250 spatium
865 1167 999 1252 implere
1027 1189 1067 1232 ne
1097 1166 1136 1232 ab
1167 1164 1256 1229 hoste
1280 1181 1370 1226 occu·

182 1272 342 1358 paretur”.
389 1270 435 1336 Ut
455 1270 509 1336 hic
530 1269 706 1353 ξυγκλῑροαι
728 1271 763 1335 in
785 1272 933 1337 omnibus
954 1270 1045 1337 libris
1067 1275 1131 1346 est,
1163 1268 1313 1334 sicinina
1335 1267 1369 1329 in

170 1397 251 1461 cap.
283 1374 397 1440 8Lib.
426 1374 487 1451 IV,
519 1394 583 1460 quo
609 1395 692 1439 nunc
721 1375 829 1451 redeo,
861 1396 918 1460 pro
946 1377 1069 1457 καύσειν
1099 1385 1128 1439 Α
1152 1379 1184 1438 et
1206 1384 1228 1437 13
1251 1370 1370 1437 habent

185 1480 401 1557 cerassitenus,
422 1479 507 1563 quod
528 1478 664 1545 libenter
685 1482 866 1564 receperim.

229 1583 306 1649 Mox
337 1583 493 1671 legimus:
525 1583 580 1656 τὴν
609 1582 641 1648 δὲ
667 1590 753 1658 νῆσον
781 1582 899 1659 ταύτην
929 1584 1114 1666 φοβούμενοι
1146 1586 1190 1660 μὴ
1215 1582 1248 1659 ἕξ
1269 1580 1366 1654 αὐτῆς
1398 1641 1406 1669 ,Ι

184 1689 237 1753 τὸν
256 1687 393 1766 eruscos
414 1688 505 1770 οφύτι
528 1693 691 1764 ποιῶνται,
721 1687 853 1761 ὃτλύτας
876 1688 1066 1767 διεβύβαοαν
1088 1689 1119 1759 ἐς
1142 1687 1252 1761 αύτιὶν.
1276 1683 1369 1752 valde

187 1792 333 1876 displicet
361 1793 412 1856 τὸν
441 1790 577 1870 τύλεμον
606 1797 765 1869 τοιύντιιι,
799 1794 889 1877 quasi
918 1792 1103 1879 Sphacteria
1129 1791 1271 1857 universi
1292 1788 1371 1854 belli

187 1897 276 1963 sedes
297 1898 403 1963 futura
424 1903 515 1963 esset.
551 1894 742 1985 Cogitabam
765 1895 800 1973 ἐξ
823 1898 921 1971 αὐτῆς
944 1897 997 1962 τὸν
1017 1896 1153 1975 τύλεριον
1174 1896 1302 1961 resectis
1324 1895 1368 1971 μὴ

186 1999 277 2083 σφίσι
299 2004 442 2067 ποιῶνται
469 2023 534 2079 „ne
556 2002 763 2068 Athenienses
790 2002 930 2067 insulam
952 2002 1015 2068 sibi
1037 2006 1182 2086 caperent
1203 1999 1256 2067 vel
1277 2019 1369 2064 suam

184 2105 349 2172 facerent”.
396 2105 459 2172 Sed
487 2126 597 2171 vereor
624 2111 663 2170 ut
690 2106 750 2173 hoc
779 2105 938 2173 Graccum
961 2108 1013 2172 sit.
1060 2106 1203 2172 Fortasse
1225 2105 1367 2189 scripsit:

182 2211 227 2289 μὴ
252 2208 287 2286 ἐξ
307 2212 404 2284 αὐτῆς
428 2210 730 2292 colossensem.
974 2215 985 2234 ⁸

227 2313 307 2381 Mox
328 2317 444 2380 merito
467 2315 563 2381 rerba
584 2315 657 2395 τρὸς
679 2315 716 2380 τὸ
739 2313 879 2393 τύλαρος
902 2318 936 2380 in
960 2316 1097 2381 Bekkeri
1120 2315 1258 2381 editione
1281 2316 1368 2380 unci·

182 2421 233 2484 nis
253 2419 377 2489 inclusa
397 2424 481 2484 sunt.

227 2522 326 2589 Haud
353 2523 468 2589 inutile
497 2529 579 2589 esset
609 2526 717 2589 omnia
744 2525 929 2590 huiusmodi
958 2524 1178 2609 supplementa
1205 2527 1239 2589 in
1265 2546 1368 2590 unum

182 2626 349 2716 colligere,
373 2634 411 2694 ut
431 2631 562 2695 iuvenes
580 2628 715 2694 studiosi
732 2627 973 2693 scholiastamm
990 2629 1183 2695 lineamenta
1202 2635 1367 2714 tamquam

182 2732 218 2796 in
247 2733 451 2817 pinacotheca
472 2735 615 2818 exposita
642 2735 802 2798 intuentes
823 2753 843 2798 a
864 2735 947 2798 notis
978 2734 1019 2798 ad
1050 2732 1174 2799 occulta
1200 2739 1367 2820 pergentes

182 2836 336 2921 quidquid
359 2837 515 2903 eiusmodi
538 2840 720 2902 etiamnunc
741 2839 775 2901 in
793 2837 884 2902 bonis
901 2838 1082 2902 auctoribus
1099 2835 1179 2903 latet
1199 2859 1366 2926 agnoscere

181 2945 214 3005 et
236 2941 401 3026 explodere
422 2947 666 3008 consuescerent.

225 3044 289 3111 Pro
311 3044 557 3124 κατειλημμένον
578 3050 663 3110 recte
685 3045 850 3110 Bekkerus
871 3046 1127 3124 κατειλημμένον.

224 3148 311 3230 Quid
338 3152 401 3216 sibi
429 3150 503 3216 nult
523 3155 695 3235 utrumqne
717 3148 773 3215 καύ
793 3152 828 3214 in
850 3159 923 3216 ΚΑΙ
946 3149 1126 3230 διεβίβαζον
1148 3158 1181 3219 et
1202 3157 1236 3221 in
1258 3172 1364 3223 τελευ-

178 3260 259 3320 ταῖοι
284 3262 355 3320 ΚΑΙ
378 3252 683 3337 ἐγκαταληφθέντες.
729 3253 800 3320 Hoc
827 3260 911 3321 certe
933 3276 1060 3322 merum
1082 3264 1129 3323 est
1151 3262 1271 3327 scribae
1292 3284 1364 3351 sup-

177 3358 376 3442 plementum
405 3378 467 3424 non
495 3357 706 3446 intelligentis
731 3379 829 3445 quam
852 3366 936 3425 arcte
959 3370 1132 3430 τελευταῖοι
1154 3365 1362 3449 ύγκαταλνφ·

178 3461 276 3537 θέντες
300 3465 494 3530 cohaereant.
1008 3480 1012 3487 '

223 3670 260 3736 ln
282 3692 347 3758 cap.
372 3671 403 3736 9.
428 3670 556 3737 difficile
578 3672 667 3738 dictu
698 3679 746 3739 est
767 3674 844 3757 quid
860 3674 1095 3741 Demosthenes
1117 3678 1227 3745 fecerit
1259 3703 1360 3767 quum

176 3775 236 3849 τοὶς
265 3779 390 3857 τριήρεις
421 3774 714 3857 ΠΡΟΟεςαύρωτεν.
767 3775 867 3845 Credo
896 3800 972 3845 eum
1001 3801 1064 3847 non
1094 3780 1187 3865 τρύς,
1218 3786 1273 3850 sed
1303 3791 1360 3870 τρὸ

175 3887 234 3947 τῶν
267 3880 388 3963 τριήρων
423 3880 551 3961 ςαιιροὺς
584 3879 779 3958 κατατῆξοιι.
825 3882 910 3948 Τιῑιιι
939 3886 973 3948 in
1002 3885 1055 3950 ναὶ
1086 3886 1156 3959 τοὺς
1185 3888 1301 3964 ναύτας
1325 3893 1361 3972 ἐξ

174 3988 276 4052 αύτῶν
298 3985 429 4052 ὥπλισεν
452 3986 562 4052 ύττύοι
583 4010 620 4051 τε
641 3985 784 4068 φαύλαις
807 3986 861 4051 να)
885 3987 1028 4060 ούτιιύναις
1051 3998 1122 4062 ταῖς
1143 4004 1277 4068 πολλαῖς
1296 4002 1359 4084 pri-

174 4112 266 4156 mum
290 4088 325 4166 ἐξ
347 4092 447 4156 αὐτῶν
474 4086 537 4156 non
563 4111 621 4156 suo
642 4090 712 4156 loco
734 4092 875 4176 positum
897 4097 945 4157 est
967 4099 1000 4157 et
1020 4095 1187 4180 garrulum
1210 4100 1360 4186 interpre-

174 4203 241 4260 tem
271 4198 395 4282 arguit;
428 4195 541 4261 deinde
568 4219 604 4259 τε
627 4195 680 4260 καὶ
704 4195 788 4261 unde
817 4195 879 4260 huc
909 4199 1092 4283 irrepserint
1122 4199 1250 4270 difficile
1272 4205 1360 4274 dictu

175 4306 233 4366 est.
280 4298 381 4365 Sensu
404 4301 533 4386 quidem
556 4307 662 4366 carent
683 4300 738 4366 sed
757 4300 847 4365 nulla
870 4322 963 4367 causa
980 4300 1059 4390 fingi
1078 4311 1183 4389 potest
1200 4330 1256 4373 cur
1275 4316 1359 4396 quis-

174 4410 362 4488 quamtum
384 4405 498 4471 inutile
521 4406 642 4489 pondus
664 4409 796 4471 orationi
823 4405 959 4471 adderet.
1007 4407 1091 4487 Quid
1114 4413 1142 4475 si
1165 4411 1284 4496 aliquid
1308 4440 1359 4478 en-
