3276 5006
266 325 310 393 70
694 346 737 393 uo
760 341 1026 392 succussatura.

267 511 369 580 ἔλαιον
393 514 500 595 ἕπρίω”
524 518 565 596 τῷ
588 514 760 593 παιδαρίῳ,
786 516 827 596 τῷ
852 515 1004 595 ἀλλοτρίῳ
1027 511 1242 596 ἀλείφεσθαι]
1275 508 1364 576 Haec
1385 512 1461 575 scri-

266 626 362 708 ptura
384 623 488 686 estin
511 622 634 687 duobus
656 622 888 705 antiquissimis
913 619 1067 686 Parisinis
1090 618 1157 683 AB.
1181 620 1216 683 iu
1239 617 1356 702 quibus
1378 615 1461 681 bona

267 747 341 813 pars
370 727 467 792 huius
493 730 606 813 capitis
629 728 681 792 καί
714 728 881 791 οῖνοπωλῶν
905 724 1088 806 κεκραμένον
1118 723 1170 789 τὸν
1200 719 1274 789 οἶνον
1303 726 1345 803 τῷ
1376 723 1461 802 φίλῳ

268 831 451 899 οὶποδίοίαι.
477 871 520 881 -
543 829 593 897 ίνα
616 835 642 898 οί
667 831 873 904 διακονοῦντες
898 831 1007 904 παῖδες
1032 832 1076 910 μή
1101 830 1240 907 λάβωσι,
1270 830 1462 913 nescioquo

269 960 371 1005 errore
393 938 434 1004 ad
463 960 531 1024 cap.
555 937 602 1003 XI
633 937 784 1003 adhaesit.
829 936 867 1002 In
888 937 1036 1007 Palatino
1066 936 1171 1002 multo
1196 935 1311 1002 melior
1338 927 1463 999 servata

269 1052 317 1112 est
334 1048 491 1130 scriptura
506 1044 597 1110 haec:
616 1042 708 1115 είπαο
728 1039 850 1122 (Codex
869 1042 1060 1130 pervulgato
1080 1062 1244 1108 erroreex
1267 1039 1464 1127 compendiis

269 1157 344 1218 nato
367 1150 463 1237 εἴπερ)
491 1150 644 1230 ,Σαπρίν
667 1174 706 1228 γε
726 1151 760 1229 τὸ
784 1147 906 1227 ἔλαιον,
931 1148 1117 1229 παιδιίριον”,
1142 1150 1184 1230 τῷ
1203 1148 1353 1227 οίλλοτρίῳ
1376 1144 1462 1211 ἀλεί-

270 1257 396 1341 φετίαι.
439 1255 525 1321 Nam
554 1276 655 1341 neque
685 1257 775 1321 εῖπὼν
808 1254 927 1340 (cistae)
953 1292 996 1304 -
1027 1257 1068 1334 τῷ
1097 1255 1246 1334 παιδαρίῳ
1277 1256 1323 1319 sic
1352 1253 1463 1318 dirimi

269 1367 402 1449 possunt
425 1367 458 1426 et
479 1362 665 1446 interposita
687 1360 801 1426 vocula
819 1363 854 1424 iu
877 1359 992 1441 σαπρόν
1018 1370 1069 1425 ΓΕ
1094 1360 1129 1424 τὸ
1149 1356 1249 1425 ἔλαιον
1269 1360 1376 1448 arguit
1389 1379 1463 1443 yer-

269 1469 349 1532 bum
379 1468 469 1547 ἐπρίω
496 1466 612 1532 inutile
634 1486 700 1531 esse
727 1471 760 1531 et
788 1464 972 1532 molestum.
1003 1465 1171 1531 Praeterea
1199 1465 1338 1532 αττικιςῖ
1363 1463 1463 1529 'Pheo-

268 1574 417 1660 phrastus
447 1575 615 1658 scripserat
648 1570 764 1650 ταπρίν
796 1596 837 1649 γε
859 1571 1054 1648 τοῦλαιον,
1087 1576 1124 1637 ut
1143 1571 1288 1659 *festivus
1318 1568 1464 1635 servulus

267 1680 402 1745 Athenis
424 1679 509 1764 apud
535 1675 681 1745 Gellium
703 1678 790 1743 Νοοί.
816 1681 877 1742 Ate.
900 1676 1001 1743 XVII.
1027 1675 1058 1741 8.
1083 1678 1127 1754 μή
1151 1681 1288 1756 ῳελοῖτε·
1314 1675 1355 1742 ἔνι
1377 1674 1462 1742 τοιί·

270 1800 400 1850 λαιον·
433 1786 509 1849 ἀλλ’
532 1785 587 1883 ocia
609 1783 657 1851 ῖςε
679 1779 730 1847 οία
751 1782 828 1871 (leg.
852 1779 913 1871 οία)
937 1785 1031 1864 φρίκη
1063 1783 1129 1879 περὶ
1159 1786 1211 1849 τὸν
1234 1781 1328 1863 ίρίρον
1351 1780 1463 1861 γέγονε

270 1891 410 1972 τήμερον.
434 1886 700 1970 κεκροςοίλλωται.

317 2103 398 2169 Ibid.
423 2102 475 2167 καῖ
509 2099 631 2179 ίμιίτιον
657 2099 793 2165 ἐκδοῦναι
825 2105 939 2168 πλῦναι
971 2102 1023 2166 καί
1047 2101 1241 2183 χρήσοίμενος
1270 2102 1356 2184 παροδ
1385 2126 1462 2181 you·

272 2210 359 2292 ρίμον
391 2206 565 2289 ἐφελκύωαι
600 2205 725 2277 πλείονι
756 2207 872 2287 ἡμέρας
903 2203 957 2280 ἕως
987 2206 1026 2273 ἂν
1056 2210 1241 2293 οὶπαιτιρίή.]
1281 2209 1465 2277 Necessario

270 2313 406 2383 articulo
429 2313 537 2378 addito
559 2313 761 2378 scribendum
784 2313 836 2377 καὶ
861 2312 1049 2390 ΘΟΙμιίτιον
1077 2315 1212 2381 ἐκδοῦναι
1231 2319 1365 2392 πλῖναι,
1388 2336 1464 2381 nam

267 2423 365 2490 fuisse
398 2420 457 2485 hoc
495 2419 620 2483 homini
652 2421 785 2483 unicum
822 2418 959 2505 pallium
993 2419 1046 2485 hic
1078 2418 1168 2486 locus
1201 2423 1279 2487 satis
1313 2420 1462 2502 declarat,

270 2526 425 2606 ίοιμοίτιον
448 2528 496 2591 est
511 2524 644 2608 ρωίίίωιιι
664 2546 765 2601 mom,
796 2524 880 2609 quod
910 2525 1015 2592 solum
1042 2526 1181 2592 haberet.
1222 2525 1312 2595 Haec
1334 2529 1386 2593 ris
1416 2533 1465 2593 est

270 2632 416 2711 articuli,
439 2636 478 2697 ut
500 2630 585 2716 apud
608 2629 777 2696 Alexidem
800 2629 957 2697 Athenaei
979 2652 1052 2719 pag.
1074 2631 1150 2698 244.
1175 2651 1207 2698 a.
1563 2631 1566 2636 ’

363 2739 511 2820 Στροίτιε,
538 2744 643 2818 φιλεῖς
664 2736 759 2810 δήπου
782 2761 842 2813 με;
870 2747 925 2802 Στ.
951 2741 1076 2814 μᾶλλον
1098 2742 1152 2802 τοῦ
1176 2736 1312 2819 πατρίς,

361 2846 376 2910 ί
399 2846 456 2923 μὲν
480 2843 543 2922 γὰρ
566 2843 600 2907 οὐ
623 2840 730 2923 τρέφει
753 2866 813 2919 με,
837 2842 875 2908 οὺ
897 2842 928 2908 δὲ
950 2849 1052 2916 καλῶς
1074 2841 1213 2926 τρέφεις.

263 2955 338 3039 plac
360 2974 447 3038 quem
468 2969 579 3014 meum
595 2955 723 3031 patrem.

317 3058 407 3138 Quod
438 3055 673 3140 Theophrastus
706 3053 790 3117 dixit
820 3053 992 3135 ἕφελκιίοαι
1016 3052 1196 3139 appellatur
1229 3054 1395 3136 παρέλκειν
1429 3058 1467 3122 iu

271 3164 462 3230 suavissimo
488 3160 557 3226 ioco
588 3158 708 3224 Teletis
739 3159 824 3244 apud
853 3158 1027 3225 Stobaeum
1049 3160 1157 3227 reme
1185 3160 1222 3239 5,
1248 3159 1301 3228 67.
1326 3183 1358 3248 p.
1389 3159 1465 3229 127.

271 3269 414 3336 Meinek.
432 3265 531 3346 ὥσπερ
546 3264 670 3344 ἱμάτιον
685 3264 819 3343 τρίβωνα
837 3265 998 3344 γενόμενον
1014 3266 1173 3345 οέπείέμήν
1189 3266 1241 3332 καί
1261 3269 1294 3332 οὐ
1310 3270 1465 3348 παρέλκοι.

272 3374 446 3460 impudens
475 3374 579 3439 estin
602 3371 661 3436 teli
683 3392 716 3436 re
742 3370 866 3436 dictum
897 3372 1050 3461 Diogenis
1080 3373 1120 3439 ad
1151 3394 1225 3440 eum
1248 3377 1304 3459 qui
1326 3395 1465 3441 commo-

274 3482 386 3548 datum
409 3479 440 3544 ei
461 3477 597 3564 pallium
620 3481 812 3561 reposceret:
836 3479 862 3543 εῖ
886 3479 943 3555 μὲν
966 3480 1101 3559 ἐχαρίσω
1124 3476 1203 3558 ἔχω,
1229 3481 1254 3543 εῖ
1278 3479 1303 3544 δ’
1327 3478 1464 3561 ῖχρήτιιι

272 3588 416 3669 χρῶμαι,
442 3584 526 3669 apud
548 3582 727 3670 Diogenem
748 3582 853 3648 Latrt.
876 3583 930 3650 Vi.
956 3582 1009 3650 62.

319 3798 399 3864 Ibid.
423 3796 590 3863 Palatinus
613 3795 758 3860 exhibet:
781 3794 949 3878 φειδομένῳ
969 3796 1068 3879 μέτρῳ
1089 3820 1134 3861 π.
1152 3845 1159 3862 .
1175 3796 1255 3862 δακ.
1272 3847 1280 3863 .
1296 3848 1304 3863 .
1319 3847 1327 3864 .
1341 3820 1464 3879 κεκροιι.

274 3904 354 3986 μένῳ
376 3911 499 3983 μετρεῖν
528 3902 621 3974 αὐτὸς
644 3909 706 3975 τοῖς
738 3901 818 3968 ἔνδον
849 3900 968 3984 σφόδρα
1001 3903 1033 3968 δὲ
1058 3902 1199 3968 ὑποτπῶν
1223 3903 1265 3968 τοὶ
1295 3904 1464 3979 ἐπιτήδεια.

274 4011 312 4077 In
333 4011 488 4076 Parisinis
510 4014 558 4075 est
579 4008 726 4091 φειδωνίῳ
741 4008 843 4090 μέτρῳ
866 4011 917 4075 τὸν
935 4009 1078 4077 πύνδαιια
1102 4009 1321 4092 ἔκκεκρονμένῳ
1343 4020 1467 4092 μετρεῖν

277 4117 370 4189 αὐτὸς
394 4125 457 4189 τοῖς
487 4114 567 4180 ἔνδον
590 4116 710 4196 σφόδρα
738 4117 866 4196 αποφῶν
890 4115 931 4180 τοὶ
956 4114 1125 4190 ἐπιτήδεια.
1163 4115 1373 4185 Scribendum
1398 4125 1466 4183 Φει·

276 4216 399 4301 δωνΕΙῳ
411 4259 454 4270 -
470 4221 721 4301 ἒΓκεκρουΟμίνῳ
734 4260 777 4270 -
790 4221 911 4303 σφόδρα
923 4223 1052 4305 αποφῶν
1070 4222 1269 4299 τάπιτήδεια.
1293 4222 1344 4289 Ex
1355 4223 1467 4290 Φείδων

276 4327 432 4392 formatur
462 4326 630 4400 Φειδώνειος
663 4346 726 4392 non
748 4328 918 4400 Φειδώνιος,
950 4328 1005 4393 sed
1034 4335 1186 4414 perpetuo
1215 4330 1251 4393 in
1275 4329 1327 4396 his
1347 4330 1469 4396 scribae

276 4433 424 4507 turbant,
448 4435 578 4516 quasin
601 4454 663 4496 usu
686 4437 718 4496 et
740 4433 886 4519 analogia
905 4435 1083 4499 certissima
1103 4438 1303 4500 contemnere
1323 4434 1444 4502 licebit.
