3296 5022
604 328 804 375 cournornmrn
836 331 952 376 currui.
1310 314 1374 376 411

189 517 259 564 esse
282 496 462 564 credamus.
488 495 550 562 Sed
571 496 839 563 confirmatbonc
861 498 961 563 crisin
982 496 1185 563 minusbona
1198 495 1381 591 Latinitas,

187 601 369 689 siquidem,
405 612 442 669 ut
475 604 637 689 perspexit
674 602 859 687 Wagnerus
890 604 1040 688 qrramais
1073 600 1153 666 nibil
1190 600 1375 667 huiusmodi

185 708 388 793 suspicatus,
415 726 511 794 prava
536 717 584 773 est
608 707 765 794 oppositio
789 708 874 772 inter
893 708 1029 785 iuuenis,
1054 726 1136 793 quae
1158 726 1215 771 ron
1235 706 1373 773 alterum

185 831 296 877 sexum
324 832 384 878 non
410 812 579 891 excludet,
605 820 637 878 et
658 813 798 899 semina:
825 819 860 877 ut
884 820 1005 879 laneam
1027 811 1110 878 male
1129 815 1217 879 coire
1241 812 1376 877 Caeneus

183 925 217 983 et
246 917 406 997 recolam,
439 938 520 1005 quae
551 938 603 984 res
628 918 787 1005 Heynium
813 919 937 1002 coegit,
964 926 1000 983 ut
1025 917 1135 983 Caenia
1160 936 1217 1002 pro
1242 915 1295 982 illo
1320 935 1375 982 no·

184 1023 273 1088 minc
293 1023 522 1101 substitueret,
547 1022 757 1110 probantibus
781 1021 901 1087 miultis.

644 1128 716 1194 Vss.
743 1133 808 1193 nlo
831 1147 919 1212 sqq.:

274 1270 319 1283 -
341 1232 444 1300 donec
465 1232 559 1318 longa
584 1231 817 1325 diesperlecto
831 1234 978 1319 tempori
1004 1231 1081 1298 orbe
1201 1306 1205 1311 ¹

275 1347 459 1405 concretam
482 1339 600 1405 exemit
625 1338 728 1403 labem
754 1356 937 1423 purumque
962 1337 1093 1423 reliquit

281 1442 461 1510 aetherium
486 1462 615 1509 serrsum
636 1450 737 1529 atque
760 1443 851 1506 aurai
876 1440 1031 1525 simplicis
1056 1442 1172 1526 iguerrr.

281 1547 345 1614 llas
369 1568 459 1615 onurs
485 1548 538 1613 ubi
562 1547 650 1613 mille
675 1554 776 1611 rotam
801 1544 927 1611 volvere
951 1564 1148 1630 perennes,

250 1675 251 1678 ¹
279 1653 455 1720 Lethaeum
480 1652 520 1719 ad
547 1652 684 1719 lluuium
709 1651 789 1717 deus
812 1659 923 1717 evocat
947 1652 1075 1737 agmine
1100 1670 1239 1736 magno,

173 1783 176 1786 ⁴
279 1757 411 1826 Scilicet
436 1759 643 1823 immemores
667 1776 783 1840 supera
809 1767 844 1821 ut
868 1775 1009 1822 convexa
1033 1757 1175 1822 revisant

168 1854 173 1860 ’
276 1883 391 1930 rursus
417 1872 448 1928 et
474 1864 632 1948 incipiant
656 1863 689 1926 in
714 1880 847 1948 corpora
873 1859 952 1926 velle
976 1861 1104 1927 reverti.

233 1968 382 2035 Servius:
410 1979 528 2034 »rotam
552 1969 673 2033 noluere
692 1989 751 2052 per
774 1988 887 2032 onnus:
913 1975 1090 2051 exegerunt
1114 1975 1272 2032 statutum
1297 1976 1378 2033 tcm-

185 2093 247 2160 pus
268 2093 323 2158 per
343 2093 501 2138 annorum
525 2072 774 2138 volubilitatem.
801 2072 859 2138 list
877 2080 984 2137 autem
1006 2091 1112 2136 sermo
1131 2071 1264 2137 Ennii.”
1290 2073 1378 2139 liano

184 2180 482 2265 interpretationem
524 2178 592 2244 iere
622 2188 803 2264 sequuntur
834 2178 895 2241 viri
926 2174 1012 2241 docti
1046 2156 1172 2262 practer
1198 2176 1378 2244 Peerlkam-

188 2285 297 2370 pium,
331 2286 386 2370 qui
419 2286 489 2349 iure
513 2283 649 2350 haerens
675 2285 707 2348 iu
734 2282 873 2367 permira
910 2280 1071 2347 locutione
1104 2302 1217 2368 parum
1244 2281 1380 2349 feliciter

187 2390 340 2455 coniecit:
373 2410 482 2454 aenaim
512 2389 644 2456 volvere.
682 2387 761 2453 Nam
786 2398 888 2452 rotam
912 2386 1119 2472 depravatum
1148 2407 1209 2453 non
1233 2407 1303 2453 esse
1327 2407 1378 2454 ex·

190 2501 240 2558 tra
272 2514 398 2560 omnem
429 2494 661 2561 dubitationem
701 2494 839 2580 positum
872 2511 942 2558 esse
972 2492 1131 2571 arbitror3
1159 2491 1214 2556 sed
1236 2492 1378 2570 animun,

190 2600 217 2663 si
264 2618 361 2664 arnam
388 2600 509 2665 lxiooia
541 2596 688 2663 umbram
724 2597 910 2681 exceperis,
942 2606 1043 2660 rotam
1074 2597 1196 2661 uolnere
1227 2595 1290 2662 dici
1316 2617 1378 2662 non

192 2713 338 2790 possunt.
375 2703 502 2791 Optime
526 2713 638 2769 contra
660 2711 762 2767 rotem
785 2702 905 2765 volume
928 2698 1083 2765 dicuutur
1107 2699 1171 2777 sol,
1196 2700 1273 2765 luna
1298 2709 1380 2767 cete·

195 2829 295 2895 raque
326 2828 460 2895 corpora
491 2809 640 2884 celestia,
673 2815 705 2873 et
737 2804 895 2871 eiusmodi
926 2804 1002 2890 quid
1027 2803 1127 2871 latere
1150 2807 1296 2891 suspicor
1321 2805 1381 2871 sub

190 2935 267 2980 vnce
297 2914 414 2991 omnir,
448 2932 532 2999 quae
564 2913 629 2978 sola
666 2918 769 2997 potest
797 2911 902 2976 iacere
934 2911 966 2974 in
1000 2910 1123 2975 mendo.
1168 2911 1240 2997 ipsa
1271 2917 1378 2977 tamen

190 3018 373 3086 emendatio
401 3018 474 3084 aliis
506 3018 640 3084 sortasse
669 3015 784 3082 melius
806 3013 898 3082 cedet
922 3033 1018 3101 quam
1041 3014 1137 3089 mibi;
1168 3036 1240 3082 nam
1268 3019 1300 3082 in
1325 3036 1379 3094 eo,
1426 3028 1429 3037 ’

190 3123 275 3212 quod
299 3126 440 3191 tentori:

215 3229 300 3308 llas,
334 3230 414 3294 soler
440 3227 492 3293 ubi
517 3228 604 3293 mille
627 3239 731 3293 rotam
757 3226 881 3293 rolrerc
907 3244 963 3312 per
987 3244 1087 3291 annos
1110 3233 1186 3291 cett.

223 3335 370 3422 displicet
393 3353 473 3399 usus
496 3336 622 3401 numeri
647 3333 800 3411 Pluralis,
826 3352 928 3418 neque
952 3331 991 3397 ab
1014 3331 1101 3395 omni
1115 3341 1204 3417 parte
1217 3332 1382 3399 satisfacit:

214 3440 279 3507 llas
310 3449 392 3516 tum,
424 3441 514 3526 sipon
548 3440 602 3505 ubi
634 3440 721 3505 mille
753 3448 856 3504 rotam
889 3436 1015 3503 volvere
1047 3456 1103 3522 per
1134 3456 1244 3503 anuos.

237 3546 344 3626 Quare
366 3565 434 3612 reru
459 3545 661 3612 acutioribus
685 3547 875 3631 permittere
900 3541 1000 3619 malo,
1020 3561 1080 3606 non
1103 3539 1255 3607 dubitans
1275 3551 1382 3607 tamen

192 3651 269 3737 quin
296 3671 405 3717 veram
437 3650 619 3737 corrigendi
652 3652 737 3715 viam
771 3648 981 3716 ostenderim.
1026 3647 1160 3712 iuterim
1192 3646 1382 3713 ebibamus

191 3776 242 3842 ap.
267 3757 379 3823 isidor.
404 3755 491 3841 Orig.
516 3762 577 3835 18,
603 3760 662 3822 56τ
687 3754 759 3820 inde
779 3755 928 3841 patefecit
950 3753 1050 3818 radiis
1072 3760 1139 3817 rota
1160 3752 1294 3817 condida
1316 3772 1382 3818 ece·

191 3862 258 3928 laam
282 3862 393 3928 Senee.
419 3863 455 3927 Η.
487 3861 557 3929 Oet.
586 3866 689 3926 mm:
719 3870 812 3925 testor
834 3861 960 3925 nitentia
984 3860 1164 3943 flammeum
1188 3855 1307 3921 Pdoebr'
1330 3878 1382 3921 ro·

190 3976 275 4043 tem,
300 3966 417 4033 Tibull.
444 3966 476 4041 Ι,
506 3970 565 4044 10,
592 3971 647 4030 dd:
675 3966 758 4031 Dum
780 3976 848 4030 roto
869 3964 1010 4050 Luciferi
1031 3972 1172 4049 prouocet
1196 3971 1264 4026 orto
1285 3961 1380 4026 diem.

658 4070 734 4144 Vll,
762 4075 824 4135 146
849 4090 916 4155 sqq.

509 4177 650 4241 certatim
674 4177 850 4240 instaurant
874 4174 994 4259 epotos.

237 4281 417 4350 Obscurum
440 4288 505 4359 est,
529 4300 593 4367 quo
613 4289 706 4368 pacto
730 4280 789 4347 boc
816 4281 885 4348 fieri
910 4280 1049 4368 potuerit
1077 4287 1148 4365 pust
1168 4298 1206 4346 ea
1228 4297 1309 4364 quae
1329 4296 1381 4343 su·

192 4397 402 4475 prenarrata
428 4397 505 4455 sunt
528 4408 574 4454 rs.
605 4393 667 4453 112
692 4406 786 4473 squ:
