3296 5022
681 379 880 426 contenanum
904 379 1020 426 narina.
1377 366 1441 429 597

303 543 462 612 Similiter
481 547 563 633 qnod
586 557 675 635 torpe
697 548 767 613 nnio
790 559 870 626 arnt,
892 547 1017 614 deeebnt
1040 545 1204 614 ineuntis
1225 546 1380 633 aequales.

744 651 810 718 Sat.
834 652 884 728 ll,
908 656 961 717 lb.

583 754 706 821 laniunt
730 777 762 822 nr
786 777 900 831 annau,
923 766 1003 821 oett.

300 860 525 926 Coniecturam
550 878 653 926 meam
674 881 779 926 renone
800 860 853 948 (ol.
876 861 938 940 Vl,
969 866 1028 928 tat
1053 867 1086 925 et
1112 860 1195 937 dlv,
1217 861 1274 948 57)
1296 862 1359 928 inm
1380 881 1447 928 me·

257 966 396 1030 morarit
420 964 582 1032 Seboltiuo
607 967 639 1031 in
661 965 824 1033 dissertat.
850 986 924 1053 pag.
954 970 1012 1042 10,
1037 985 1096 1032 nee
1119 966 1313 1032 sententiam
1339 974 1442 1034 muto.

256 1068 366 1155 Neque
390 1070 476 1136 enim
504 1070 601 1156 ploro
632 1090 690 1157 pro
719 1072 816 1156 ploro
845 1073 931 1137 moto
962 1079 1018 1137 aut
1048 1089 1106 1156 pro
1134 1070 1208 1155 plur
1229 1069 1307 1135 moli
1330 1069 1443 1136 Latine

255 1174 330 1258 poni
362 1192 453 1261 poene
482 1173 641 1252 arbitror,
674 1194 777 1262 neque
808 1175 867 1242 boo
904 1195 989 1242 nuum
1025 1176 1215 1261 quaeritur,
1251 1174 1317 1239 utri
1346 1175 1444 1259 ploro

255 1276 376 1345 laniant
400 1278 460 1343 riri
484 1298 524 1344 an
552 1278 721 1357 mulieres,
745 1279 801 1346 ned
825 1282 890 1347 utri
917 1281 1045 1367 peloro,
1078 1278 1349 1365 quemadmodum
1375 1279 1444 1364 lege

254 1380 438 1458 Scantinia,
462 1403 545 1469 quae
569 1385 632 1451 lata
656 1393 706 1451 eat
726 1385 758 1451 in
778 1385 888 1451 radten
906 1387 963 1471 qui
977 1383 1114 1452 nefanda
1127 1404 1242 1450 venere
1255 1392 1444 1461 uterentur,

254 1487 446 1554 ebaroniae
465 1490 624 1555 sententia
647 1491 754 1575 peiora
775 1489 993 1575 puniebantur
1012 1489 1133 1575 llagitia
1153 1508 1250 1575 quarn
1271 1488 1341 1574 lege
1361 1487 1441 1555 lulia

254 1591 293 1658 de
316 1590 501 1668 adulteriis,
524 1612 622 1678 quam
649 1594 743 1659 modo
767 1603 857 1680 poeta
878 1595 1002 1659 roearit
1025 1613 1168 1660 nmnrnm
1190 1592 1333 1658 omnibns
1349 1602 1442 1680 etque

252 1696 314 1781 ipsi
352 1696 462 1764 Veneri
489 1696 646 1785 llnrtiqne
680 1699 862 1765 timendam.
919 1698 1007 1779 Quane
1037 1698 1103 1763 nint
1137 1696 1306 1763 adulteriis
1333 1700 1442 1783 peiore

252 1799 368 1868 deinde
402 1801 539 1869 baronia
570 1813 700 1870 enarrat
731 1823 793 1868 vae.
826 1806 869 1868 46
898 1823 967 1889 sqq.
1014 1801 1220 1889 corruptelae
1253 1801 1358 1869 ianilis
1391 1812 1442 1870 est

251 1904 431 1992 explicatio.
457 1905 589 1973 annn
614 1926 714 1994 prono
736 1927 866 1985 errore,
890 1905 944 1974 eui
971 1907 1096 1975 larebat
1120 1926 1258 1999 sequens
1275 1926 1440 1985 memerato,

252 2011 284 2076 in
311 2009 461 2079 antona
485 2012 628 2092 abierat,
653 2033 717 2098 quo
750 2013 835 2078 tacto
866 2033 964 2079 ruens
998 2023 1138 2081 metrum
1173 2012 1336 2079 fulserunt
1367 2032 1438 2079 eor·

251 2123 394 2181 rectores
418 2116 539 2182 inserto
562 2118 759 2203 pronomine.
806 2117 897 2199 Quod
916 2129 1024 2188 autem
1050 2117 1212 2185 Seboltiua
1231 2115 1322 2183 addit
1342 2136 1438 2184 vernn

246 2222 395 2305 sequenti
419 2239 478 2306 pro
500 2243 650 2288 nomene
673 2223 794 2308 requiri
819 2244 934 2289 ennena
958 2225 1086 2310 paneis,
1119 2232 1155 2289 ut
1178 2222 1339 2298 arbitror,
1367 2241 1437 2307 per·

247 2322 405 2395 suadebit.
454 2324 628 2393 Contendit
657 2328 744 2394 enim
776 2327 912 2394 baronia
943 2326 1029 2413 quod
1055 2347 1164 2393 verum
1191 2336 1240 2393 est
1265 2329 1310 2414 (et
1335 2326 1434 2393 nelei

247 2448 359 2495 verum
392 2449 454 2496 non
488 2442 572 2497 esset
602 2451 695 2499 auam
727 2452 858 2500 oausam
890 2430 1073 2498 defendenti
1106 2434 1265 2518 potuisset
1287 2430 1432 2519 concedi)

246 2534 401 2602 maiorem
423 2556 493 2603 eene
513 2555 686 2603 numerum
708 2539 850 2604 virorum
874 2536 1057 2624 probrosam
1078 2545 1110 2601 et
1124 2535 1315 2621 llagitioaam
1333 2537 1430 2603 vitam

246 2639 424 2707 viventium
449 2660 545 2728 quant
570 2640 755 2709 mulierum.

733 2747 799 2812 Sat.
824 2747 865 2823 ll,
892 2752 944 2813 78.

699 2851 786 2918 dedit
812 2849 895 2917 liano
916 2851 1057 2937 eontopio
1078 2849 1199 2926 labem,

402 2966 435 3023 et
458 2956 548 3023 dabit
572 2959 604 3023 iu
630 2956 754 3045 plures:
780 2958 865 3023 sieut
888 2974 966 3041 grex
991 2964 1078 3021 totus
1102 2955 1134 3018 in
1159 2956 1247 3041 agria

403 3063 501 3129 unius
524 3061 631 3129 seabie
654 3061 741 3129 eadit
762 3071 795 3129 et
819 3060 983 3147 porrigine
1007 3060 1107 3145 porei,

402 3185 528 3253 uvaque
550 3178 710 3254 oonepeetn
734 3168 865 3234 livorem
890 3165 982 3232 duait
1004 3165 1044 3231 ab
1069 3185 1140 3231 uva.

288 3270 467 3338 Audiamus
501 3272 731 3340 Weidnerum:
766 3272 829 3339 »lis
853 3270 983 3338 baudelt
1007 3269 1075 3336 einh
1100 3291 1164 3337 nur
1187 3291 1247 3339 von
1271 3272 1344 3341 dem
1371 3293 1429 3341 na·

244 3375 427 3443 »turtiobeo
461 3375 587 3445 llarben
619 3376 676 3444 den
700 3378 862 3446 Trauben.
909 3376 1024 3441 Zuerst
1054 3376 1139 3442 iarbt
1174 3376 1243 3443 oieb
1279 3397 1343 3443 nur
1377 3377 1429 3443 die

244 3498 380 3548 naurseu
412 3500 463 3547 am
498 3482 686 3549 Weinstoelr
712 3480 969 3568 bernorragende
1000 3480 1146 3560 Traube,
1169 3502 1231 3548 nuo
1253 3492 1431 3568 oonspeotn,

244 3583 349 3652 ndann
373 3586 546 3654 rerbreitet
569 3587 638 3655 oieb
662 3586 834 3655 atmnunou
858 3587 910 3654 die
928 3585 1131 3654 normaton
1152 3587 1234 3652 uber
1252 3586 1305 3654 die
1324 3587 1430 3652 inner-

244 3689 339 3755 -uatb
361 3689 418 3757 dee
449 3692 659 3760 Weiolaubes
692 3692 761 3759 sicu
797 3690 1008 3759 betindeuden
1039 3689 1223 3756 l'rauben.”
1270 3691 1431 3758 Germano

242 3793 397 3862 enribenti
417 3795 457 3863 de
478 3797 543 3863 vini
570 3798 699 3864 cultura
720 3799 849 3865 tametsi
872 3816 933 3865 nun
951 3794 1084 3862 eredere
1098 3795 1205 3873 netas,
1230 3795 1308 3881 qnid
1322 3805 1449 3891 tamen,

241 3898 374 3966 adrem
400 3899 497 3969 laoiat
521 3901 599 3969 baeo
623 3902 787 3969 adnotatio
810 3901 1058 3987 haudquaquam
1083 3900 1247 3985 intellego,
1272 3903 1368 3987 qnia,
1394 3911 1430 3968 ut

242 4024 354 4072 rerum
380 4005 422 4071 nit
452 4026 515 4072 non
547 4007 587 4072 de
617 4009 807 4093 contagione
829 4009 939 4092 itaque
961 4004 1002 4070 de
1026 4004 1136 4070 morbo
1159 4004 1267 4092 aliquo
1291 4025 1426 4072 uvarum

242 4111 294 4195 agi
320 4108 417 4198 (quod
444 4119 553 4178 temen
586 4121 715 4198 propter
738 4129 926 4199 praegressa
950 4113 1154 4196 enepieemur
1176 4130 1276 4197 paene
1299 4130 1429 4178 neeesse

241 4215 326 4303 eat),
351 4214 636 4283 demonstrandum
668 4217 774 4284 luerat
807 4236 904 4282 unam
931 4235 1026 4282 uuam
1050 4218 1188 4283 notorem
1213 4237 1309 4284 suum
1335 4227 1428 4284 natu·

242 4318 343 4386 nalem
377 4318 495 4387 duoere
521 4320 561 4386 ab
588 4321 710 4401 altera,
745 4332 781 4389 ut
804 4341 867 4389 una
892 4321 960 4387 ovis
984 4340 1132 4407 unusque
1156 4342 1272 4409 ponnus
1296 4343 1427 4390 eausam

240 4427 403 4503 eontinet,
437 4446 496 4492 nur
526 4425 626 4493 altera
661 4430 728 4493 ovis
761 4428 905 4513 alterque
940 4445 1055 4512 porcus
1087 4437 1241 4514 aegrotet.
1290 4429 1354 4494 llae
1390 4429 1428 4495 de
