3242 5014
288 311 354 377 224
774 331 985 380 rsannrsnrs.

286 501 432 580 amabat,
463 498 687 590 intelligebam
716 523 769 570 me
795 501 883 570 haud
905 522 1021 589 pamm
1043 500 1192 589 proficere
1213 523 1348 591 meoque
1370 508 1483 572 animo

285 609 376 693 quasi
407 607 560 694 quosdam
591 628 704 676 nervos
734 609 826 689 addi,
858 630 934 676 nam
956 608 1085 691 σφοδρὸς
1109 604 1143 682 tv
1165 607 1221 693 ἐφ’
1245 605 1264 675 ὅ
1283 634 1313 676 τι
1337 612 1481 692 ὁρμήσειε

284 719 317 781 et
349 713 502 780 tardiores
531 713 678 801 exemplo
700 735 757 782 suo
779 717 934 783 incitabat
940 735 949 793 ;
982 715 1117 802 denique
1145 715 1295 782 amabam
1317 716 1372 790 rba
1394 719 1479 782 cim·

285 821 372 896 ricc,
407 840 488 907 quas
521 821 629 887 animo
657 823 727 888 eius
756 822 933 899 insidebat,
968 841 1044 887 nam
1075 841 1269 908 quamquam
1298 822 1333 888 in
1362 821 1482 889 multis

283 927 378 993 rebus
413 925 575 993 fortunam
607 930 720 993 nactus
754 933 822 994 erat
854 927 1039 1006 adversam,
1074 945 1169 992 nemo
1202 946 1278 993 eum
1307 928 1481 1014 superabat

284 1033 386 1100 animi
421 1031 564 1098 candore.
611 1030 712 1119 Saepe
746 1038 894 1120 expertus
927 1038 1045 1100 sortem
1078 1034 1224 1119 iniquam
1253 1038 1285 1100 et
1313 1031 1479 1100 crudelem

283 1138 379 1218 adeo,
402 1158 466 1204 non
488 1142 597 1204 tamen
618 1158 763 1205 morosus
781 1138 885 1205 factus
902 1143 987 1217 erat,
1011 1137 1066 1205 sed
1085 1159 1176 1204 mens
1193 1138 1273 1205 bene
1291 1145 1479 1225 praeparata

283 1244 430 1331 sperabat
460 1244 554 1311 rebus
584 1243 726 1311 adversis
747 1250 798 1325 et,
822 1247 969 1331 siquem
992 1244 1055 1309 sibi
1074 1245 1226 1331 praeponi
1247 1243 1388 1323 rideret,
1412 1264 1478 1312 non

285 1348 497 1427 irascebatur,
541 1347 596 1415 sed
630 1349 817 1439 accingebat
849 1370 882 1416 se
916 1349 956 1415 ad
990 1348 1069 1417 alios
1101 1348 1225 1417 labores
1257 1348 1475 1418 enuntiandas

283 1453 414 1520 Scilicet
447 1455 503 1530 τὴν
534 1452 722 1536 αὐτάρκειαν
752 1457 819 1522 iam
848 1460 974 1521 mature
1001 1456 1202 1542 quaesiverat
1228 1460 1261 1522 et
1290 1457 1474 1535 invenerat3

282 1560 358 1627 hinc
389 1580 568 1646 numquam
598 1559 820 1647 despondebat·
833 1562 979 1627 animum
1002 1565 1053 1638 et,
1085 1562 1113 1627 si
1135 1560 1213 1646 quid
1235 1561 1265 1627 ei
1287 1559 1369 1627 forte
1391 1565 1476 1629 exci-

284 1665 378 1732 debat
400 1662 594 1732 vocabulnm
616 1663 857 1746 inclementius,
881 1671 1054 1733 extorserat
1076 1664 1159 1733 illud
1177 1667 1357 1756 indignatio
1363 1686 1373 1746 ;
1390 1667 1476 1734 iuvi·

283 1770 354 1838 diae
375 1790 492 1839 nomen
513 1792 554 1838 ne
575 1776 668 1838 norat
689 1771 829 1857 quidem.
854 1770 973 1850 Verbo,
997 1772 1146 1839 amabam
1163 1772 1328 1839 hominem
1343 1775 1477 1859 ejusque

283 1879 475 1946 memoriam
494 1879 547 1964 pie
564 1877 668 1945 colere
683 1897 835 1966 pergam
859 1875 1036 1964 permulta,
1061 1878 1183 1944 fatebor
1199 1879 1302 1955 enim,
1325 1879 1355 1944 ei
1375 1876 1475 1945 debeo

283 1989 332 2061 et,
367 1983 396 2048 si
429 1982 508 2068 qnid
538 1984 574 2048 in
606 1982 658 2049 his
685 1981 789 2050 literis
815 1982 926 2061 rideo,
962 1983 1046 2069 quod
1074 1983 1172 2070 probe
1197 1985 1274 2050 novi
1302 2002 1400 2069 quam
1430 1984 1476 2048 sit

285 2089 461 2177 exiguum,
495 2086 550 2154 sed
574 2093 682 2154 tamen
705 2088 734 2153 si
756 2089 834 2175 quid
855 2088 962 2168 rideo,
992 2088 1053 2154 hoc
1075 2106 1169 2155 omne
1190 2088 1291 2155 refero
1312 2092 1385 2152 tum
1406 2107 1475 2155 aas·

284 2194 511 2260 tumetissimis
532 2193 805 2280 praeceptoribus,
829 2199 902 2259 tum
923 2195 1000 2261 huic
1021 2191 1109 2260 fideli
1130 2195 1252 2272 amice,
1276 2194 1333 2280 qui
1349 2194 1474 2279 primos

284 2297 404 2388 gradus
433 2297 544 2365 sedulo
568 2300 687 2366 rexerit
707 2302 954 2386 monstraritque
975 2301 1116 2386 primus,
1140 2318 1242 2384 quum
1261 2297 1397 2366 beidam
1418 2318 1473 2364 re

282 2404 418 2483 nim,
451 2405 519 2490 ipse
542 2409 651 2469 autem
673 2410 804 2471 venerat
825 2425 906 2472 anno
929 2408 1018 2483 ante,
1050 2423 1148 2490 quam
1169 2405 1258 2472 rium
1280 2404 1315 2470 in
1336 2401 1396 2470 illa
1416 2422 1474 2489 pa·

282 2507 400 2576 laestra
422 2511 513 2596 sequi
535 2509 692 2577 deberem.

328 2612 495 2701 Superiora
524 2614 700 2683 Novembri
729 2635 838 2683 mense
867 2620 995 2702 repente
1026 2616 1200 2682 exstinctus
1229 2618 1278 2681 est
1306 2615 1342 2679 in
1362 2611 1473 2681 medio

282 2738 393 2798 cursu;
417 2720 656 2806 necopinantem
682 2720 798 2787 occidit
817 2742 891 2787 eum
911 2720 1014 2788 cordis
1033 2720 1222 2804 ἆνεύρυσμα.
1253 2717 1345 2787 Nihil
1355 2719 1475 2786 attinet

279 2823 440 2911 proloqui,
464 2844 562 2910 quam
584 2825 727 2914 graviter
749 2846 825 2892 eum
848 2844 958 2891 casum
980 2829 1013 2891 et
1039 2824 1172 2893 tulerim
1193 2830 1225 2892 et
1243 2845 1328 2891 nunc
1346 2843 1473 2910 quoque

279 2929 397 3010 feram3
434 2929 489 2997 sed
518 2935 627 2997 tamen
657 2935 730 3017 post
760 2930 886 2997 obitum
916 2931 984 3016 ejus
1012 2932 1161 2998 continuo
1190 2930 1256 2997 adii
1276 2933 1401 3017 patrem
1426 2966 1471 2981 -—

279 3034 496 3103 venerabilem
517 3056 641 3114 senem,
673 3037 729 3122 qui
756 3037 789 3101 in
813 3032 925 3103 Gelria
945 3055 1053 3101 rerum
1076 3035 1272 3103 modicarum
1291 3034 1473 3121 praefectus

280 3144 329 3208 est
348 3177 391 3191 —
409 3160 473 3206 non
491 3145 529 3206 ut
548 3140 739 3221 consolarer;
761 3141 818 3227 qui
836 3142 922 3208 enim
941 3137 1138 3226 potuissem?
1158 3179 1200 3191 —
1220 3140 1275 3206 aed
1292 3138 1471 3206 ntunado·

278 3244 389 3311 leram.
422 3243 530 3312 Simul
544 3249 657 3336 rogari
676 3252 714 3313 ut
733 3267 825 3313 meae
843 3243 918 3313 fidei
937 3247 1169 3323 committeret,
1189 3244 1306 3331 siquid
1317 3242 1471 3311 Ernestus

279 3348 476 3435 reliquisset,
512 3352 597 3438 qnod
630 3353 766 3442 dignum
800 3351 980 3431 videretur,
1025 3350 1109 3437 quod
1143 3349 1200 3417 alii
1234 3356 1467 3440 cognoscerent

279 3453 410 3523 Scilicet
433 3455 490 3523 diu
512 3466 576 3536 ast,
610 3479 649 3525 ex
672 3480 735 3545 quo
759 3460 881 3528 amicus
902 3479 995 3525 meus
1017 3456 1142 3524 literas
1163 3456 1294 3524 Latinas
1316 3461 1350 3523 et
1371 3452 1470 3523 (irae
1604 3514 1605 3527 ,

279 3582 331 3628 css
352 3561 449 3649 paulo
470 3564 635 3631 remissius
661 3565 762 3633 colere
785 3566 898 3651 coepit.
944 3563 1019 3631 Jam
1042 3563 1082 3629 ab
1104 3565 1234 3629 ineunte
1256 3563 1359 3629 estate
1381 3581 1468 3647 prae

278 3669 390 3735 sertim
420 3668 612 3755 populorum
641 3671 775 3737 historia
803 3669 1020 3738 delectabatur
1042 3673 1137 3755 atque
1159 3667 1234 3735 inde
1255 3666 1296 3734 ad
1313 3667 1470 3754 jurispru-

279 3774 421 3843 dentiam
452 3774 577 3844 delatus
607 3780 771 3864 totamque
799 3778 941 3844 civitatis
963 3776 1179 3844 oeconomiam
1201 3773 1468 3863 cognoscendam,

278 3882 415 3949 scribere
438 3901 563 3969 quoqne
586 3903 755 3972 aggressus
774 3887 860 3962 erat,
884 3879 1011 3950 Gallico
1028 3901 1172 3947 sermone
1190 3886 1229 3946 ut
1247 3882 1348 3947 exteri
1362 3877 1470 3967 legere

277 3993 422 4075 possent,
446 3990 629 4056 universam
652 3988 821 4056 historiam
845 4008 956 4055 earnm
978 4007 1103 4064 rerum,
1127 4007 1207 4072 quae
1229 3985 1304 4052 inda
1325 3984 1366 4052 ab
1388 4004 1470 4050 anno

281 4091 369 4160 1848
392 4093 478 4181 apud
499 4115 557 4162 nos
579 4097 613 4160 in
636 4099 771 4181 utroque
789 4098 901 4160 senatu
919 4094 1059 4182 agitatae
1075 4097 1159 4159 sunt.
1191 4091 1366 4159 Postremis
1383 4091 1471 4156 vitae

277 4200 442 4266 mensibus
466 4205 638 4287 occupatus
660 4207 728 4268 erat
749 4202 784 4265 in
807 4197 1031 4267 conscribenda
1053 4197 1245 4266 'l'horbeclrii
1266 4198 1354 4275 vita,
1374 4215 1471 4283 quem

278 4324 352 4371 vere
384 4304 519 4391 putabat
545 4307 637 4373 nobis
667 4326 730 4372 non
753 4305 883 4391 quidem
906 4303 1082 4372 cunctando
1104 4305 1159 4372 sed
1181 4310 1308 4371 suenus
1329 4301 1469 4391 egendo,

278 4427 347 4475 rem
377 4408 555 4476 restituisse
578 4416 612 4476 et
633 4409 828 4477 stabilivisse
852 4409 1044 4477 libertatem.
1092 4410 1199 4496 Atque
1221 4408 1298 4477 baec
1320 4406 1396 4477 Vita
1416 4407 1471 4474 ab
