3330 5012
305 358 371 422 sto
675 374 912 422 oosnnvnrrornrs
936 375 972 421 cr
994 375 1128 421 cntslclln

303 542 336 615 ἐς
365 538 697 620 όλλοτριωτοότνρν
725 543 815 623 cpias
847 542 900 609 καὶ
922 551 978 618 τῆς
1001 549 1062 621 γῆς
1086 542 1139 607 καὶ
1163 545 1216 607 τοῦ
1238 541 1363 621 οὐρανοῦ
1386 538 1489 608 eard·

302 667 393 715 τοισιν
423 645 633 726 ἀπαρτῶντες.
681 645 859 711 Positirnm
888 648 1056 726 desecatae
1084 644 1223 713 multum
1245 654 1432 732 praestare,
1455 657 1489 713 et

300 768 360 836 per
381 768 416 815 se
447 748 639 835 intelligitur
665 760 698 816 et
721 760 855 837 apparet
878 770 917 816 ex
942 749 1131 839 Thucydide
1156 750 1208 817 vt.
1233 754 1296 826 at,
1319 768 1416 835 qoem
1441 750 1489 816 lo»

300 872 375 920 cum
399 853 458 919 llio
482 855 628 921 imitatos
651 863 713 922 est.
762 854 854 940 Apud
876 854 1100 941 Alciplrronem
1123 855 1162 920 lt.
1184 850 1489 921 ‘carnencas
1619 858 1624 865 ’

298 955 470 1024 δεινότατον
501 960 555 1036 ἤδη
586 961 638 1026 καὶ
663 960 969 1040 όΦοριρτότατον
992 959 1186 1039 τετόλμηκε,
1214 957 1292 1024 nihil
1315 967 1365 1024 est
1389 978 1486 1046 supra

299 1061 335 1128 ri
358 1062 563 1145 ἑφόριρτον.
612 1063 703 1150 Apud
738 1063 927 1130 Strabonem
959 1064 1018 1131 111.
1043 1085 1074 1151 p.
1098 1069 1161 1131 166
1184 1063 1321 1130 Casani).
1344 1070 1402 1129 τῶν
1425 1066 1487 1130 doo-

297 1163 407 1245 μότων
429 1163 489 1232 ότα
511 1165 753 1245 ἐνδοξότατα
777 1175 836 1234 τῶν
855 1169 988 1239 caelent
1007 1168 1097 1235 όντων
1121 1173 1320 1244 Ἑλληνικῶν·
1340 1170 1419 1233 satis
1437 1177 1487 1234 est

298 1269 436 1350 ἔνδοξα
455 1272 607 1338 scribere.
642 1270 757 1338 itidem
788 1274 821 1337 in
846 1274 964 1339 vicinia
988 1295 1021 1360 p.
1048 1279 1111 1341 190
1132 1276 1201 1340 Cas.
1226 1273 1323 1354 όερμοὶ
1346 1273 1487 1343 κόλλιτα

297 1374 579 1454 ποτιμωτοότου
610 1374 741 1454 ὕδατος,
774 1376 857 1443 maio
887 1380 1059 1457 τοτόμοω
1092 1378 1248 1456 scribere,
1279 1395 1375 1463 quant
1408 1396 1482 1444 cnm

182 1478 184 1483 ’
296 1477 456 1567 nadvigto
484 1482 516 1546 in
548 1480 749 1548 adversariis
781 1501 812 1567 p.
835 1488 898 1549 537
923 1482 1146 1563 τοριμωτοὶτον.
1193 1481 1299 1550 Simul
1321 1481 1483 1548 observari

296 1591 402 1671 potest
425 1584 509 1671 apnd
541 1584 730 1652 Strabonem
762 1587 891 1665 πότιμος
921 1587 1006 1653 haud
1030 1586 1128 1654 semel
1150 1586 1303 1666 ποτάμιος
1326 1606 1397 1653 esse
1420 1585 1483 1653 lac·

295 1697 385 1766 tum,
408 1709 438 1755 v.
459 1710 486 1756 c.
514 1690 553 1758 V.
585 1711 619 1778 p.
640 1694 719 1758 214.
767 1690 861 1778 dpud
892 1692 1055 1759 Platonem
1088 1694 1121 1757 in
1145 1691 1317 1759 Theaeteto
1341 1712 1371 1777 p.
1398 1692 1483 1758 laod

296 1795 385 1860 sard
403 1794 612 1877 Πρωταγόραν
640 1797 692 1862 τὸν
720 1798 975 1879 σοφώτατον,
998 1797 1148 1882 sapientie
1172 1795 1307 1864 habebat
1330 1796 1479 1883 Protago-

295 1917 351 1964 ras
384 1918 560 1985 cognomen
597 1919 658 1981 noo
683 1902 925 1986 sapientissimi.
972 1901 1007 1967 ln
1032 1900 1181 1987 Sophiste
1205 1921 1236 1987 p.
1257 1905 1341 1968 2370
1364 1899 1479 1987 hospes

294 2001 457 2070 Eleaticns
478 2004 655 2090 interrogat
674 2003 899 2072 Theaeielum:
924 2007 975 2073 τόν
995 2006 1239 2086 peristroma
1259 2006 1478 2084 elapsast·

294 2130 408 2203 τατον
430 2106 616 2174 ταντότατι
639 2109 733 2187 μηδὲν
755 2108 876 2189 nirata:
900 2109 1080 2198 Respondet
1100 2109 1289 2178 adulescens
1307 2111 1477 2191 οὶναγκαιό·

294 2234 389 2278 τατον
411 2213 469 2291 μὲν
491 2210 560 2290 οὖν,
585 2211 641 2278 sed
664 2212 723 2278 hoc
748 2222 783 2279 ut
806 2224 895 2281 recte
925 2214 1117 2303 respondere
1143 2216 1260 2301 possit,
1285 2215 1318 2281 in
1343 2214 1478 2302 hospitis

293 2316 401 2384 uerbis
430 2317 602 2403 positivum
635 2319 765 2404 requiro
794 2320 1032 2399 ἀναγκαῖον.
1078 2319 1222 2386 Nimium
1247 2339 1373 2407 qnoque
1397 2317 1477 2385 milri

292 2441 365 2489 esse
387 2420 516 2488 videtur
542 2423 574 2487 in
607 2420 777 2510 Symposio
805 2443 839 2511 p.
868 2430 949 2493 resa
978 2426 1151 2504 οὶττόμενον
1181 2424 1231 2491 rial
1253 2425 1305 2492 καὶ
1329 2424 1400 2491 arari
1423 2425 1476 2491 καὶ

291 2526 395 2611 araim
423 2529 455 2593 όν
488 2526 731 2607 μαλακωτάτοις
761 2536 819 2596 τῶν
848 2529 1158 2609 μαλακωτάτων,
1197 2548 1270 2595 nam
1301 2530 1348 2595 τὰ·
1366 2544 1476 2609 μαλα-

291 2635 421 2699 κώτατα
451 2638 509 2698 τῶν
538 2638 727 2712 μαλακῶν
754 2633 822 2720 jam
854 2636 934 2701 saris
957 2643 1034 2702 sunt
1057 2633 1175 2701 ntoliia.
1222 2634 1257 2700 in
1289 2631 1477 2721 Thucydide

291 2735 346 2803 lv.
371 2742 414 2804 32
447 2739 548 2804 miror
578 2744 636 2804 τῶν
663 2738 781 2821 χωρόων
815 2742 858 2807 τοὶ
888 2740 1179 2823 μετεωρότατον
1208 2738 1411 2816 λαβόντες
1442 2746 1475 2803 et

267 2842 408 2928 exigua
432 2842 609 2909 mutatione
633 2842 763 2910 videtur
785 2844 1010 2912 scribendum:
1034 2844 1078 2910 rai
1098 2842 1274 2923 μετέωρα
1295 2858 1475 2909 καταλα-

289 2946 441 3026 βόντες.
487 2947 524 3013 ln
549 2946 771 3014 Demosthenis
803 2949 1005 3015 Timocrates
1029 2952 1133 3036 §148
1159 2948 1305 3014 οὲτοόντων
1328 2947 1392 3028 γὰρ
1413 2969 1474 3011 κν·

289 3052 481 3133 ριιότοοτον
503 3050 576 3134 ᾤετο
601 3053 663 3117 δεῖν
690 3047 767 3119 εἶναι
791 3054 826 3119 τό
850 3055 1018 3135 δικατνὶριον
1039 3062 1071 3119 cl
1095 3053 1128 3118 in
1153 3052 1298 3119 oratione
1319 3051 1474 3119 adversus

290 3154 449 3221 Neaeram
475 3159 554 3240 §92
578 3151 676 3236 ἕτερός
700 3158 763 3225 isra
785 3159 839 3241 ἐφ’
862 3156 964 3225 ἰότατι
986 3157 1103 3230 τούτοις
1126 3158 1360 3239 κυριώτατος
1384 3155 1473 3233 νόμον

289 3259 444 3338 νεόμενος,
477 3268 614 3346 utroque
644 3260 712 3326 loco
739 3263 896 3348 positivus
924 3283 995 3330 meo
1024 3260 1154 3349 quidem
1186 3261 1310 3347 judicio
1340 3279 1473 3347 prorsus

288 3371 338 3431 est
362 3364 573 3430 necessarios.
620 3365 707 3431 Alias
727 3367 997 3454 superlativorum
1016 3364 1216 3453 corruptelas
1235 3364 1322 3431 nunc
1342 3363 1472 3451 qnidam

288 3470 422 3548 omitto,
447 3467 488 3534 ad
519 3467 604 3536 idam
635 3481 863 3556 argumentum
898 3481 1006 3560 postca
1032 3470 1169 3537 tortasse
1191 3467 1363 3557 aliquando
1387 3466 1473 3536 redi·

288 3585 393 3643 turus.

331 3680 369 3748 ln
392 3690 536 3748 extrema
560 3682 676 3767 pagiua
701 3685 767 3749 289
790 3681 939 3749 Galasiris
964 3679 1165 3749 Charicloem
1186 3680 1280 3767 Johet
1302 3682 1345 3752 ale
1368 3676 1474 3759 νόμον

285 3785 429 3868 τρέψαι
467 3787 523 3862 τὴν
553 3787 646 3852 νότον.
694 3786 759 3853 Hoc
791 3785 877 3873 apud
907 3787 1072 3872 aequiores
1103 3785 1245 3868 τρέψαι
1277 3783 1341 3850 dici
1372 3783 1471 3861 solet,

285 3898 411 3960 veteres
433 3890 468 3956 ni
491 3888 583 3956 lallor
608 3891 768 3958 malebant
793 3891 841 3956 uti
861 3890 1034 3977 composito
1053 3889 1270 3973 καταερέψαι,
1295 3887 1379 3956 unde
1401 3888 1472 3968 tileo

285 3998 470 4079 κατατροφὶι
499 3993 621 4062 dicitur
651 3995 736 4083 apud
768 4014 890 4062 omues.
938 3995 1004 4061 ilco
1034 4013 1149 4072 sensu,
1175 4001 1211 4061 ut
1235 3992 1315 4060 milri
1340 3993 1471 4081 quidem

286 4099 430 4180 ridetur,
447 4098 561 4182 τρέψαι
577 4121 638 4167 non
661 4102 764 4188 magis
782 4102 814 4166 io
834 4120 895 4168 usu
916 4099 977 4166 luit
997 4119 1093 4187 qnam
1110 4099 1318 4183 κατατρεψαι.
1350 4097 1470 4165 nouem

286 4204 381 4272 modo
405 4225 435 4292 p.
455 4207 533 4272 319.
558 4209 577 4270 2
609 4207 681 4287 τρὸς
704 4209 747 4274 τοὶ
777 4207 926 4286 βελτίονα
948 4206 1105 4287 τρέψαι,
1128 4205 1239 4271 itidem
1271 4203 1471 4292 reposuerim

286 4309 441 4392 ectypas.
489 4309 582 4395 dpod
606 4309 739 4378 lllouem
763 4311 908 4378 Cassium
934 4311 1028 4377 null.
1055 4315 1097 4377 ὅθ
1121 4311 1199 4377 αὐτὸ
1217 4312 1309 4377 ε’κεῑνο
1333 4310 1364 4383 a
1386 4311 1471 4387 ripa·

287 4414 334 4480 liv
353 4411 534 4497 ἔτρεψεν,
559 4413 669 4482 ilidern
688 4418 817 4502 requiro
837 4417 1008 4498 ἔτρεψεν.
1058 4415 1158 4483 Habet
1179 4415 1292 4499 τρέψαι
1312 4417 1359 4481 sic
1379 4433 1470 4481 usur·
