3254 5034
275 317 319 380 80
732 331 771 379 ιιι
793 330 995 381 rauovmnur.

271 500 434 588 vulgatam
458 499 628 569 detondere
650 520 823 590 aggressus
848 502 908 567 nisi
934 500 1016 569 lorte
1039 499 1099 568 tibi
1122 499 1227 585 magis
1255 519 1352 587 quam
1379 499 1459 567 milri

271 609 483 696 persuaserit,
508 606 643 675 sortasse
668 629 795 676 nreourn
821 606 919 674 iacies
943 606 1154 674 rescribentis
1182 607 1199 682 si
1223 606 1458 688 celsissimis

271 716 338 781 sive
364 714 456 780 ruralis
480 717 497 792 ἥ
521 714 609 781 αὐτοὶ
626 716 766 797 σφίσιν
789 716 950 803 (αὐτοῖς)
971 714 1037 782 ντὶ.
1061 713 1185 800 Quippe
1203 733 1265 779 raon
1283 714 1458 799 genuinam

269 840 339 887 esse
366 820 632 907 praepositionem
665 822 728 886 noli
762 820 922 899 dubitare.
976 818 1034 896 (tui
1057 820 1142 886 enim
1166 840 1223 883 rua
1245 818 1345 906 ipsius
1368 820 1460 905 culpa

269 925 379 992 incidit
400 926 433 990 in
458 926 684 1003 calamitatem,
707 929 806 1010 ἑαυτῷ
830 927 1025 1008 περιπίπτειν
1048 924 1168 992 Graece
1189 922 1320 990 dieitur.
1366 923 1460 1011 Apud

273 1028 421 1096 Herodi
449 1035 513 1096 108
538 1032 694 1120 Astyages
718 1033 756 1099 ad
771 1034 973 1119 llarpagmn.
999 1033 1051 1096 eni
1067 1029 1190 1119 Cyrum
1205 1027 1362 1095 tutantem
1375 1031 1459 1096 oooi·
1491 1021 1496 1029 ’

271 1135 410 1203 dendunt
434 1135 631 1204 tradiderat:
656 1136 804 1221 Ἅρπαγε
827 1145 962 1220 πρῆγμα
979 1140 1013 1205 τὸ
1037 1137 1076 1204 aiv
1095 1161 1141 1204 τοι
1161 1134 1292 1218 προσθέω
1308 1136 1460 1215 μηδαμῶς

272 1243 476 1326 παραχρήσῃ,
501 1244 579 1322 μηδὲ
599 1245 656 1323 ἐμὲ
679 1269 715 1310 τε
738 1244 914 1328 παραβάλῃ
931 1245 983 1310 καὶ
1004 1242 1119 1318 ἄλλους
1140 1243 1283 1321 ἑλόμενος
1301 1239 1337 1318 ἐξ
1356 1240 1461 1323 ὖςέρκς

271 1349 331 1414 eol
355 1350 462 1430 αὐτῷ
485 1350 720 1434 περιπέσῃς.
1571 1345 1577 1357 ’

318 1450 396 1538 Gap.
428 1457 473 1520 68
506 1457 616 1520 initio:
648 1458 732 1524 κατὰ
765 1456 798 1523 δὲ
818 1458 887 1529 τσὺς
910 1456 1023 1531 αὐτοὺς
1046 1455 1171 1539 χρδνσνς
1196 1455 1263 1544 [τσῦ
1287 1454 1383 1537 θέρευς
1409 1478 1461 1519 τε·

271 1559 465 1647 accremari
516 1559 618 1627 Verba
651 1562 774 1630 inclusa
808 1581 920 1628 vereor
947 1582 986 1628 ue
1010 1562 1076 1628 sint
1100 1562 1299 1649 interpretis.
1336 1559 1382 1627 ut.
1407 1580 1462 1627 oa·

272 1665 348 1751 pitis
374 1665 597 1752 praecedentis
619 1669 760 1734 initium.

315 1772 391 1858 Gap.
426 1777 467 1838 rs
497 1783 579 1840 extr.
628 1772 677 1841 Gi.
710 1775 871 1860 Dexippus
902 1795 933 1861 p.
960 1776 1043 1853 186,
1072 1776 1113 1840 10
1137 1792 1206 1861 sqq.
1231 1774 1264 1839 in
1290 1773 1373 1840 ilist.
1400 1772 1455 1840 Gr.

270 1878 350 1943 min.
374 1877 424 1943 ed.
450 1877 544 1943 Iiind.
569 1878 630 1945 vol.
654 1879 679 1945 1.

315 1984 392 2070 Cap.
425 1987 467 2049 92
502 1994 572 2071 post
604 1984 704 2051 med:
736 1984 850 2062 ἕςκσαν
881 1987 911 2054 δὲ
934 1986 988 2053 καὶ
1012 1986 1038 2052 oi
1061 1987 1294 2063 Πελοποννήσιοι
1318 1995 1460 2069 τρνταῒσν

275 2090 327 2178 [alr
340 2090 526 2165 νενικηκότες
546 2099 602 2168 τῆς
626 2102 756 2173 τροπῆς,
775 2086 813 2166 ἃς
837 2094 910 2173 πρὸς
933 2102 972 2175 τῇ
993 2102 1036 2175 γῇ
1049 2096 1124 2165 ναῦς
1136 2091 1334 2181 διέφθειραν].
1360 2092 1460 2158 Voca-

272 2197 345 2263 nuta
375 2204 431 2271 τῆς
464 2205 575 2278 τροπῆς
605 2198 761 2285 expungit
788 2197 967 2265 Badharnns
991 2198 1121 2264 Adhort.
1146 2219 1177 2286 p.
1208 2204 1260 2267 12.
1294 2199 1460 2281 Quod‘rno

272 2303 377 2370 indice
409 2323 470 2369 non
506 2302 637 2370 suffieit.
685 2305 809 2391 Quippe
842 2303 895 2370 illu
928 2303 1078 2370 voeabula
1110 2306 1149 2379 ὥσ
1180 2305 1365 2380 νενικηκότες
1390 2306 1458 2392 ipsa

271 2428 329 2496 per
358 2429 393 2476 se
424 2408 575 2475 videntur
603 2407 780 2494 glossema,
812 2408 896 2496 quod
929 2418 960 2476 et
994 2408 1068 2475 alibi
1101 2410 1133 2476 in
1163 2409 1241 2477 loeis
1264 2409 1456 2497 quibusdum

270 2512 431 2580 similibus
461 2514 546 2603 apud
579 2524 724 2580 nostrum
758 2523 900 2601 apparet.
946 2513 1024 2580 Vide
1055 2514 1331 2602 quaedisputevi
1365 2514 1457 2581 Stnd.

270 2620 329 2686 Th.
355 2642 386 2708 p.
414 2626 455 2687 57
479 2630 512 2687 et
536 2624 590 2688 98.
628 2619 778 2687 Succedit
804 2619 854 2687 tris
877 2619 964 2687 atiud
988 2619 1146 2688 scholium
1171 2629 1227 2700 τῆς
1250 2630 1381 2700 τροπῆς,
1405 2620 1457 2688 de·

270 2726 343 2794 inde
369 2728 500 2795 tertium
521 2719 792 2809 ὃτι-διέφθειραν,
815 2727 951 2814 petitum
972 2746 990 2792 e
1010 2725 1117 2793 verbis
1136 2729 1345 2814 praegressis.
1373 2727 1458 2795 'l'lru-

268 2832 423 2921 eydides,
456 2834 484 2898 si
514 2833 590 2919 quid
620 2831 738 2900 addere
772 2831 944 2911 voluisset,
976 2833 1160 2919 scripsisset
1192 2833 1318 2919 potius:
1344 2830 1459 2912 ἓςκσαν

270 2946 412 3020 τροπαῖον
436 2947 492 3015 τῆς
516 2939 588 3020 πρὸς
612 2948 650 3023 τῇ
671 2949 714 3024 mi
738 2939 903 3021 διαφθορᾶς
928 2945 986 3005 τῶν
1009 2946 1088 3014 νεῶν,
1111 2947 1147 3005 ut
1167 2938 1280 3005 scribit
1295 2939 1373 3018 Vll,
1399 2945 1454 3005 nt:

267 3051 323 3119 τῆς
356 3046 429 3127 πρὸς
459 3047 502 3127 τῷ
532 3044 633 3127 τείχει
665 3047 853 3127 &resideas
884 3052 942 3111 τῶν
966 3045 1108 3112 ὁπλιτῶν.
1142 3043 1249 3125 Quare
1271 3064 1335 3112 nna
1358 3046 1457 3113 litura

267 3149 440 3217 deleverim
466 3149 562 3216 verive
585 3170 603 3216 e
627 3149 774 3238 pluribus
797 3150 929 3217 scholiis
951 3151 1185 3219 consarcinata.

312 3362 397 3428 larem
422 3361 467 3428 ΙΙΙ
500 3381 569 3447 cap.
596 3366 615 3428 5
647 3371 729 3430 extr.
747 3365 790 3437 ¹ci
814 3362 910 3430 δ’σῦτε
934 3364 965 3437 ἐς
986 3366 1038 3431 τὸν
1060 3363 1233 3431 Μαλόεντα
1264 3362 1388 3442 ἐξῆλθον
1414 3364 1457 3431 rai

201 3498 204 3505 ι
266 3494 312 3535 τε
336 3467 447 3535 ἄλλα
471 3475 529 3534 τῶν
552 3474 666 3552 τειχῶν
689 3468 743 3535 καὶ
769 3475 827 3535 τῶν
838 3469 969 3547 λιμένων
988 3470 1076 3550 περὶ
1098 3470 1141 3536 τὰ
1163 3469 1357 3547 ἦμιτέλεστα
1376 3477 1455 3552 Φρα·

266 3574 393 3654 iigmor
426 3574 675 3658 ἐφύλασσον.
723 3559 892 3642 Classenns
922 3594 961 3641 ex
997 3575 1102 3641 llaasii
1137 3576 1322 3641 corrieotura
1354 3576 1455 3643 edidit

264 3679 350 3762 πέρι,
375 3692 462 3747 recte
486 3680 646 3748 refutatus
669 3701 688 3747 a
713 3681 870 3748 ltteiaelio
894 3682 926 3747 in
954 3681 1070 3747 Hermo
1095 3681 1139 3747 ΙΙΙ
1165 3702 1194 3767 p.
1218 3685 1278 3747 881
1313 3684 1455 3750 monenti

266 3784 488 3875 Thucydidem
503 3789 704 3873 scripturum
718 3784 817 3853 inisse
830 3795 888 3853 τῶν
900 3793 1014 3868 τειχῶν
1026 3787 1091 3869 πέρι
1106 3788 1159 3854 καὶ
1167 3793 1225 3853 τῶν
1233 3788 1372 3868 λιμένων.
1387 3788 1455 3870 Quo

265 3892 352 3958 circa
375 3893 443 3980 ipse
460 3892 638 3960 lleinelrias
652 3893 828 3981 proposuit:
849 3900 907 3959 τῶν
919 3901 1033 3976 τειχῶν
1044 3893 1097 3959 καὶ
1111 3901 1169 3960 τῶν
1183 3892 1317 3972 λιμένων
1341 3893 1456 3976 τέριξ

264 3998 307 4063 rai
321 3997 514 4076 ἡμιτέλεια,
540 4000 556 4064 t
563 4005 590 4082 φ
600 3999 617 4065 d
626 4014 647 4065 λ
656 4023 755 4065 ασσι
765 4024 790 4065 ν.
818 3999 886 4066 lam
901 4019 975 4066 vero
989 3997 1139 4066 vocabula
1152 4000 1195 4066 rol
1207 3997 1296 4066 ἄλλα
1310 4021 1372 4066 uon
1383 4021 1454 4089 pos·

264 4112 339 4168 sunt
360 4123 430 4170 esse
450 4104 611 4173 obiectum
633 4105 729 4172 verbo
749 4104 947 4189 ἐφύλασσον,
968 4104 1227 4193 qnandoquidem
1243 4106 1393 4173 insanum
1406 4116 1456 4174 est

265 4207 408 4274 sorilrere
432 4208 639 4297 Mytilenaeas
661 4212 784 4300 reliqua
806 4211 1034 4288 custodivisse,
1061 4211 1114 4278 nbi
1140 4231 1201 4277 non
1224 4221 1358 4298 apparat
1380 4212 1456 4299 quial

264 4335 324 4379 non
356 4316 554 4382 urstoatirmt.
604 4317 707 4384 Unum
742 4327 859 4394 restat,
891 4325 926 4384 ut
957 4315 1066 4384 τᾶλλα
1097 4317 1273 4404 signilieet:
1305 4318 1388 4406 quod
1415 4318 1456 4384 ad

265 4429 366 4486 cetera
389 4421 514 4499 attinet,
538 4431 570 4489 et
594 4426 773 4507 ἐφύλασσον
795 4423 838 4491 sit
861 4424 1102 4491 intransitivum
1124 4447 1167 4486 ε.-
1187 4424 1338 4507 φνλακιὶς
1360 4422 1454 4508 εἶχον.
