3276 5006
614 373 657 419 111
680 372 945 420 rmorusssruu.
1335 353 1376 421 67

229 541 383 629 Sequitur
405 544 450 620 μη
474 540 671 623 ἀποσχέσθαι
695 541 771 619 μηδὲ
795 532 909 611 T0²rc
936 553 1138 634 OIKEIOTC
1162 546 1257 608 οουτοῦ
1286 543 1377 609 λοιδο·

184 658 335 731 ρΕΙΕΘοοι
360 648 412 714 κοοί
437 656 554 717 τλείςιε
578 647 646 727 τερί
677 650 858 730 τῶνφίλων
882 650 935 716 κιοί
959 651 1071 715 οἰκείων
1095 650 1180 716 κοοκόο
1203 649 1300 715 εἰπεῖν
1322 647 1376 714 acl

184 753 252 835 τερί
281 760 340 819 τῶν
372 752 636 828 τετελευτηκότων
667 760 769 827 κοοκῶς
784 755 928 840 λέγειν]
970 754 1198 822 Scribendum:
1230 756 1275 832 μη
1302 755 1375 820 οἰτο·

184 859 316 940 σχίσίοοι
330 861 407 938 μηδὲ
420 869 510 924 ΤΟΥ
531 867 649 925 Torc
666 858 789 931 οἰκείους
807 860 903 926 αὑτοῦ
923 861 1131 943 λοιδορΗΟΑΙ.
1155 860 1377 925 Necessarium

184 952 251 1032 esse
272 976 362 1032 ΤΟΥ
385 965 510 1032 Editori
539 964 632 1053 plene
655 967 823 1043 assentior,
855 967 909 1033 sed
938 969 1068 1052 perinde
1094 969 1306 1032 necessarium
1329 971 1377 1031 est

183 1073 400 1153 λοιδσρΗΟΑΙ,
424 1092 486 1158 quo
508 1077 633 1156 recepto
656 1071 725 1142 τοὺς
750 1073 872 1144 οἰκείους
892 1093 1003 1136 sanum
1028 1093 1095 1138 esse
1113 1076 1251 1158 apparet.
1283 1070 1377 1136 Nihil

182 1179 315 1244 interest
335 1179 420 1243 inter
442 1178 614 1258 λοιδορῆσοιί
636 1200 706 1242 τινοο
730 1183 762 1243 et
786 1178 887 1249 κοοκῶς
912 1179 1019 1243 εἰπεῖν.
1053 1177 1281 1263 Aristophanes
1300 1180 1376 1241 noto

182 1281 269 1350 loco:

320 1390 490 1471 λοιδορῆσοοι
514 1389 583 1461 τοὺς
608 1388 750 1468 πονηροὺς
774 1386 857 1453 οὐδέν
879 1388 924 1455 ἔτ’
947 1386 1125 1469 ἐσίφίονον.

183 1500 216 1562 et
237 1493 409 1562 Philemon
431 1497 465 1561 in
487 1495 603 1581 lepidis
619 1494 785 1561 versiculis
807 1495 891 1579 apud
913 1493 1088 1560 Stobaeum
1110 1493 1219 1558 Fhrra'l.
1246 1490 1298 1559 19.
1318 1490 1351 1558 2.

432 1599 511 1677 ἥδιον
532 1600 614 1666 οὐδὲν
636 1600 702 1665 οὐδὲ
724 1602 942 1680 μουσικώτερον

432 1705 478 1776 ἔτ’
503 1708 521 1783 ἢ
545 1705 691 1771 δυ’νοοσίιοι
714 1705 934 1787 λοιδορούμενον
957 1704 1075 1787 φέρειν.

432 1814 447 1878 ό
470 1812 606 1892 λοιδορῶν
629 1812 692 1892 γὰρ
716 1812 752 1888 ἢν
775 1814 788 1877 ό
815 1811 1034 1892 λοιδορούμενος

432 1920 475 1995 μη
500 1927 701 1999 τροστοιῆτοοι
725 1919 903 1999 λοιδορείτοοι
923 1917 1074 1997 λοιδορῶν.

183 2022 379 2102 λοιδορεῖσίοοί
408 2047 465 2088 τινι
496 2031 605 2089 contra
635 2030 683 2089 est
712 2024 878 2088 madoco
905 2029 1035 2100 οοτίσοο,
1068 2021 1210 2086 οοοοοόσόίι
1240 2019 1375 2085 aeneida

182 2151 337 2213 reponere,
373 2130 538 2211 οόίυοροοο.
591 2127 650 2194 list
684 2132 783 2195 etism
823 2129 1033 2215 Theophrasti
1067 2132 1170 2193 aetate
1203 2126 1373 2191 discrimen

182 2236 266 2302 inter
285 2242 387 2329 κακῶς
406 2238 524 2314 εἰπεῖν,
546 2234 632 2300 κοοκόο
651 2235 766 2310 εἰπεῖν,
785 2236 891 2301 πολλοὶ
912 2233 963 2299 κοιί
983 2232 1067 2298 κοοκοί
1088 2239 1144 2298 aut
1162 2233 1247 2297 κοοκόο
1267 2232 1374 2297 πολλοὶ

182 2341 279 2405 εἰπεῖν
310 2349 417 2407 ΤΙΝΑ
448 2348 481 2408 et
511 2351 607 2408 ΠΕΡΙ
635 2350 780 2406 T1Noc.
823 2343 1033 2407 Accusatirus
1058 2342 1187 2425 ponitur
1215 2339 1273 2403 ubi
1303 2340 1375 2423 quis

174 2447 332 2531 praesenti
361 2450 574 2525 conviciatur,
606 2447 675 2527 τερί
703 2469 780 2519 τινος
811 2451 919 2513 contra
948 2446 1032 2511 κοινοί
1063 2443 1117 2511 vel
1143 2450 1245 2515 κοιλῶς
1269 2442 1373 2520 λέγειν

183 2553 410 2620 declamitas
431 2554 550 2620 dicitur
572 2558 628 2618 aut
651 2553 690 2618 de
708 2553 771 2617 οόόο
785 2553 920 2637 smoth.
955 2550 1009 2616 Sic
1032 2549 1269 2634 Theophrastus
1291 2548 1374 2613 dixit

182 2659 250 2740 περὶ
281 2665 339 2724 τῶν
368 2659 469 2741 φίλοιν
492 2658 545 2722 κοοί
575 2658 689 2723 οἰκείων
712 2656 798 2722 κοοκόο
828 2658 925 2721 εἰπεῖν
957 2660 989 2722 et
1013 2654 1079 2734 περὶ
1106 2661 1165 2718 τῶν
1188 2667 1371 2728 τετελευτη-

182 2763 276 2830 κότων
299 2772 398 2839 κοοκῶς
425 2765 547 2844 λέγειν,
578 2765 636 2829 ubi
658 2764 885 2848 Aristophanes
908 2767 940 2827 et
962 2762 1155 2846 antiquiores
1177 2760 1279 2825 Attici
1301 2757 1372 2830 τοὺς

180 2871 293 2952 φίλους
312 2873 419 2938 πολλοὶ
438 2871 490 2936 κοοί
507 2871 592 2935 κοοκόο
612 2870 710 2934 εἰπεῖν
730 2875 762 2934 et
779 2869 848 2941 τοὺς
865 2865 1128 2953 τετελευτηκότος
1149 2866 1250 2937 κοοκοίς
1268 2863 1373 2942 λέγειν

180 2982 359 3044 constanter
380 2979 483 3044 dicere
505 2975 657 3043 solebant.

224 3187 261 3254 In
291 3195 434 3256 extreme
462 3192 552 3274 parte
585 3189 699 3273 capitis
728 3206 785 3272 pro
820 3188 834 3251 ό
861 3194 916 3262 της
949 3182 1185 3256 ΔΙδΑσκΛλίοος
1216 3180 1370 3265 ἐρείισμός

179 3296 272 3361 unice
299 3316 412 3361 verum
443 3315 509 3360 esse
539 3293 675 3359 arbitror
706 3293 739 3357 id
771 3293 855 3378 quod
884 3291 1097 3378 Hottingerus
1128 3293 1245 3375 reperit
1276 3291 1370 3365 ότης

180 3400 395 3473 ΔΤΟΚΟλίοος
419 3398 582 3481 ἐρείισμός.
617 3399 710 3464 Unde
742 3401 828 3465 enim
858 3398 986 3462 aliunde
1011 3403 1058 3462 est
1081 3395 1136 3461 ille
1159 3396 1370 3461 maledicendi

177 3508 320 3591 pruritus
342 3525 439 3591 quam
462 3527 501 3572 er
524 3507 625 3571 animi
643 3508 828 3572 morositate
850 3511 882 3568 et
904 3501 1125 3578 truculentia„
1139 3521 1237 3585 quam
1256 3498 1370 3567 Graeci

177 3609 340 3679 δυσκολίοον
361 3609 541 3699 appellant?

222 3820 300 3909 Gap.
324 3822 444 3888 XXIX.
469 3824 699 3902 detractandae.

223 3927 292 3994 όδδ
316 3927 516 4012 φιλοσόνηρός
549 3930 594 3998 aa
625 3926 740 3992 τοιόσδε
767 3950 814 3997 τις
846 3921 905 3997 οίος
934 3922 1138 4003 ἐντυγχάνειν
1168 3932 1230 3995 τοῖς
1261 3921 1366 4009 [ἠσση-

177 4033 276 4112 μίνοις
300 4037 368 4121 κοιί]
392 4037 551 4113 δημοσίους
571 4018 699 4111 οἰνῶνας
724 4030 924 4114 ὠφληκόσιν]
958 4028 1154 4115 interpolata
1174 4034 1249 4094 sunt
1270 4028 1369 4094 verba

177 4142 356 4217 ἡττημένοις
390 4141 454 4206 κοοί.
507 4138 656 4208 Graeculi
691 4141 777 4204 enim
814 4137 904 4203 verbi
942 4135 1160 4217 όφλισκοίνειν,
1200 4135 1366 4217 όφλνίσειν,

176 4246 304 4327 όφλεῖν,
331 4245 507 4329 ιίφληκόνοι
528 4248 685 4312 rationem
707 4248 740 4310 et
761 4264 858 4309 usum
881 4242 974 4328 plane
998 4245 1178 4308 amiserant.
1219 4239 1255 4305 In
1278 4259 1367 4326 prae·

176 4356 259 4420 senti
281 4354 477 4440 usurpabant
498 4353 600 4419 forma
622 4348 727 4433 όφλω,
750 4347 872 4431 ίφλεις,
897 4347 1006 4430 ίφλει,
1030 4354 1062 4413 et
1085 4349 1188 4415 sicubi
1211 4348 1365 4413 sonetum

177 4461 286 4542 ὀφλεῖν
315 4466 348 4526 et
373 4460 477 4541 όφλοίν
504 4459 658 4525 vidissent
683 4458 801 4522 vitioso
832 4461 962 4520 accentu
991 4453 1099 4535 όφλειν
1129 4459 1162 4520 et
1192 4451 1297 4534 όφλυν
1328 4451 1367 4517 de
