3244 5012
514 350 556 396 sn
579 348 809 396 mraonoomu
832 348 1027 396 simmam.
1300 329 1365 396 329

126 606 130 615 ’
222 625 367 691 Absurde
397 624 598 695 Drusomss
630 622 840 688 Homericum
871 625 1034 708 epitheton
1065 624 1157 688 νοοοοο
1184 628 1216 687 et
1238 623 1367 687 aetheris

179 730 366 813 ἀτρύγετον,
392 731 483 795 cuius
505 732 587 795 ratio
610 749 686 793 eum
708 728 871 815 fugiebat,
901 728 940 792 ad
964 736 1075 793 cwctcm
1097 727 1272 792 transtulit.
1296 729 1366 807 'Op-

177 837 291 917 φνονέην
312 834 366 901 vel
389 833 560 913 ἀμβροσίην
584 833 719 897 contere
739 832 900 899 debuerat.
936 832 973 896 In
993 832 1052 898 hoc
1073 838 1261 919 argumento
1280 831 1366 898 lectu

178 946 253 1006 sunt
273 940 463 1026 dignissima
485 958 564 1024 quas
587 937 666 1003 olim
687 937 864 1022 disputavit
887 935 1025 1003 Oobetus
1047 941 1081 1002 in
1100 936 1260 1023 praeclara
1282 956 1365 1001 com-

178 1047 373 1110 mentatione
396 1045 433 1107 de
454 1043 589 1107 creticos
611 1042 771 1126 artificiali
796 1044 911 1107 Graeca
933 1065 954 1105 ο
970 1042 1114 1126 populari
1136 1042 1365 1123 νδέοέέορνοοιοίο,

180 1149 266 1215 edita
293 1146 525 1213 Amstelodami
555 1168 604 1233 ap.
635 1146 702 1211 Ich.
735 1144 931 1221 Muellerum
965 1167 994 1212 a.
1031 1144 1127 1212 1852.
1169 1143 1218 1212 Of.
1242 1166 1366 1231 quoque

180 1252 401 1332 ἀμαιμακέτου
426 1251 534 1333 κρατός
559 1248 613 1316 VI.
638 1247 721 1327 115,
746 1247 777 1315 6.
1383 1314 1386 1319 Α

224 1359 393 1442 Acapitc,
417 1358 500 1442 quod
523 1360 662 1422 continet
684 1353 844 1422 Garoosrr
866 1355 1021 1442 Theologi
1040 1358 1284 1443 epigrammata,
1297 1376 1366 1422 ma-

181 1484 242 1528 nus
270 1464 421 1528 abstineo.
463 1457 563 1527 Cuius
589 1462 730 1527 hominis
751 1463 866 1545 pietati
888 1465 922 1526 et
942 1463 1105 1527 sanctitati
1126 1459 1209 1525 nihil
1232 1460 1366 1548 derogo,

182 1568 237 1637 sed
257 1570 304 1632 ita
326 1569 483 1652 pessimus
505 1571 562 1631 est·
576 1567 722 1631 omniurn
744 1571 853 1650 poeta,
877 1570 916 1630 ut
934 1567 999 1631 otio
1018 1570 1050 1631 et
1068 1585 1141 1631 meo
1159 1570 1192 1630 ct
1210 1564 1368 1630 lectorum

182 1674 272 1739 abuti
302 1673 385 1736 mihi
415 1670 554 1747 viderer,
586 1673 614 1735 si
648 1671 764 1736 menda
793 1670 997 1736 librariorum
1027 1674 1055 1735 si
1086 1691 1167 1755 quae
1196 1673 1306 1736 insunt
1328 1672 1368 1737 ab

180 1779 283 1864 ipsius
311 1775 448 1841 maculis
477 1795 574 1860 quam
604 1773 754 1859 plurimis
782 1794 924 1860 separare
954 1779 987 1840 et
1012 1764 1208 1861 distinguere
1231 1796 1368 1843 conarer.

181 1880 252 1947 Hoc
283 1886 391 1946 tamen
420 1878 476 1947 vol
496 1880 572 1945 huic
600 1880 770 1959 dehemus,
793 1885 832 1944 ut
853 1901 892 1945 ne
915 1882 1104 1946 coniecturis
1126 1882 1241 1946 nostris
1262 1884 1370 1967 peiora

182 1986 351 2053 reddamus
381 2005 460 2071 quac
489 1986 556 2069 ipse
585 1987 720 2070 scripsit.
764 1984 855 2065 Quod
886 1987 1049 2051 commisit
1078 1984 1214 2073 Dilthey
1244 1989 1277 2050 in
1306 1990 1370 2073 epi·

184 2095 363 2179 grammato
386 2086 448 2167 97,
473 2089 530 2154 ubi
554 2111 655 2175 quum
676 2089 845 2177 theologus
867 2094 951 2155 recte
974 2095 1007 2155 et
1030 2090 1139 2156 ordine
1161 2093 1360 2177 scripsisset:

275 2194 305 2260 εἴ
326 2219 396 2260 τννοο
417 2192 574 2272 δένδρον
597 2193 720 2269 ἔθηκε
738 2194 815 2272 ’ρέος
840 2194 891 2260 καὶ
916 2195 944 2259 εἴ
965 2218 1034 2261 τινος
1057 2193 1169 2277 πέτρην
1192 2198 1255 2263 κτὲ.

184 2301 367 2377 substituit,
390 2302 419 2366 si
441 2299 499 2364 Dis
521 2302 684 2385 mucimus
704 2300 830 2386 placet:

456 2402 485 2469 st
506 2388 575 2470 τινος
600 2405 735 2486 δένδρη
760 2406 890 2488 ἐφῆκε
914 2405 985 2484 γόος
1009 2408 1074 2471 κτέ.

185 2510 268 2595 quod
297 2509 374 2596 quid
404 2510 467 2575 sibi
495 2510 593 2588 velit,
625 2514 693 2595 ipse
722 2512 849 2578 viderit.
885 2511 1004 2578 Verum
1033 2515 1111 2578 satis
1141 2517 1173 2579 et
1196 2513 1235 2579 de
1257 2513 1317 2580 hoc
1340 2521 1372 2579 et

185 2614 223 2679 de
246 2613 403 2701 theologo.
442 2613 652 2682 Transeamus
674 2615 715 2682 ad

687 2822 791 2910 Caput
812 2825 869 2891 IX.

230 3021 341 3109 Epigr.
368 3020 420 3087 15.
516 3064 519 3070 -

456 3127 539 3193 noo
562 3125 597 3189 τδ
622 3128 679 3206 πῦρ
706 3125 875 3193 actores
898 3128 1064 3211 διζήμενος.

229 3233 291 3300 Pro
314 3232 449 3299 absurdo
471 3232 593 3298 Futuro
616 3238 785 3316 reponatur
808 3239 865 3299 aut
888 3236 1021 3301 κοιίενν
1045 3240 1100 3303 aut
1124 3245 1285 3307 καῦοοον.

229 3339 339 3426 Epigr.
364 3336 418 3405 20.

364 3450 480 3520 πῶλος,
505 3444 518 3508 δ
543 3443 611 3522 πρὶν
633 3451 757 3519 πτηνοῖς
781 3442 834 3509 ἶσοι
860 3447 979 3525 δραμὼν
1002 3446 1123 3526 astaco

320 3553 369 3613 νῦν
391 3546 442 3613 ὅτε
465 3547 607 3627 γηραιός,
632 3549 811 3629 ρυροδρέμον
834 3550 912 3624 η’νίδο
937 3549 1045 3631 πέτρον

363 3652 480 3730 δονεύον,
505 3652 624 3733 τεφέςον
649 3652 788 3736 ὕβρνς,
813 3654 1026 3731 ἐλαυνόμενος.

182 3758 363 3845 Ambigunt
382 3759 516 3837 eruditi,
541 3765 652 3836 utrum
671 3763 717 3826 ita
735 3760 938 3826 scribendum
956 3762 1017 3840 sit,
1042 3782 1082 3826 an
1100 3763 1279 3848 recipienda
1298 3765 1370 3832 Pla·

182 3862 286 3928 nudes
307 3863 402 3929 lectio
426 3862 529 3942 ὕβριν,
554 3884 651 3949 quam
674 3871 805 3931 tuentur
823 3865 885 3931 duo
904 3864 979 3930 libri
998 3865 1200 3933 Parisicnses.
1233 3871 1277 3935 At
1295 3891 1370 3956 quo·

182 3970 270 4034 niam
292 3970 360 4053 ipse
384 3988 500 4052 equus,
531 3969 610 4034 olim
633 3990 725 4055 saepe
748 3972 867 4045 victor,
896 3971 961 4035 dici
983 3991 1045 4035 non
1068 3976 1174 4057 potuit
1197 3997 1369 4041 coronarum

182 4074 362 4155 ipnominio,
394 4072 449 4138 sed
479 4073 555 4138 haec
584 4074 738 4141 vocabula
761 4076 923 4141 continent
945 4078 1175 4161 oppositionem
1199 4081 1369 4148 verborum

182 4178 290 4259 πέτρον
321 4177 423 4245 δινεύω
444 4216 486 4226 -
508 4179 705 4257 ἐλαυνόμενος
738 4180 855 4265 absque
887 4184 975 4249 omni
1007 4187 1218 4250 controversia
1239 4186 1369 4253 iubente

183 4291 268 4351 certa
296 4284 369 4372 lege
396 4287 622 4371 grammatica,
654 4286 871 4370 recipiendum
899 4287 1002 4354 iuerat
1029 4284 1153 4367 ὕβριν.
1189 4290 1300 4360 Editor
1322 4295 1368 4358 ni·

182 4393 287 4455 mium
311 4389 452 4454 tribuens
479 4390 580 4454 codici
603 4390 749 4456 Palatino
772 4412 832 4457 non
857 4413 926 4456 raro
949 4393 1033 4458 male
1056 4398 1176 4478 sprevit
1199 4398 1369 4482 scripturas
1444 4456 1447 4459 ,
