<?xml version="1.0" encoding="UTF-8"?>
<!DOCTYPE html PUBLIC "-//W3C//DTD XHTML 1.0 Transitional//EN"
    "http://www.w3.org/TR/xhtml1/DTD/xhtml1-transitional.dtd">
<html xmlns="http://www.w3.org/1999/xhtml" xml:lang="en" lang="en">
 <head>
  <title>
</title>
<meta http-equiv="Content-Type" content="text/html;charset=utf-8" />
  <meta name='ocr-system' content='tesseract 3.04.00' />
  <meta name='ocr-capabilities' content='ocr_page ocr_carea ocr_par ocr_line ocrx_word'/>
</head>
<body>
  <div class='ocr_page' id='page_1' title='image "./mnemosynebiblio00servgoog_0041.png"; bbox 0 0 3254 5034; ppageno 0'>
   <div class='ocr_carea' id='block_1_1' title="bbox 242 337 936 400">
    <p class='ocr_par' dir='ltr' id='par_1_1' title="bbox 242 337 936 400">
     <span class='ocr_line' id='line_1_1' title="bbox 242 337 936 400; baseline -0.001 -1"><span class='ocrx_word' id='word_1_1' title='bbox 242 337 285 400; x_wconf 80' lang='lat'><strong>30</strong></span> <span class='ocrx_word' id='word_1_2' title='bbox 735 353 936 400; x_wconf 78' lang='lat' dir='ltr'><strong>nrscecmnm</strong></span> 
     </span>
    </p>
   </div>
   <div class='ocr_carea' id='block_1_2' title="bbox 241 516 1436 4529">
    <p class='ocr_par' dir='ltr' id='par_1_2' title="bbox 241 516 1436 1447">
     <span class='ocr_line' id='line_1_2' title="bbox 241 516 1436 595; baseline -0.003 -8"><span class='ocrx_word' id='word_1_3' title='bbox 241 530 357 588; x_wconf 91' lang='lat' dir='ltr'><strong>rantur</strong></span> <span class='ocrx_word' id='word_1_4' title='bbox 388 542 425 588; x_wconf 83' lang='lat' dir='ltr'><strong>ex</strong></span> <span class='ocrx_word' id='word_1_5' title='bbox 458 522 639 587; x_wconf 74' lang='lat' dir='ltr'><strong>Aristonico</strong></span> <span class='ocrx_word' id='word_1_6' title='bbox 669 520 710 588; x_wconf 95' lang='lat' dir='ltr'><strong>ad</strong></span> <span class='ocrx_word' id='word_1_7' title='bbox 742 520 831 588; x_wconf 84' lang='lat' dir='ltr'><strong>iliad.</strong></span> <span class='ocrx_word' id='word_1_8' title='bbox 866 529 908 587; x_wconf 91' lang='lat' dir='ltr'><strong>N.</strong></span> <span class='ocrx_word' id='word_1_9' title='bbox 933 523 1009 587; x_wconf 71' lang='grc'><strong>668.</strong></span> <span class='ocrx_word' id='word_1_10' title='bbox 1057 516 1210 586; x_wconf 75' lang='lat' dir='ltr'>Zenodoti</span> <span class='ocrx_word' id='word_1_11' title='bbox 1241 516 1353 595; x_wconf 82' lang='lat' dir='ltr'><strong>lectio,</strong></span> <span class='ocrx_word' id='word_1_12' title='bbox 1385 517 1436 585; x_wconf 87' lang='lat' dir='ltr'><strong>vel</strong></span> 
     </span>
     <span class='ocr_line' id='line_1_3' title="bbox 243 623 1435 714; baseline -0.002 -23"><span class='ocrx_word' id='word_1_13' title='bbox 243 628 348 714; x_wconf 90' lang='lat' dir='ltr'><strong>potius</strong></span> <span class='ocrx_word' id='word_1_14' title='bbox 371 627 450 695; x_wconf 85' lang='lat' dir='ltr'><strong>ieris</strong></span> <span class='ocrx_word' id='word_1_15' title='bbox 475 628 681 705; x_wconf 86' lang='lat' dir='ltr'><strong>coniectura,</strong></span> <span class='ocrx_word' id='word_1_16' title='bbox 707 626 796 693; x_wconf 86' lang='lat' dir='ltr'><strong>iiiad.</strong></span> <span class='ocrx_word' id='word_1_17' title='bbox 822 635 859 691; x_wconf 88' lang='lat' dir='ltr'><strong>E.</strong></span> <span class='ocrx_word' id='word_1_18' title='bbox 886 630 963 692; x_wconf 72' lang='lat'><strong>576.</strong></span> <span class='ocrx_word' id='word_1_19' title='bbox 1012 623 1211 704; x_wconf 74' lang='grc' dir='ltr'><strong>Κοιιιοιμένειι</strong></span> <span class='ocrx_word' id='word_1_20' title='bbox 1237 644 1294 710; x_wconf 90' lang='lat' dir='ltr'><strong>pro</strong></span> <span class='ocrx_word' id='word_1_21' title='bbox 1316 634 1435 690; x_wconf 70' lang='lat' dir='ltr'><strong>nosai-</strong></span> 
     </span>
     <span class='ocr_line' id='line_1_4' title="bbox 242 729 1434 817; baseline -0.003 -19"><span class='ocrx_word' id='word_1_22' title='bbox 242 733 338 812; x_wconf 70' lang='grc' dir='ltr'><em>μέντοι</em></span> <span class='ocrx_word' id='word_1_23' title='bbox 368 733 401 798; x_wconf 92' lang='lat' dir='ltr'><strong>in</strong></span> <span class='ocrx_word' id='word_1_24' title='bbox 426 731 564 799; x_wconf 85' lang='lat' dir='ltr'><strong>Schoiiis</strong></span> <span class='ocrx_word' id='word_1_25' title='bbox 597 752 657 797; x_wconf 91' lang='lat' dir='ltr'><strong>non</strong></span> <span class='ocrx_word' id='word_1_26' title='bbox 691 741 979 808; x_wconf 88' lang='lat' dir='ltr'><strong>commemoratur,</strong></span> <span class='ocrx_word' id='word_1_27' title='bbox 1011 729 1281 817; x_wconf 80' lang='lat' dir='ltr'><strong>quemadmodum</strong></span> <span class='ocrx_word' id='word_1_28' title='bbox 1314 730 1434 817; x_wconf 89' lang='lat' dir='ltr'><strong>passim</strong></span> 
     </span>
     <span class='ocr_line' id='line_1_5' title="bbox 243 834 1436 924; baseline -0.003 -20"><span class='ocrx_word' id='word_1_29' title='bbox 243 859 329 904; x_wconf 90' lang='lat' dir='ltr'><strong>nunc</strong></span> <span class='ocrx_word' id='word_1_30' title='bbox 356 840 456 904; x_wconf 85' lang='lat' dir='ltr'><strong>rnuha</strong></span> <span class='ocrx_word' id='word_1_31' title='bbox 487 836 714 905; x_wconf 78' lang='lat' dir='ltr'><strong>desiderantur</strong></span> <span class='ocrx_word' id='word_1_32' title='bbox 738 857 820 924; x_wconf 87' lang='lat' dir='ltr'><strong>quac</strong></span> <span class='ocrx_word' id='word_1_33' title='bbox 851 837 927 903; x_wconf 88' lang='lat' dir='ltr'><strong>oiim</strong></span> <span class='ocrx_word' id='word_1_34' title='bbox 953 838 984 902; x_wconf 92' lang='lat' dir='ltr'><strong>in</strong></span> <span class='ocrx_word' id='word_1_35' title='bbox 1015 837 1056 901; x_wconf 89' lang='lat' dir='ltr'><strong>iis</strong></span> <span class='ocrx_word' id='word_1_36' title='bbox 1079 838 1200 922; x_wconf 89' lang='lat' dir='ltr'><strong>scripta</strong></span> <span class='ocrx_word' id='word_1_37' title='bbox 1226 834 1324 902; x_wconf 81' lang='lat' dir='ltr'><strong>fuisse</strong></span> <span class='ocrx_word' id='word_1_38' title='bbox 1356 836 1436 901; x_wconf 92' lang='lat' dir='ltr'><strong>satis</strong></span> 
     </span>
     <span class='ocr_line' id='line_1_6' title="bbox 242 941 1436 1031; baseline -0.001 -23"><span class='ocrx_word' id='word_1_39' title='bbox 242 952 379 1010; x_wconf 87' lang='lat' dir='ltr'><strong>constat.</strong></span> <span class='ocrx_word' id='word_1_40' title='bbox 417 944 583 1031; x_wconf 79' lang='lat' dir='ltr'><strong>Reliquam</strong></span> <span class='ocrx_word' id='word_1_41' title='bbox 611 955 732 1029; x_wconf 88' lang='lat' dir='ltr'><strong>partem</strong></span> <span class='ocrx_word' id='word_1_42' title='bbox 765 942 936 1028; x_wconf 77' lang='lat' dir='ltr'><strong>fragmenti</strong></span> <span class='ocrx_word' id='word_1_43' title='bbox 964 963 1036 1008; x_wconf 88' lang='lat' dir='ltr'><strong>nrox</strong></span> <span class='ocrx_word' id='word_1_44' title='bbox 1061 961 1137 1008; x_wconf 91' lang='lat' dir='ltr'><strong>cum</strong></span> <span class='ocrx_word' id='word_1_45' title='bbox 1164 941 1338 1008; x_wconf 74' lang='lat' dir='ltr'><strong>Aristonici</strong></span> <span class='ocrx_word' id='word_1_46' title='bbox 1363 941 1436 1007; x_wconf 86' lang='lat' dir='ltr'><strong>reii-</strong></span> 
     </span>
     <span class='ocr_line' id='line_1_7' title="bbox 242 1045 1435 1137; baseline -0.001 -22"><span class='ocrx_word' id='word_1_47' title='bbox 242 1051 328 1136; x_wconf 81' lang='lat' dir='ltr'><strong>qniis</strong></span> <span class='ocrx_word' id='word_1_48' title='bbox 356 1069 604 1137; x_wconf 85' lang='lat' dir='ltr'><strong>componemus,</strong></span> <span class='ocrx_word' id='word_1_49' title='bbox 636 1048 755 1136; x_wconf 87' lang='lat' dir='ltr'><strong>quihus</strong></span> <span class='ocrx_word' id='word_1_50' title='bbox 782 1048 932 1114; x_wconf 87' lang='lat' dir='ltr'><strong>omnihus</strong></span> <span class='ocrx_word' id='word_1_51' title='bbox 955 1045 1126 1133; x_wconf 83' lang='lat' dir='ltr'><strong>diligenter</strong></span> <span class='ocrx_word' id='word_1_52' title='bbox 1149 1049 1298 1135; x_wconf 83' lang='lat' dir='ltr'><strong>expensis</strong></span> <span class='ocrx_word' id='word_1_53' title='bbox 1320 1067 1435 1114; x_wconf 90' lang='lat' dir='ltr'><strong>conce·</strong></span> 
     </span>
     <span class='ocr_line' id='line_1_8' title="bbox 242 1151 1434 1241; baseline -0.002 -22"><span class='ocrx_word' id='word_1_54' title='bbox 242 1154 319 1221; x_wconf 88' lang='lat' dir='ltr'><strong>dent</strong></span> <span class='ocrx_word' id='word_1_55' title='bbox 341 1153 441 1230; x_wconf 86' lang='lat' dir='ltr'><strong>mihi,</strong></span> <span class='ocrx_word' id='word_1_56' title='bbox 466 1174 577 1241; x_wconf 88' lang='lat' dir='ltr'><strong>spero,</strong></span> <span class='ocrx_word' id='word_1_57' title='bbox 602 1153 748 1221; x_wconf 90' lang='lat' dir='ltr'><strong>homines</strong></span> <span class='ocrx_word' id='word_1_58' title='bbox 770 1153 855 1221; x_wconf 90' lang='lat' dir='ltr'><strong>docti</strong></span> <span class='ocrx_word' id='word_1_59' title='bbox 879 1162 1001 1240; x_wconf 86' lang='lat' dir='ltr'><strong>partem</strong></span> <span class='ocrx_word' id='word_1_60' title='bbox 1024 1151 1235 1219; x_wconf 80' lang='lat' dir='ltr'><strong>Praefationis</strong></span> <span class='ocrx_word' id='word_1_61' title='bbox 1259 1152 1434 1219; x_wconf 78' lang='lat' dir='ltr'><strong>Aristonici</strong></span> 
     </span>
     <span class='ocr_line' id='line_1_9' title="bbox 242 1258 1207 1347; baseline -0.001 -22"><span class='ocrx_word' id='word_1_62' title='bbox 242 1259 282 1326; x_wconf 91' lang='lat' dir='ltr'><strong>ad</strong></span> <span class='ocrx_word' id='word_1_63' title='bbox 309 1280 367 1326; x_wconf 92' lang='lat' dir='ltr'><strong>nos</strong></span> <span class='ocrx_word' id='word_1_64' title='bbox 391 1261 585 1347; x_wconf 87' lang='lat' dir='ltr'><strong>pervenisse.</strong></span> <span class='ocrx_word' id='word_1_65' title='bbox 633 1259 725 1326; x_wconf 88' lang='lat' dir='ltr'><strong>Nunc</strong></span> <span class='ocrx_word' id='word_1_66' title='bbox 750 1259 865 1325; x_wconf 84' lang='lat' dir='ltr'><strong>raiehit</strong></span> <span class='ocrx_word' id='word_1_67' title='bbox 891 1260 967 1326; x_wconf 85' lang='lat' dir='ltr'><strong>iiind</strong></span> <span class='ocrx_word' id='word_1_68' title='bbox 996 1258 1207 1346; x_wconf 81' lang='lat' dir='ltr'><strong>Euripideum</strong></span> 
     </span>
     <span class='ocr_line' id='line_1_10' title="bbox 560 1363 1132 1447; baseline -0.002 -16"><span class='ocrx_word' id='word_1_69' title='bbox 560 1363 652 1445; x_wconf 74' lang='grc' dir='ltr'><em>λόγος</em></span> <span class='ocrx_word' id='word_1_70' title='bbox 677 1365 740 1447; x_wconf 74' lang='grc' dir='ltr'><strong>γὰρ</strong></span> <span class='ocrx_word' id='word_1_71' title='bbox 764 1364 797 1432; x_wconf 73' lang='grc' dir='ltr'><strong>ἔκ</strong></span> <span class='ocrx_word' id='word_1_72' title='bbox 821 1367 852 1431; x_wconf 90' lang='grc' dir='ltr'><strong>τ’</strong></span> <span class='ocrx_word' id='word_1_73' title='bbox 876 1364 1061 1443; x_wconf 69' lang='grc' dir='ltr'><em>ἀδοξούντων</em></span> <span class='ocrx_word' id='word_1_74' title='bbox 1083 1364 1132 1431; x_wconf 75' lang='grc' dir='ltr'><strong>ἰών</strong></span> 
     </span>
    </p>

    <p class='ocr_par' dir='ltr' id='par_1_3' title="bbox 424 1470 1190 1546">
     <span class='ocr_line' id='line_1_11' title="bbox 424 1470 1190 1546; baseline 0 -9"><span class='ocrx_word' id='word_1_75' title='bbox 424 1471 486 1537; x_wconf 76' lang='lat' dir='ltr'><strong>xcix</strong></span> <span class='ocrx_word' id='word_1_76' title='bbox 506 1473 564 1537; x_wconf 81' lang='grc' dir='ltr'><strong>τῶν</strong></span> <span class='ocrx_word' id='word_1_77' title='bbox 588 1472 750 1538; x_wconf 72' lang='grc' dir='ltr'><strong><em>δοκούντων</em></strong></span> <span class='ocrx_word' id='word_1_78' title='bbox 773 1473 866 1546; x_wconf 68' lang='grc' dir='ltr'><em>οὗτοι</em></span> <span class='ocrx_word' id='word_1_79' title='bbox 891 1474 924 1538; x_wconf 78' lang='grc' dir='ltr'><strong>οὔ</strong></span> <span class='ocrx_word' id='word_1_80' title='bbox 947 1471 1061 1537; x_wconf 76' lang='grc' dir='ltr'><em>τοοντὸν</em></span> <span class='ocrx_word' id='word_1_81' title='bbox 1084 1470 1190 1537; x_wconf 72' lang='grc' dir='ltr'><strong>σθένει.</strong></span> 
     </span>
    </p>

    <p class='ocr_par' dir='ltr' id='par_1_4' title="bbox 243 1575 1435 3040">
     <span class='ocr_line' id='line_1_12' title="bbox 292 1575 1434 1661; baseline 0.001 -20"><span class='ocrx_word' id='word_1_82' title='bbox 292 1575 385 1641; x_wconf 82' lang='lat' dir='ltr'><strong>Aliud</strong></span> <span class='ocrx_word' id='word_1_83' title='bbox 412 1587 458 1642; x_wconf 84' lang='lat' dir='ltr'><strong>est</strong></span> <span class='ocrx_word' id='word_1_84' title='bbox 485 1577 734 1661; x_wconf 82' lang='lat' dir='ltr'><strong>grarnmaticnnr</strong></span> <span class='ocrx_word' id='word_1_85' title='bbox 760 1579 830 1643; x_wconf 91' lang='lat' dir='ltr'><strong>sine</strong></span> <span class='ocrx_word' id='word_1_86' title='bbox 857 1578 984 1644; x_wconf 83' lang='lat' dir='ltr'><strong>norrrine</strong></span> <span class='ocrx_word' id='word_1_87' title='bbox 1006 1578 1147 1643; x_wconf 88' lang='lat' dir='ltr'><strong>incertae</strong></span> <span class='ocrx_word' id='word_1_88' title='bbox 1168 1576 1282 1642; x_wconf 89' lang='lat' dir='ltr'><strong>aetatis</strong></span> <span class='ocrx_word' id='word_1_89' title='bbox 1306 1575 1434 1654; x_wconf 86' lang='lat' dir='ltr'><strong>audire,</strong></span> 
     </span>
     <span class='ocr_line' id='line_1_13' title="bbox 243 1681 1433 1768; baseline -0.001 -20"><span class='ocrx_word' id='word_1_90' title='bbox 243 1681 329 1748; x_wconf 82' lang='lat' dir='ltr'><strong>atiud</strong></span> <span class='ocrx_word' id='word_1_91' title='bbox 351 1684 521 1768; x_wconf 88' lang='lat' dir='ltr'><strong>antiquum</strong></span> <span class='ocrx_word' id='word_1_92' title='bbox 543 1692 574 1749; x_wconf 92' lang='lat' dir='ltr'><strong>et</strong></span> <span class='ocrx_word' id='word_1_93' title='bbox 596 1682 732 1749; x_wconf 86' lang='lat' dir='ltr'><strong>nohiiem</strong></span> <span class='ocrx_word' id='word_1_94' title='bbox 755 1682 911 1750; x_wconf 87' lang='lat' dir='ltr'><strong>Criticnm</strong></span> <span class='ocrx_word' id='word_1_95' title='bbox 931 1682 1046 1749; x_wconf 90' lang='lat' dir='ltr'><strong>harum</strong></span> <span class='ocrx_word' id='word_1_96' title='bbox 1069 1701 1177 1748; x_wconf 90' lang='lat' dir='ltr'><strong>rernm</strong></span> <span class='ocrx_word' id='word_1_97' title='bbox 1200 1682 1433 1768; x_wconf 87' lang='lat' dir='ltr'><strong>peritissimum</strong></span> 
     </span>
     <span class='ocr_line' id='line_1_14' title="bbox 243 1787 1434 1874; baseline -0.001 -20"><span class='ocrx_word' id='word_1_98' title='bbox 243 1797 274 1854; x_wconf 83' lang='lat' dir='ltr'><strong>ct</strong></span> <span class='ocrx_word' id='word_1_99' title='bbox 299 1788 331 1852; x_wconf 89' lang='lat' dir='ltr'><strong>in</strong></span> <span class='ocrx_word' id='word_1_100' title='bbox 358 1787 537 1853; x_wconf 77' lang='lat' dir='ltr'><strong>Aristarchi</strong></span> <span class='ocrx_word' id='word_1_101' title='bbox 567 1789 697 1874; x_wconf 87' lang='lat' dir='ltr'><strong>scriptis</strong></span> <span class='ocrx_word' id='word_1_102' title='bbox 727 1799 759 1856; x_wconf 91' lang='lat' dir='ltr'><strong>et</strong></span> <span class='ocrx_word' id='word_1_103' title='bbox 783 1789 1025 1856; x_wconf 85' lang='lat' dir='ltr'><strong>corrunentariis</strong></span> <span class='ocrx_word' id='word_1_104' title='bbox 1053 1787 1110 1854; x_wconf 91' lang='lat' dir='ltr'><strong>diu</strong></span> <span class='ocrx_word' id='word_1_105' title='bbox 1142 1797 1174 1855; x_wconf 91' lang='lat' dir='ltr'><strong>et</strong></span> <span class='ocrx_word' id='word_1_106' title='bbox 1199 1787 1336 1853; x_wconf 90' lang='lat' dir='ltr'><strong>muitum</strong></span> <span class='ocrx_word' id='word_1_107' title='bbox 1364 1808 1434 1853; x_wconf 85' lang='lat' dir='ltr'><strong>ver·</strong></span> 
     </span>
     <span class='ocr_line' id='line_1_15' title="bbox 244 1891 1434 1980; baseline 0.003 -23"><span class='ocrx_word' id='word_1_108' title='bbox 244 1902 349 1958; x_wconf 89' lang='lat' dir='ltr'><strong>satnrn</strong></span> <span class='ocrx_word' id='word_1_109' title='bbox 382 1901 495 1959; x_wconf 88' lang='lat' dir='ltr'><strong>testem</strong></span> <span class='ocrx_word' id='word_1_110' title='bbox 527 1892 651 1961; x_wconf 87' lang='lat' dir='ltr'><strong>habere.</strong></span> <span class='ocrx_word' id='word_1_111' title='bbox 699 1896 762 1961; x_wconf 76' lang='grc' dir='ltr'><strong>Τὸν</strong></span> <span class='ocrx_word' id='word_1_112' title='bbox 793 1897 823 1962; x_wconf 77' lang='grc' dir='ltr'><strong>δὲ</strong></span> <span class='ocrx_word' id='word_1_113' title='bbox 855 1896 984 1976; x_wconf 70' lang='grc' dir='ltr'><em>ὀβελόν,</em></span> <span class='ocrx_word' id='word_1_114' title='bbox 1021 1895 1141 1980; x_wconf 86' lang='lat' dir='ltr'><strong>inquit,</strong></span> <span class='ocrx_word' id='word_1_115' title='bbox 1171 1891 1288 1974; x_wconf 70' lang='grc' dir='ltr'><em>ἔλαβεν</em></span> <span class='ocrx_word' id='word_1_116' title='bbox 1318 1895 1352 1960; x_wconf 75' lang='grc' dir='ltr'><strong>ἐκ</strong></span> <span class='ocrx_word' id='word_1_117' title='bbox 1377 1900 1434 1969; x_wconf 75' lang='grc' dir='ltr'><strong>τῆς</strong></span> 
     </span>
     <span class='ocr_line' id='line_1_16' title="bbox 245 1996 1433 2083; baseline -0.001 -18"><span class='ocrx_word' id='word_1_118' title='bbox 245 1996 407 2075; x_wconf 73' lang='grc' dir='ltr'><em>Ζηνοδότον</em></span> <span class='ocrx_word' id='word_1_119' title='bbox 428 1997 619 2080; x_wconf 74' lang='grc' dir='ltr'><strong>διορθώσεως·</strong></span> <span class='ocrx_word' id='word_1_120' title='bbox 644 2001 798 2083; x_wconf 72' lang='grc' dir='ltr'><strong><em>παρετίθει</em></strong></span> <span class='ocrx_word' id='word_1_121' title='bbox 818 2002 850 2068; x_wconf 77' lang='grc' dir='ltr'><strong>δὲ</strong></span> <span class='ocrx_word' id='word_1_122' title='bbox 870 2001 963 2067; x_wconf 72' lang='grc' dir='ltr'><em>οὗτοι</em></span> <span class='ocrx_word' id='word_1_123' title='bbox 981 2008 1044 2072; x_wconf 78' lang='grc' dir='ltr'><em>τοῖς</em></span> <span class='ocrx_word' id='word_1_124' title='bbox 1065 1999 1359 2078; x_wconf 60' lang='lat' dir='ltr'><strong>concarnationis</strong></span> <span class='ocrx_word' id='word_1_125' title='bbox 1378 2006 1433 2074; x_wconf 76' lang='grc' dir='ltr'><strong>τῆς</strong></span> 
     </span>
     <span class='ocr_line' id='line_1_17' title="bbox 243 2103 1435 2191; baseline 0.001 -21"><span class='ocrx_word' id='word_1_126' title='bbox 243 2108 389 2180; x_wconf 65' lang='lat' dir='ltr'><strong>acciacae</strong></span> <span class='ocrx_word' id='word_1_127' title='bbox 424 2106 524 2184; x_wconf 78' lang='grc' dir='ltr'><strong>τίχοις</strong></span> <span class='ocrx_word' id='word_1_128' title='bbox 547 2108 586 2179; x_wconf 76' lang='grc' dir='ltr'><strong>ὠς</strong></span> <span class='ocrx_word' id='word_1_129' title='bbox 616 2115 680 2178; x_wconf 74' lang='grc' dir='ltr'><em>τοῖς</em></span> <span class='ocrx_word' id='word_1_130' title='bbox 704 2114 815 2187; x_wconf 74' lang='grc' dir='ltr'><em>νεκροῖς</em></span> <span class='ocrx_word' id='word_1_131' title='bbox 841 2113 899 2172; x_wconf 78' lang='grc' dir='ltr'><strong>τῶν</strong></span> <span class='ocrx_word' id='word_1_132' title='bbox 928 2107 1095 2187; x_wconf 67' lang='lat' dir='ltr'><strong>daiphron.</strong></span> <span class='ocrx_word' id='word_1_133' title='bbox 1144 2103 1232 2184; x_wconf 80' lang='lat' dir='ltr'><strong>Quae</strong></span> <span class='ocrx_word' id='word_1_134' title='bbox 1260 2106 1335 2191; x_wconf 86' lang='lat' dir='ltr'><strong>qnia</strong></span> <span class='ocrx_word' id='word_1_135' title='bbox 1368 2106 1435 2191; x_wconf 86' lang='lat' dir='ltr'><strong>ipse</strong></span> 
     </span>
     <span class='ocr_line' id='line_1_18' title="bbox 243 2208 1432 2297; baseline -0.001 -20"><span class='ocrx_word' id='word_1_136' title='bbox 243 2210 446 2277; x_wconf 78' lang='lat' dir='ltr'><strong>Aristonicus</strong></span> <span class='ocrx_word' id='word_1_137' title='bbox 470 2208 550 2277; x_wconf 90' lang='lat' dir='ltr'><strong>dicit</strong></span> <span class='ocrx_word' id='word_1_138' title='bbox 579 2219 700 2278; x_wconf 89' lang='lat' dir='ltr'><strong>certarn</strong></span> <span class='ocrx_word' id='word_1_139' title='bbox 726 2211 841 2279; x_wconf 90' lang='lat' dir='ltr'><strong>hahent</strong></span> <span class='ocrx_word' id='word_1_140' title='bbox 873 2220 906 2278; x_wconf 90' lang='lat' dir='ltr'><strong>et</strong></span> <span class='ocrx_word' id='word_1_141' title='bbox 936 2210 1133 2297; x_wconf 77' lang='lat' dir='ltr'><strong>exploratam</strong></span> <span class='ocrx_word' id='word_1_142' title='bbox 1160 2209 1266 2277; x_wconf 85' lang='lat' dir='ltr'><strong>iidem</strong></span> <span class='ocrx_word' id='word_1_143' title='bbox 1313 2208 1432 2277; x_wconf 81' lang='lat' dir='ltr'><strong>Eodem</strong></span> 
     </span>
     <span class='ocr_line' id='line_1_19' title="bbox 244 2313 1433 2402; baseline 0.001 -21"><span class='ocrx_word' id='word_1_144' title='bbox 244 2314 338 2381; x_wconf 90' lang='lat' dir='ltr'><strong>modo</strong></span> <span class='ocrx_word' id='word_1_145' title='bbox 361 2313 518 2402; x_wconf 90' lang='lat' dir='ltr'><strong>quidquid</strong></span> <span class='ocrx_word' id='word_1_146' title='bbox 543 2315 582 2382; x_wconf 93' lang='lat' dir='ltr'><strong>de</strong></span> <span class='ocrx_word' id='word_1_147' title='bbox 604 2317 771 2384; x_wconf 84' lang='lat' dir='ltr'><strong>Pisistrato</strong></span> <span class='ocrx_word' id='word_1_148' title='bbox 794 2326 826 2383; x_wconf 90' lang='lat' dir='ltr'><strong>et</strong></span> <span class='ocrx_word' id='word_1_149' title='bbox 850 2317 1009 2383; x_wconf 82' lang='lat' dir='ltr'><strong>Pisistrati</strong></span> <span class='ocrx_word' id='word_1_150' title='bbox 1030 2313 1191 2382; x_wconf 90' lang='lat' dir='ltr'><strong>sodaiibus</strong></span> <span class='ocrx_word' id='word_1_151' title='bbox 1212 2317 1344 2402; x_wconf 87' lang='lat' dir='ltr'><strong>antiqua</strong></span> <span class='ocrx_word' id='word_1_152' title='bbox 1363 2336 1433 2384; x_wconf 89' lang='lat' dir='ltr'><strong>car·</strong></span> 
     </span>
     <span class='ocr_line' id='line_1_20' title="bbox 246 2420 1434 2510; baseline 0.003 -25"><span class='ocrx_word' id='word_1_153' title='bbox 246 2422 333 2485; x_wconf 88' lang='lat' dir='ltr'><strong>rnina</strong></span> <span class='ocrx_word' id='word_1_154' title='bbox 357 2420 625 2508; x_wconf 84' lang='lat' dir='ltr'><strong>interpolantibus</strong></span> <span class='ocrx_word' id='word_1_155' title='bbox 646 2421 729 2507; x_wconf 91' lang='lat' dir='ltr'><strong>apud</strong></span> <span class='ocrx_word' id='word_1_156' title='bbox 751 2425 916 2510; x_wconf 80' lang='lat' dir='ltr'><strong>aequiores</strong></span> <span class='ocrx_word' id='word_1_157' title='bbox 936 2428 1089 2488; x_wconf 90' lang='lat' dir='ltr'><strong>narratur</strong></span> <span class='ocrx_word' id='word_1_158' title='bbox 1114 2423 1222 2489; x_wconf 91' lang='lat' dir='ltr'><strong>minus</strong></span> <span class='ocrx_word' id='word_1_159' title='bbox 1243 2421 1338 2489; x_wconf 91' lang='lat' dir='ltr'><strong>hahet</strong></span> <span class='ocrx_word' id='word_1_160' title='bbox 1359 2443 1434 2510; x_wconf 89' lang='lat' dir='ltr'><strong>pon·</strong></span> 
     </span>
     <span class='ocr_line' id='line_1_21' title="bbox 244 2525 1435 2613; baseline 0.003 -21"><span class='ocrx_word' id='word_1_161' title='bbox 244 2525 331 2592; x_wconf 88' lang='lat' dir='ltr'><strong>deris</strong></span> <span class='ocrx_word' id='word_1_162' title='bbox 356 2546 453 2612; x_wconf 86' lang='lat' dir='ltr'><strong>quam</strong></span> <span class='ocrx_word' id='word_1_163' title='bbox 485 2528 587 2613; x_wconf 90' lang='lat' dir='ltr'><strong>ipsius</strong></span> <span class='ocrx_word' id='word_1_164' title='bbox 618 2529 791 2594; x_wconf 87' lang='lat' dir='ltr'><strong>Aristonici</strong></span> <span class='ocrx_word' id='word_1_165' title='bbox 823 2528 863 2596; x_wconf 91' lang='lat' dir='ltr'><strong>de</strong></span> <span class='ocrx_word' id='word_1_166' title='bbox 888 2527 1075 2594; x_wconf 87' lang='lat' dir='ltr'><strong>Aristarcho</strong></span> <span class='ocrx_word' id='word_1_167' title='bbox 1104 2527 1261 2596; x_wconf 87' lang='lat' dir='ltr'><strong>disertum</strong></span> <span class='ocrx_word' id='word_1_168' title='bbox 1293 2530 1435 2596; x_wconf 87' lang='lat' dir='ltr'><strong>testimo·</strong></span> 
     </span>
     <span class='ocr_line' id='line_1_22' title="bbox 246 2632 1435 2721; baseline 0.003 -24"><span class='ocrx_word' id='word_1_169' title='bbox 246 2633 354 2698; x_wconf 83' lang='lat' dir='ltr'><strong>nium:</strong></span> <span class='ocrx_word' id='word_1_170' title='bbox 390 2634 417 2698; x_wconf 83' lang='lat' dir='ltr'><strong>d&#39;</strong></span> <span class='ocrx_word' id='word_1_171' title='bbox 437 2632 469 2698; x_wconf 74' lang='grc' dir='ltr'><strong>δὲ</strong></span> <span class='ocrx_word' id='word_1_172' title='bbox 497 2633 708 2721; x_wconf 73' lang='grc' dir='ltr'><strong>(Ἀρίτοορχος)</strong></span> <span class='ocrx_word' id='word_1_173' title='bbox 741 2636 845 2703; x_wconf 70' lang='lat' dir='ltr'><strong>atrior</strong></span> <span class='ocrx_word' id='word_1_174' title='bbox 873 2635 1011 2716; x_wconf 72' lang='grc' dir='ltr'><strong>ἐπιφέρει</strong></span> <span class='ocrx_word' id='word_1_175' title='bbox 1040 2637 1079 2708; x_wconf 74' lang='grc' dir='ltr'><strong>ὥς</strong></span> <span class='ocrx_word' id='word_1_176' title='bbox 1103 2641 1162 2701; x_wconf 80' lang='grc' dir='ltr'><strong>τῶν</strong></span> <span class='ocrx_word' id='word_1_177' title='bbox 1192 2636 1373 2715; x_wconf 69' lang='grc' dir='ltr'><strong>ποιημάτιον</strong></span> <span class='ocrx_word' id='word_1_178' title='bbox 1396 2638 1412 2702; x_wconf 77' lang='lat' dir='ltr'><strong>d</strong></span> <span class='ocrx_word' id='word_1_179' title='bbox 1420 2660 1435 2701; x_wconf 97' lang='grc' dir='ltr'><em>ν</em></span> 
     </span>
     <span class='ocr_line' id='line_1_23' title="bbox 243 2735 1435 2828; baseline 0.003 -23"><span class='ocrx_word' id='word_1_180' title='bbox 243 2747 290 2822; x_wconf 67' lang='grc' dir='ltr'><strong>τῇ</strong></span> <span class='ocrx_word' id='word_1_181' title='bbox 313 2735 429 2815; x_wconf 68' lang='grc' dir='ltr'><strong><em>τάξει</em></strong></span> <span class='ocrx_word' id='word_1_182' title='bbox 453 2738 714 2823; x_wconf 71' lang='grc' dir='ltr'><em>διημαρτημένον.</em></span> <span class='ocrx_word' id='word_1_183' title='bbox 747 2740 813 2806; x_wconf 81' lang='lat' dir='ltr'><strong>lana</strong></span> <span class='ocrx_word' id='word_1_184' title='bbox 836 2761 873 2807; x_wconf 84' lang='lat' dir='ltr'><strong>ex</strong></span> <span class='ocrx_word' id='word_1_185' title='bbox 893 2740 1066 2806; x_wconf 86' lang='lat' dir='ltr'><strong>Aristonici</strong></span> <span class='ocrx_word' id='word_1_186' title='bbox 1087 2741 1284 2827; x_wconf 75' lang='lat' dir='ltr'><strong>praefatione</strong></span> <span class='ocrx_word' id='word_1_187' title='bbox 1303 2760 1435 2828; x_wconf 75' lang='lat' dir='ltr'><strong>gravem</strong></span> 
     </span>
     <span class='ocr_line' id='line_1_24' title="bbox 244 2845 1435 2934; baseline 0.003 -23"><span class='ocrx_word' id='word_1_188' title='bbox 244 2863 386 2911; x_wconf 85' lang='lat' dir='ltr'><strong>errorem</strong></span> <span class='ocrx_word' id='word_1_189' title='bbox 412 2845 604 2911; x_wconf 84' lang='lat' dir='ltr'><strong>eximamus.</strong></span> <span class='ocrx_word' id='word_1_190' title='bbox 654 2846 799 2912; x_wconf 87' lang='lat' dir='ltr'><strong>Primum</strong></span> <span class='ocrx_word' id='word_1_191' title='bbox 826 2867 895 2913; x_wconf 86' lang='lat' dir='ltr'><strong>rem</strong></span> <span class='ocrx_word' id='word_1_192' title='bbox 916 2846 1038 2931; x_wconf 84' lang='lat' dir='ltr'><strong>ipsam,</strong></span> <span class='ocrx_word' id='word_1_193' title='bbox 1063 2865 1127 2932; x_wconf 87' lang='lat' dir='ltr'><strong>qua</strong></span> <span class='ocrx_word' id='word_1_194' title='bbox 1151 2845 1190 2913; x_wconf 93' lang='lat' dir='ltr'><strong>de</strong></span> <span class='ocrx_word' id='word_1_195' title='bbox 1210 2848 1335 2933; x_wconf 79' lang='lat' dir='ltr'><strong>agitur,</strong></span> <span class='ocrx_word' id='word_1_196' title='bbox 1360 2866 1435 2934; x_wconf 90' lang='lat' dir='ltr'><strong>pau·</strong></span> 
     </span>
     <span class='ocr_line' id='line_1_25' title="bbox 245 2950 1358 3040; baseline 0.004 -25"><span class='ocrx_word' id='word_1_197' title='bbox 245 2952 292 3016; x_wconf 91' lang='lat' dir='ltr'><strong>cis</strong></span> <span class='ocrx_word' id='word_1_198' title='bbox 316 2969 502 3040; x_wconf 90' lang='lat' dir='ltr'><strong>proponam.</strong></span> <span class='ocrx_word' id='word_1_199' title='bbox 550 2950 683 3037; x_wconf 79' lang='lat' dir='ltr'><strong>Legitur</strong></span> <span class='ocrx_word' id='word_1_200' title='bbox 708 2954 740 3018; x_wconf 94' lang='lat' dir='ltr'><strong>in</strong></span> <span class='ocrx_word' id='word_1_201' title='bbox 766 2951 865 3018; x_wconf 79' lang='lat' dir='ltr'><strong>iliade</strong></span> <span class='ocrx_word' id='word_1_202' title='bbox 889 2951 937 3016; x_wconf 85' lang='lat' dir='ltr'><strong>his</strong></span> <span class='ocrx_word' id='word_1_203' title='bbox 962 2970 1072 3017; x_wconf 87' lang='lat' dir='ltr'><strong>versus</strong></span> <span class='ocrx_word' id='word_1_204' title='bbox 1097 2951 1191 3018; x_wconf 88' lang='lat' dir='ltr'><strong>idem.</strong></span> <span class='ocrx_word' id='word_1_205' title='bbox 1214 2963 1255 3019; x_wconf 84' lang='lat' dir='ltr'><strong>A.</strong></span> <span class='ocrx_word' id='word_1_206' title='bbox 1285 2957 1358 3021; x_wconf 82' lang='lat'>177.</span> 
     </span>
    </p>

    <p class='ocr_par' dir='ltr' id='par_1_5' title="bbox 382 3055 1124 3141">
     <span class='ocr_line' id='line_1_26' title="bbox 382 3055 1124 3141; baseline 0.004 -20"><span class='ocrx_word' id='word_1_207' title='bbox 382 3055 503 3139; x_wconf 70' lang='grc' dir='ltr'><strong>ἔχοιςοι</strong></span> <span class='ocrx_word' id='word_1_208' title='bbox 526 3056 559 3123; x_wconf 73' lang='grc' dir='ltr'><strong>δέ</strong></span> <span class='ocrx_word' id='word_1_209' title='bbox 581 3058 636 3137; x_wconf 75' lang='grc' dir='ltr'><strong>μοί</strong></span> <span class='ocrx_word' id='word_1_210' title='bbox 658 3059 723 3123; x_wconf 74' lang='grc' dir='ltr'><strong>ἔστι</strong></span> <span class='ocrx_word' id='word_1_211' title='bbox 745 3058 924 3141; x_wconf 71' lang='grc' dir='ltr'><strong>διοτρεφέων</strong></span> <span class='ocrx_word' id='word_1_212' title='bbox 944 3057 1124 3137; x_wconf 67' lang='grc' dir='ltr'><strong>βασιλήιον,</strong></span> 
     </span>
    </p>

    <p class='ocr_par' dir='ltr' id='par_1_6' title="bbox 247 3162 1255 3337">
     <span class='ocr_line' id='line_1_27' title="bbox 383 3162 1255 3247; baseline 0.001 -19"><span class='ocrx_word' id='word_1_213' title='bbox 383 3164 444 3229; x_wconf 75' lang='lat' dir='ltr'><strong>aiei</strong></span> <span class='ocrx_word' id='word_1_214' title='bbox 467 3163 530 3246; x_wconf 73' lang='grc' dir='ltr'><strong>γάρ</strong></span> <span class='ocrx_word' id='word_1_215' title='bbox 550 3188 595 3230; x_wconf 89' lang='grc' dir='ltr'><strong>τοι</strong></span> <span class='ocrx_word' id='word_1_216' title='bbox 620 3163 678 3246; x_wconf 73' lang='grc' dir='ltr'><strong>ἔρις</strong></span> <span class='ocrx_word' id='word_1_217' title='bbox 700 3188 736 3230; x_wconf 81' lang='grc' dir='ltr'><strong>τε</strong></span> <span class='ocrx_word' id='word_1_218' title='bbox 759 3165 838 3247; x_wconf 71' lang='grc' dir='ltr'><strong>φίλη</strong></span> <span class='ocrx_word' id='word_1_219' title='bbox 863 3162 996 3242; x_wconf 69' lang='grc' dir='ltr'><em>τδλεμοί</em></span> <span class='ocrx_word' id='word_1_220' title='bbox 1018 3189 1055 3229; x_wconf 84' lang='grc' dir='ltr'><strong>τε</strong></span> <span class='ocrx_word' id='word_1_221' title='bbox 1078 3163 1187 3245; x_wconf 75' lang='grc' dir='ltr'><strong>μοὶχοοι</strong></span> <span class='ocrx_word' id='word_1_222' title='bbox 1210 3188 1255 3231; x_wconf 82' lang='grc' dir='ltr'><strong>τε.</strong></span> 
     </span>
     <span class='ocr_line' id='line_1_28' title="bbox 247 3273 441 3337; baseline 0 -2"><span class='ocrx_word' id='word_1_223' title='bbox 247 3278 279 3335; x_wconf 88' lang='lat' dir='ltr'><strong>et</strong></span> <span class='ocrx_word' id='word_1_224' title='bbox 303 3278 340 3335; x_wconf 83' lang='lat' dir='ltr'><strong>E.</strong></span> <span class='ocrx_word' id='word_1_225' title='bbox 365 3273 441 3337; x_wconf 79' lang='lat'><strong>891.</strong></span> 
     </span>
    </p>

    <p class='ocr_par' dir='ltr' id='par_1_7' title="bbox 381 3369 1229 3459">
     <span class='ocr_line' id='line_1_29' title="bbox 381 3369 1229 3459; baseline -0.001 -17"><span class='ocrx_word' id='word_1_226' title='bbox 381 3375 501 3457; x_wconf 76' lang='grc' dir='ltr'><strong>ἔχθιςος</strong></span> <span class='ocrx_word' id='word_1_227' title='bbox 526 3375 559 3441; x_wconf 75' lang='grc' dir='ltr'><strong>δέ</strong></span> <span class='ocrx_word' id='word_1_228' title='bbox 587 3376 641 3455; x_wconf 65' lang='grc' dir='ltr'><strong>μοι</strong></span> <span class='ocrx_word' id='word_1_229' title='bbox 664 3376 728 3442; x_wconf 80' lang='grc' dir='ltr'><strong>ἐστι</strong></span> <span class='ocrx_word' id='word_1_230' title='bbox 754 3377 824 3442; x_wconf 74' lang='grc' dir='ltr'><strong>θεῶν</strong></span> <span class='ocrx_word' id='word_1_231' title='bbox 848 3369 874 3442; x_wconf 76' lang='grc' dir='ltr'><strong>οἳ</strong></span> <span class='ocrx_word' id='word_1_232' title='bbox 895 3375 1063 3454; x_wconf 74' lang='grc' dir='ltr'><em>Ὄλυμπον</em></span> <span class='ocrx_word' id='word_1_233' title='bbox 1088 3373 1229 3459; x_wconf 75' lang='grc' dir='ltr'><strong>ἔχουσιν·</strong></span> 
     </span>
    </p>

    <p class='ocr_par' dir='ltr' id='par_1_8' title="bbox 381 3480 1252 3565">
     <span class='ocr_line' id='line_1_30' title="bbox 381 3480 1252 3565; baseline 0 -18"><span class='ocrx_word' id='word_1_234' title='bbox 381 3482 442 3549; x_wconf 75' lang='lat' dir='ltr'><strong>aiei</strong></span> <span class='ocrx_word' id='word_1_235' title='bbox 466 3480 529 3563; x_wconf 69' lang='grc' dir='ltr'><strong>γάρ</strong></span> <span class='ocrx_word' id='word_1_236' title='bbox 551 3505 597 3547; x_wconf 90' lang='grc' dir='ltr'><strong>τοι</strong></span> <span class='ocrx_word' id='word_1_237' title='bbox 621 3480 678 3563; x_wconf 78' lang='grc' dir='ltr'><strong>ἔρις</strong></span> <span class='ocrx_word' id='word_1_238' title='bbox 702 3506 738 3548; x_wconf 84' lang='grc' dir='ltr'><strong>τε</strong></span> <span class='ocrx_word' id='word_1_239' title='bbox 756 3483 836 3565; x_wconf 67' lang='lat' dir='ltr'><strong>&lt;eihs</strong></span> <span class='ocrx_word' id='word_1_240' title='bbox 862 3482 994 3561; x_wconf 70' lang='grc' dir='ltr'><strong>πόλεμοί</strong></span> <span class='ocrx_word' id='word_1_241' title='bbox 1016 3507 1052 3548; x_wconf 84' lang='grc' dir='ltr'><strong>τε</strong></span> <span class='ocrx_word' id='word_1_242' title='bbox 1074 3481 1183 3562; x_wconf 75' lang='grc' dir='ltr'><em>μάχοιο</em></span> <span class='ocrx_word' id='word_1_243' title='bbox 1206 3506 1252 3548; x_wconf 85' lang='grc' dir='ltr'><strong>τε.</strong></span> 
     </span>
    </p>

    <p class='ocr_par' dir='ltr' id='par_1_9' title="bbox 244 3585 1435 4529">
     <span class='ocr_line' id='line_1_31' title="bbox 292 3585 1435 3675; baseline 0.002 -22"><span class='ocrx_word' id='word_1_244' title='bbox 292 3587 375 3654; x_wconf 88' lang='lat' dir='ltr'><strong>Haec</strong></span> <span class='ocrx_word' id='word_1_245' title='bbox 399 3587 439 3652; x_wconf 89' lang='lat' dir='ltr'><strong>ah</strong></span> <span class='ocrx_word' id='word_1_246' title='bbox 463 3587 536 3653; x_wconf 88' lang='lat' dir='ltr'><strong>iore</strong></span> <span class='ocrx_word' id='word_1_247' title='bbox 561 3588 644 3653; x_wconf 89' lang='lat' dir='ltr'><strong>irato</strong></span> <span class='ocrx_word' id='word_1_248' title='bbox 667 3586 707 3653; x_wconf 90' lang='lat' dir='ltr'><strong>ad</strong></span> <span class='ocrx_word' id='word_1_249' title='bbox 736 3588 870 3654; x_wconf 88' lang='lat' dir='ltr'><strong>hiartem</strong></span> <span class='ocrx_word' id='word_1_250' title='bbox 895 3586 1064 3663; x_wconf 88' lang='lat' dir='ltr'><strong>dicuntur,</strong></span> <span class='ocrx_word' id='word_1_251' title='bbox 1100 3587 1152 3653; x_wconf 86' lang='lat' dir='ltr'><strong>iiia</strong></span> <span class='ocrx_word' id='word_1_252' title='bbox 1176 3585 1216 3653; x_wconf 91' lang='lat' dir='ltr'><strong>ab</strong></span> <span class='ocrx_word' id='word_1_253' title='bbox 1247 3587 1331 3653; x_wconf 89' lang='lat' dir='ltr'><strong>irato</strong></span> <span class='ocrx_word' id='word_1_254' title='bbox 1355 3589 1435 3675; x_wconf 79' lang='lat' dir='ltr'><strong>Aga·</strong></span> 
     </span>
     <span class='ocr_line' id='line_1_32' title="bbox 246 3690 1435 3762; baseline 0.003 -3"><span class='ocrx_word' id='word_1_255' title='bbox 246 3712 416 3759; x_wconf 90' lang='lat' dir='ltr'><strong>memnone</strong></span> <span class='ocrx_word' id='word_1_256' title='bbox 440 3690 479 3757; x_wconf 90' lang='lat' dir='ltr'><strong>ad</strong></span> <span class='ocrx_word' id='word_1_257' title='bbox 513 3691 679 3759; x_wconf 80' lang='lat' dir='ltr'><strong>Actttten.</strong></span> <span class='ocrx_word' id='word_1_258' title='bbox 727 3693 905 3761; x_wconf 85' lang='lat' dir='ltr'><strong>Aristarchi</strong></span> <span class='ocrx_word' id='word_1_259' title='bbox 930 3701 1000 3759; x_wconf 90' lang='lat' dir='ltr'><strong>crat</strong></span> <span class='ocrx_word' id='word_1_260' title='bbox 1031 3693 1190 3761; x_wconf 86' lang='lat' dir='ltr'><strong>sententia</strong></span> <span class='ocrx_word' id='word_1_261' title='bbox 1221 3713 1258 3760; x_wconf 90' lang='lat' dir='ltr'><strong>ea</strong></span> <span class='ocrx_word' id='word_1_262' title='bbox 1289 3694 1320 3759; x_wconf 89' lang='lat' dir='ltr'><strong>in</strong></span> <span class='ocrx_word' id='word_1_263' title='bbox 1351 3694 1435 3762; x_wconf 86' lang='lat' dir='ltr'><strong>loris</strong></span> 
     </span>
     <span class='ocr_line' id='line_1_33' title="bbox 247 3798 1434 3886; baseline 0.003 -21"><span class='ocrx_word' id='word_1_264' title='bbox 247 3799 285 3865; x_wconf 90' lang='lat' dir='ltr'><strong>ad</strong></span> <span class='ocrx_word' id='word_1_265' title='bbox 310 3799 444 3865; x_wconf 82' lang='lat' dir='ltr'><strong>Martem</strong></span> <span class='ocrx_word' id='word_1_266' title='bbox 471 3800 615 3864; x_wconf 89' lang='lat' dir='ltr'><strong>oratione</strong></span> <span class='ocrx_word' id='word_1_267' title='bbox 640 3807 728 3866; x_wconf 88' lang='lat' dir='ltr'><strong>recte</strong></span> <span class='ocrx_word' id='word_1_268' title='bbox 759 3799 823 3865; x_wconf 90' lang='lat' dir='ltr'><strong>dici</strong></span> <span class='ocrx_word' id='word_1_269' title='bbox 847 3809 879 3866; x_wconf 92' lang='lat' dir='ltr'><strong>et</strong></span> <span class='ocrx_word' id='word_1_270' title='bbox 903 3819 962 3865; x_wconf 87' lang='lat' dir='ltr'><strong>suo</strong></span> <span class='ocrx_word' id='word_1_271' title='bbox 985 3798 1053 3865; x_wconf 89' lang='lat' dir='ltr'><strong>ioco</strong></span> <span class='ocrx_word' id='word_1_272' title='bbox 1081 3819 1151 3865; x_wconf 88' lang='lat' dir='ltr'><strong>esse</strong></span> <span class='ocrx_word' id='word_1_273' title='bbox 1175 3799 1297 3886; x_wconf 86' lang='lat' dir='ltr'><strong>posita,</strong></span> <span class='ocrx_word' id='word_1_274' title='bbox 1322 3809 1434 3868; x_wconf 91' lang='lat' dir='ltr'><strong>contra</strong></span> 
     </span>
     <span class='ocr_line' id='line_1_34' title="bbox 247 3904 1433 3991; baseline 0.003 -22"><span class='ocrx_word' id='word_1_275' title='bbox 247 3906 281 3970; x_wconf 91' lang='lat' dir='ltr'><strong>iu</strong></span> <span class='ocrx_word' id='word_1_276' title='bbox 313 3906 456 3970; x_wconf 89' lang='lat' dir='ltr'><strong>oratione</strong></span> <span class='ocrx_word' id='word_1_277' title='bbox 488 3905 739 3990; x_wconf 81' lang='lat' dir='ltr'><strong>Agamemnonis</strong></span> <span class='ocrx_word' id='word_1_278' title='bbox 770 3905 809 3972; x_wconf 90' lang='lat' dir='ltr'><strong>ad</strong></span> <span class='ocrx_word' id='word_1_279' title='bbox 839 3904 993 3972; x_wconf 86' lang='lat' dir='ltr'><strong>Achiiiem</strong></span> <span class='ocrx_word' id='word_1_280' title='bbox 1028 3906 1204 3991; x_wconf 77' lang='lat' dir='ltr'><strong>incongrua</strong></span> <span class='ocrx_word' id='word_1_281' title='bbox 1232 3926 1303 3974; x_wconf 87' lang='lat' dir='ltr'><strong>esse</strong></span> <span class='ocrx_word' id='word_1_282' title='bbox 1332 3915 1364 3973; x_wconf 90' lang='lat' dir='ltr'><strong>et</strong></span> <span class='ocrx_word' id='word_1_283' title='bbox 1395 3927 1433 3974; x_wconf 84' lang='lat' dir='ltr'><strong>ex</strong></span> 
     </span>
     <span class='ocr_line' id='line_1_35' title="bbox 249 4009 1433 4100; baseline 0.003 -26"><span class='ocrx_word' id='word_1_284' title='bbox 249 4009 372 4075; x_wconf 88' lang='lat' dir='ltr'><strong>iihror</strong></span> <span class='ocrx_word' id='word_1_285' title='bbox 404 4012 438 4075; x_wconf 93' lang='lat' dir='ltr'><strong>iu</strong></span> <span class='ocrx_word' id='word_1_286' title='bbox 463 4020 476 4075; x_wconf 91' lang='lat'><em>1</em></span> <span class='ocrx_word' id='word_1_287' title='bbox 500 4010 696 4077; x_wconf 81' lang='lat' dir='ltr'><strong>versiculum</strong></span> <span class='ocrx_word' id='word_1_288' title='bbox 724 4012 806 4080; x_wconf 87' lang='lat' dir='ltr'><strong>maie</strong></span> <span class='ocrx_word' id='word_1_289' title='bbox 838 4021 870 4079; x_wconf 89' lang='lat' dir='ltr'><strong>et</strong></span> <span class='ocrx_word' id='word_1_290' title='bbox 894 4019 1098 4100; x_wconf 85' lang='lat' dir='ltr'><strong>praepostere</strong></span> <span class='ocrx_word' id='word_1_291' title='bbox 1127 4031 1198 4078; x_wconf 88' lang='lat' dir='ltr'><strong>esse</strong></span> <span class='ocrx_word' id='word_1_292' title='bbox 1230 4013 1433 4080; x_wconf 83' lang='lat' dir='ltr'><strong>translatum.</strong></span> 
     </span>
     <span class='ocr_line' id='line_1_36' title="bbox 246 4114 1433 4204; baseline 0.005 -24"><span class='ocrx_word' id='word_1_293' title='bbox 246 4114 357 4201; x_wconf 88' lang='lat' dir='ltr'><strong>ltaque</strong></span> <span class='ocrx_word' id='word_1_294' title='bbox 376 4114 415 4181; x_wconf 92' lang='lat' dir='ltr'><strong>ad</strong></span> <span class='ocrx_word' id='word_1_295' title='bbox 440 4126 477 4181; x_wconf 87' lang='lat' dir='ltr'><strong>A.</strong></span> <span class='ocrx_word' id='word_1_296' title='bbox 499 4121 559 4183; x_wconf 84' lang='lat'><strong>177</strong></span> <span class='ocrx_word' id='word_1_297' title='bbox 579 4119 684 4204; x_wconf 88' lang='lat' dir='ltr'><strong>posuit</strong></span> <span class='ocrx_word' id='word_1_298' title='bbox 705 4118 815 4198; x_wconf 69' lang='lat' dir='ltr'><strong>Adesto</strong></span> <span class='ocrx_word' id='word_1_299' title='bbox 833 4122 906 4198; x_wconf 83' lang='grc' dir='ltr'><em>μετ’</em></span> <span class='ocrx_word' id='word_1_300' title='bbox 922 4119 1082 4200; x_wconf 70' lang='lat' dir='ltr'><strong>despicere</strong></span> <span class='ocrx_word' id='word_1_301' title='bbox 1098 4118 1285 4204; x_wconf 75' lang='lat' dir='ltr'><strong>significans</strong></span> <span class='ocrx_word' id='word_1_302' title='bbox 1305 4138 1433 4187; x_wconf 88' lang='lat' dir='ltr'><strong>rersmn</strong></span> 
     </span>
     <span class='ocr_line' id='line_1_37' title="bbox 244 4221 1434 4313; baseline 0.002 -25"><span class='ocrx_word' id='word_1_303' title='bbox 244 4242 315 4288; x_wconf 91' lang='lat' dir='ltr'><strong>esse</strong></span> <span class='ocrx_word' id='word_1_304' title='bbox 340 4221 486 4300; x_wconf 88' lang='lat' dir='ltr'><strong>Homeri,</strong></span> <span class='ocrx_word' id='word_1_305' title='bbox 511 4222 566 4288; x_wconf 90' lang='lat' dir='ltr'><strong>sed</strong></span> <span class='ocrx_word' id='word_1_306' title='bbox 590 4221 694 4291; x_wconf 84' lang='lat' dir='ltr'><strong>alieno</strong></span> <span class='ocrx_word' id='word_1_307' title='bbox 719 4225 787 4292; x_wconf 88' lang='lat' dir='ltr'><strong>ioco</strong></span> <span class='ocrx_word' id='word_1_308' title='bbox 810 4226 948 4313; x_wconf 84' lang='lat' dir='ltr'><strong>positum</strong></span> <span class='ocrx_word' id='word_1_309' title='bbox 974 4234 1006 4292; x_wconf 92' lang='lat' dir='ltr'><strong>et</strong></span> <span class='ocrx_word' id='word_1_310' title='bbox 1029 4224 1298 4312; x_wconf 72' lang='lat' dir='ltr'><strong>expungendum,</strong></span> <span class='ocrx_word' id='word_1_311' title='bbox 1321 4234 1434 4292; x_wconf 91' lang='lat' dir='ltr'><strong>contra</strong></span> 
     </span>
     <span class='ocr_line' id='line_1_38' title="bbox 244 4326 1433 4414; baseline 0.002 -20"><span class='ocrx_word' id='word_1_312' title='bbox 244 4326 284 4394; x_wconf 94' lang='lat' dir='ltr'><strong>ad</strong></span> <span class='ocrx_word' id='word_1_313' title='bbox 308 4337 346 4394; x_wconf 86' lang='lat' dir='ltr'><strong>E.</strong></span> <span class='ocrx_word' id='word_1_314' title='bbox 371 4331 433 4394; x_wconf 81' lang='lat'><strong>891</strong></span> <span class='ocrx_word' id='word_1_315' title='bbox 469 4330 627 4411; x_wconf 74' lang='grc' dir='ltr'><em>οὶςεριοκον</em></span> <span class='ocrx_word' id='word_1_316' title='bbox 655 4331 808 4414; x_wconf 69' lang='lat' dir='ltr'><strong>rapidam</strong></span> <span class='ocrx_word' id='word_1_317' title='bbox 832 4330 987 4397; x_wconf 89' lang='lat' dir='ltr'><strong>denotans</strong></span> <span class='ocrx_word' id='word_1_318' title='bbox 1020 4351 1149 4398; x_wconf 87' lang='lat' dir='ltr'><strong>versum</strong></span> <span class='ocrx_word' id='word_1_319' title='bbox 1175 4330 1261 4397; x_wconf 92' lang='lat' dir='ltr'><strong>hunc</strong></span> <span class='ocrx_word' id='word_1_320' title='bbox 1286 4342 1374 4399; x_wconf 89' lang='lat' dir='ltr'><strong>recte</strong></span> <span class='ocrx_word' id='word_1_321' title='bbox 1402 4339 1433 4397; x_wconf 92' lang='lat' dir='ltr'><strong>et</strong></span> 
     </span>
     <span class='ocr_line' id='line_1_39' title="bbox 245 4432 1433 4529; baseline 0.004 -31"><span class='ocrx_word' id='word_1_322' title='bbox 245 4432 357 4529; x_wconf 88' lang='lat' dir='ltr'><strong>ordine</strong></span> <span class='ocrx_word' id='word_1_323' title='bbox 379 4452 465 4501; x_wconf 89' lang='lat' dir='ltr'><strong>nunc</strong></span> <span class='ocrx_word' id='word_1_324' title='bbox 482 4433 543 4521; x_wconf 78' lang='lat' dir='ltr'><strong>tegi</strong></span> <span class='ocrx_word' id='word_1_325' title='bbox 561 4435 616 4502; x_wconf 88' lang='lat' dir='ltr'><strong>sed</strong></span> <span class='ocrx_word' id='word_1_326' title='bbox 638 4435 714 4504; x_wconf 89' lang='lat' dir='ltr'><strong>hinc</strong></span> <span class='ocrx_word' id='word_1_327' title='bbox 738 4457 906 4524; x_wconf 90' lang='lat' dir='ltr'><strong>perperam</strong></span> <span class='ocrx_word' id='word_1_328' title='bbox 925 4438 956 4502; x_wconf 92' lang='lat' dir='ltr'><strong>in</strong></span> <span class='ocrx_word' id='word_1_329' title='bbox 979 4435 1115 4505; x_wconf 89' lang='lat' dir='ltr'><strong>alienam</strong></span> <span class='ocrx_word' id='word_1_330' title='bbox 1138 4437 1244 4505; x_wconf 88' lang='lat' dir='ltr'><strong>sedam</strong></span> <span class='ocrx_word' id='word_1_331' title='bbox 1266 4439 1433 4525; x_wconf 80' lang='lat' dir='ltr'><strong>migrasse.</strong></span> 
     </span>
    </p>
   </div>
   <div class='ocr_carea' id='block_1_3' title="bbox 0 0 1634 5034">
    <p class='ocr_par' dir='ltr' id='par_1_10' title="bbox 0 0 1634 5034">
     <span class='ocr_line' id='line_1_40' title="bbox 0 0 1634 5034; baseline 0 0"><span class='ocrx_word' id='word_1_332' title='bbox 0 0 1634 5034; x_wconf 95' lang='lat' dir='ltr'><strong> </strong></span> 
     </span>
    </p>
   </div>
  </div>
 </body>
</html>
