3200 5066
337 358 380 423 90
798 370 1010 422 emeramus.

355 541 437 608 Ibid.
460 536 540 611 ὅπως
564 539 724 619 ίαυμαοίῇ
746 539 803 616 μὲν
825 539 888 603 ciat
912 546 968 612 τῆς
991 541 1215 620 ίπποτροφίας,
1237 539 1288 604 διὰ
1312 538 1347 603 οὲ
1368 538 1489 605 πολυτί

311 663 398 712 λοιαν
424 646 477 711 καί
502 644 643 725 ὦφιλοίῇ
666 665 695 706 τι
717 644 753 706 ἒιι
775 649 831 715 τῆς
854 644 967 722 ἀρχῆς.
1003 642 1063 708 Vel
1083 643 1240 731 dignitate
1261 642 1318 711 rel
1335 643 1430 710 lucro
1445 644 1491 709 vel

310 756 446 835 utroque
466 750 611 814 homiues
633 747 672 812 ad
695 747 827 812 honoros
848 746 998 831 petendos
1019 747 1240 832 impelluntur.
1274 748 1311 813 ln
1331 747 1491 814 Alcibiade

312 861 481 941 utramque
507 851 719 938 cupiditatem
742 870 809 916 esso
831 852 936 916 innuit
942 871 952 928 ;
980 851 1036 917 sed
1057 854 1195 936 priorem
1217 858 1330 937 utpote
1354 872 1425 917 rem
1444 872 1491 916 no

312 962 473 1025 tissimam
499 959 576 1022 satis
598 959 666 1022 erat
685 954 842 1032 indicare,
874 952 1009 1021 alteram
1030 960 1195 1041 tamquam
1216 959 1329 1030 minus
1352 955 1492 1021 maniias

311 1070 381 1129 tam
409 1081 468 1127 neo
496 1065 605 1126 tamen
634 1057 859 1146 negligendam
890 1058 1026 1144 profert:
1058 1059 1110 1125 διὰ
1141 1059 1173 1125 δὲ
1200 1060 1411 1125 πολυτέλειαν
1431 1059 1491 1123 καί

311 1167 454 1249 ὠφελιίῇ
477 1186 518 1228 τι.
552 1163 596 1228 nt
616 1165 703 1247 prior
724 1162 853 1246 quidem
875 1162 1073 1229 insimulatio
1097 1163 1187 1230 nullo
1207 1169 1403 1252 argumento
1420 1163 1493 1229 indi-

311 1271 426 1359 gebat3
460 1267 554 1346 „vult
582 1267 794 1344 θαυμασθῆναι
825 1265 910 1351 quod
932 1286 1026 1332 nemo
1047 1268 1177 1333 nescit”
1199 1268 1300 1334 altera
1322 1270 1360 1333 in
1383 1266 1493 1334 rooles

313 1379 404 1441 cente
425 1377 458 1439 et
479 1373 513 1436 in
534 1372 664 1436 homine
684 1373 819 1436 minime
840 1390 936 1437 avaro
958 1391 1015 1437 cur
1032 1374 1245 1457 suspicaretur
1262 1371 1431 1439 ostendere
1448 1371 1493 1437 de

314 1477 419 1545 bebai.
454 1475 668 1557 Quamobrem
691 1473 742 1538 διὰ
764 1477 820 1550 τὴν
838 1474 1042 1541 πολυτέλειαν
1062 1477 1188 1543 adiecit.
1211 1474 1248 1541 Si
1266 1496 1345 1543 vero
1364 1482 1398 1542 st
1412 1495 1494 1561 τινος

314 1582 494 1648 citudinem
514 1588 569 1655 τῆς
589 1577 794 1651 πολυτελείας
811 1599 851 1643 ex
869 1600 903 1644 re
920 1581 1069 1645 omnibus
1085 1586 1161 1647 nota
1176 1580 1336 1647 declarare
1346 1582 1495 1666 potuisset

314 1685 375 1752 hoc
403 1704 527 1771 quoque
556 1682 620 1749 telo
649 1685 684 1747 in
707 1682 923 1748 aversanum
945 1686 996 1748 uti
1019 1682 1162 1749 debebat.
1196 1683 1239 1750 nt
1261 1684 1406 1769 profecto
1426 1701 1495 1748 usus

316 1795 382 1868 est,
406 1787 460 1855 sed
482 1786 605 1853 librarii
626 1786 795 1852 effecenmt
816 1793 854 1851 ut
874 1786 969 1854 hodie
991 1808 1150 1872 nusquam
1171 1791 1346 1874 appareret.
1373 1787 1495 1854 Scilicet

315 1894 413 1962 verba
431 1892 494 1958 dal
513 1901 569 1967 τῆς
590 1891 796 1973 ἱπποτροφίας
815 1894 933 1977 sipost
950 1891 1153 1957 πολυτέλειαν
1172 1892 1322 1979 legantur
1336 1891 1495 1959 intellectu

316 1996 424 2064 facilia
446 1999 556 2073 erunt,
580 2000 613 2061 et
635 2015 697 2081 quo
721 1994 851 2060 oonsilio
873 1995 958 2061 dicta
978 1995 1096 2061 fuerint
1119 1997 1189 2080 ipsa
1206 1995 1430 2074 declarabunt3
1445 1995 1496 2061 ubi

317 2120 401 2167 nuuc
430 2102 534 2184 posita
563 2103 639 2163 sunt
662 2104 694 2163 et
716 2100 824 2183 inepte
845 2103 919 2164 sunt
941 2105 975 2164 et
995 2096 1172 2166 Grueoituti
1193 2107 1386 2187 repugnant.
1420 2097 1495 2181 Quid

317 2200 426 2269 eniml
456 2222 496 2268 an
522 2201 704 2267 Alcibiades
726 2205 900 2287 imperium
921 2203 1048 2288 petebat
1069 2207 1107 2266 ut
1128 2225 1164 2268 ec
1188 2203 1306 2269 οίοιιιίίε
1329 2206 1416 2290 equis
1436 2202 1495 2291 glo

317 2310 400 2373 riam
424 2303 659 2391 assequeretur?
686 2305 816 2372 Scilicet
837 2309 921 2371 inter
941 2308 1070 2393 negotia
1091 2309 1296 2392 imperatoria
1316 2307 1493 2377 Hieronica

318 2432 392 2478 rum
415 2430 569 2495 equorum
589 2416 730 2495 posteros
752 2417 784 2476 et
806 2410 959 2495 quidquid
981 2413 1127 2496 generosi
1147 2414 1312 2499 sanguinis
1335 2415 1371 2479 in
1392 2409 1495 2479 stom

318 2514 484 2581 hinniebat
513 2515 695 2599 conquirere
724 2519 756 2578 et
786 2514 918 2580 domum
945 2517 1074 2581 mittere
1095 2518 1310 2581 constituerat
1348 2515 1440 2597 Quod
1461 2511 1496 2581 el

321 2617 537 2687 Graecitatem
558 2620 673 2683 attinet
695 2614 759 2681 οίπί
781 2637 855 2681 cum
877 2620 1030 2695 matoria,
1054 2638 1117 2702 qua
1138 2616 1401 2703 quidperlioitur,
1422 2621 1498 2685 reete

320 2725 514 2789 construitur
543 2721 634 2788 velut
661 2723 694 2786 in
718 2721 781 2786 οίτί
803 2719 974 2802 χρημάτων
997 2726 1030 2786 et
1052 2724 1080 2787 si
1102 2742 1165 2807 qua
1187 2726 1263 2789 sunt
1284 2723 1423 2800 similia,
1451 2719 1498 2787 sed

321 2826 384 2892 απὸ
408 2833 464 2901 τῆς
486 2826 693 2908 ίπποτροφίαο
715 2823 925 2906 ίαυμοίζιοίαι
943 2846 1006 2891 nou
1023 2827 1132 2891 minus
1151 2826 1322 2893 barborum
1341 2833 1391 2893 est
1410 2843 1498 2912 quam

322 2930 386 2997 οίπί
410 2937 465 3005 τῆς
488 2930 601 3011 σοφίας
628 2930 828 2995 ἐπαινεῖσθαι.

368 3033 449 3099 Ibid.
479 3033 625 3110 νομίσατε
648 3032 679 3097 δὲ
701 3032 771 3105 τοὺς
795 3032 944 3106 τοιούτους
967 3032 1011 3097 τα
1033 3034 1091 3112 μὲν
1114 3032 1246 3112 δημόσια
1269 3034 1387 3100 ἀδικεῖν
1409 3031 1499 3105 reti

323 3137 386 3202 ίδια
410 3138 560 3202 ἀναλοῦν.
584 3134 633 3210 οὓς
657 3137 717 3215 ἐγὼ
738 3137 806 3217 ὁρῶν
827 3142 877 3203 νῦν
897 3135 1001 3201 treats
1019 3137 1142 3219 τοιούτῳ
1161 3137 1245 3218 dvlci
1266 3138 1499 3220 παραυολευιίιι

323 3239 509 3319 καθημένους
541 3239 702 3322 φοβοῦμαι
733 3240 799 3306 ντί.
833 3239 922 3305 Haec
946 3242 993 3305 ito
1015 3241 1233 3328 coniungenda
1255 3247 1288 3308 et
1310 3240 1500 3313 emendanda

323 3348 408 3410 sunt.
442 3341 548 3430 Vulgo
579 3347 662 3409 inter
691 3345 823 3410 οίναλοῢν
851 3348 884 3409 et
904 3341 972 3423 οὕς,
1005 3365 1085 3430 quae
1106 3348 1153 3410 ite
1175 3347 1350 3432 composita
1371 3351 1446 3412 sunt
1464 3348 1500 3408 nt

323 3447 408 3514 nihil
447 3448 638 3514 intercedere
671 3452 850 3534 patiantur,
891 3448 967 3514 libri
999 3469 1108 3515 omnes
1141 3452 1331 3519 manuam
1364 3450 1501 3517 maxime

325 3550 555 3633 ἀπροσδιόνυσον
586 3552 753 3618 exhibent:
785 3552 836 3617 καί
866 3553 901 3618 τὸ
932 3556 1070 3633 προῖγμα
1092 3551 1182 3631 μίγα
1204 3549 1281 3619 ιίναι
1305 3555 1357 3617 καί
1381 3557 1425 3631 μὴ
1448 3547 1501 3617 οίον

326 3654 454 3738 νεωτέρῳ
483 3657 715 3736 βουλεύσασθαί
746 3681 782 3722 τε
814 3658 867 3722 καί
898 3654 987 3734 ὀξέως
1010 3655 1241 3735 μεταχειρίσαι.
1276 3658 1376 3744 Atqui
1397 3678 1438 3724 uo
1458 3676 1501 3722 so·

323 3760 466 3824 nioribus
495 3760 625 3845 quidem
655 3763 816 3826 committi
844 3761 917 3828 vult
946 3761 1000 3826 sed
1030 3780 1157 3847 prorsus
1185 3764 1304 3828 omitti.
1339 3761 1402 3843 Qui
1433 3778 1502 3827 vero

324 3867 506 3950 nuperrime
537 3865 621 3929 dixit
650 3862 755 3938 ἄλλως
785 3890 820 3930 τε
851 3866 904 3930 καί
928 3867 1065 3946 νεώτερος
1088 3865 1126 3929 ὢν
1147 3865 1193 3929 ἔτι
1218 3866 1248 3939 ίς
1271 3866 1306 3931 τὸ
1329 3864 1437 3948 ἄρχειν
1457 3882 1502 3931 θλ·

326 3968 400 4034 dem
436 3969 578 4035 iterando
613 3968 696 4034 nihil
734 3969 829 4036 efficit
859 3972 921 4035 nisi
950 3977 988 4034 ut
1018 3972 1242 4055 impotentiam
1269 3991 1360 4036 suam
1382 3972 1500 4057 arguat.

324 4072 390 4140 Pro
419 4074 461 4154 τῷ
492 4074 576 4154 αὐτῷ
594 4073 680 4154 οίνδρί
705 4095 798 4139 nemo
822 4082 869 4140 est
892 4077 968 4160 quin
992 4074 1100 4141 videat
1121 4075 1336 4160 reponendum
1359 4095 1424 4142 esse
1445 4094 1498 4137 τοι·

324 4177 413 4258 edre.
463 4177 684 4247 Adulescentes
713 4179 840 4267 prodigi
868 4184 900 4243 et
929 4178 1051 4266 gloriae
1075 4183 1257 4264 appetentes
1278 4180 1328 4247 rui
1347 4179 1441 4247 simili
1462 4176 1501 4240 fa-

322 4282 449 4347 vebant.
473 4283 728 4363 Πορακελευςοὺς
748 4282 933 4360 καθημένους
954 4288 1035 4349 esset
1056 4284 1219 4359 „sedentes
1238 4285 1315 4368 quia
1330 4280 1500 4351 Alcibiades

324 4383 399 4451 illos
421 4385 606 4453 adhortatus
628 4386 724 4454 erat.’'
767 4388 867 4472 Atqui
888 4390 955 4454 sinc
977 4387 1153 4455 Alcibiadis
1176 4387 1389 4455 cohortatione
1413 4386 1500 4453 sedis
