3340 5014
715 380 746 427 nt
769 382 968 430 riniroooouu.
1374 362 1434 426 105

244 555 330 612 runt.
370 545 430 612 Sed
459 555 548 613 rerto
572 549 695 615 certius
717 559 767 616 est
792 549 869 617 lerri
894 570 957 617 non
989 570 1079 639 posse
1106 572 1135 637 p.
1150 554 1226 617 283.
1248 554 1308 618 21;
1333 550 1436 628 irriti

240 652 334 732 μέσον
364 653 508 729 ἠνύετο
536 654 572 720 τὸ
607 654 730 735 edinen,
761 654 963 741 ἀνακουφίζει
994 659 1049 733 την
1080 657 1202 724 dunila
1234 655 1308 738 πρὸς
1339 653 1434 740 ὕψος·

241 760 373 845 requiro
397 759 532 838 lover,
558 769 594 826 ut
622 781 652 847 p.
667 765 744 827 364.
771 766 801 827 3.

285 863 493 952 Negligenter
516 864 687 932 admodum
713 865 862 933 codicum
887 866 982 934 leo-tio
1005 876 1133 934 servata
1158 867 1220 936 lull
1244 886 1273 955 p.
1287 870 1365 934 287.
1380 871 1432 935 tr:

240 969 416 1051 s'rrdyno,
436 974 473 1042 ὥς
494 976 548 1037 τοῦ
569 973 715 1054 Περτίνηε
732 971 881 1053 deiparae
901 974 1016 1050 iuononi
1036 983 1068 1040 et
1090 993 1121 1060 p.
1138 977 1213 1040 201.
1227 977 1270 1039 22
1294 972 1433 1052 inrisu

240 1080 313 1160 πρὸς
336 1083 453 1144 τοῦτο.
494 1076 607 1144 Veram
633 1079 802 1146 lectionem
828 1078 1020 1146 monstrabit
1043 1099 1073 1166 p.
1088 1084 1164 1148 260.
1184 1086 1242 1146 ¹3:
1269 1078 1432 1161 ἒτηοὶγη

239 1185 312 1265 πρὸς
335 1185 391 1259 την
410 1185 504 1259 linoln
523 1188 582 1252 τῶν
604 1184 770 1264 ὀνομάτων.
807 1183 927 1272 Nempe
949 1184 1119 1251 utilissima
1134 1205 1186 1252 ros
1195 1196 1244 1253 est
1256 1186 1432 1273 scriptores

242 1292 326 1356 inter
350 1309 384 1356 sa
406 1299 558 1377 perpetuo
578 1291 743 1360 eoulerro:
767 1311 804 1358 ex
827 1291 887 1357 ista
908 1288 1263 1378 collationediligeoter
1282 1291 1430 1359 instituta

240 1406 352 1482 sponte
376 1395 535 1483 prodeunt
553 1396 795 1465 emendationes
817 1398 903 1462 omui
929 1395 1028 1463 dubio
1049 1396 1199 1464 rrraioros.
1248 1397 1348 1465 Nemo
1364 1416 1427 1464 nou

241 1499 415 1568 minabitur
439 1522 470 1589 p.
486 1506 561 1569 289.
579 1509 638 1569 13ε
665 1504 836 1585 κεκλήρωτο
854 1502 887 1569 δὲ
905 1504 1057 1586 θυγατρὸς
1075 1501 1172 1581 tulos
1195 1500 1329 1570 nilon·
1350 1502 1432 1569 seri·

242 1607 378 1675 bendum
403 1628 474 1676 esse
504 1607 612 1675 odiro
635 1617 665 1674 et
691 1628 769 1675 sana
799 1608 882 1675 ratio
905 1606 1018 1675 suadet
1043 1616 1075 1674 et
1101 1611 1222 1694 pm.
1251 1607 1429 1690 1οε1οηνης

239 1714 366 1793 ὃνόμοντν
389 1714 460 1796 odini
483 1713 728 1795 τοοροολνδμενος.

283 1820 351 1886 Non
379 1818 547 1885 dissimilis
572 1821 656 1887 ratio
678 1827 727 1887 est
754 1839 784 1906 p.
799 1823 878 1888 287.
904 1823 964 1887 28:
992 1817 1181 1894 unatrita
1204 1841 1252 1892 ru
1274 1816 1350 1886 tom
1375 1819 1429 1899 ln·

239 1924 369 2008 τοδίζενν
391 1929 447 2003 την
477 1924 601 2007 arpotis.
649 1925 864 1993 Goulorautnr
896 1945 926 2014 p.
952 1930 1030 1993 507.
1062 1929 1104 1991 et
1128 1933 1159 1993 et
1182 1945 1213 2014 p.
1227 1928 1304 1993 508.
1330 1929 1373 1992 28
1397 1934 1429 1992 et

239 2053 269 2119 p.
285 2038 362 2099 303.
385 2037 440 2098 lit
463 2032 618 2099 οὶντίθετον
640 2035 683 2114 τῷ
706 2034 868 2113 κρατοῦντε
891 2032 927 2098 τὸ
950 2032 1153 2116 κροτούμενον
1183 2040 1217 2099 et
1240 2054 1271 2122 p.
1287 2035 1363 2099 407.
1385 2035 1423 2099 51

238 2138 410 2220 driostunt
428 2147 484 2215 τῆς
503 2136 659 2204 οὶντνθέτον
682 2136 840 2217 δυνάμεως
863 2135 1010 2220 nuptm
1039 2146 1073 2206 et
1097 2137 1172 2226 quis
1196 2156 1259 2204 uon
1283 2135 1431 2226 probabit

238 2246 452 2317 οὶντίδετος
476 2263 533 2331 pro
554 2242 760 2317 dorlisorl

283 2348 369 2416 b'ibil
393 2359 562 2438 peceatum
587 2358 635 2417 est
660 2347 746 2437 apud
770 2348 975 2416 Heliodorum
1001 2369 1032 2436 p.
1046 2353 1122 2418 502.
1147 2353 1209 2439 ts:
1240 2348 1429 2433 dxoipouorl·

238 2481 293 2533 της
315 2458 366 2523 τὸν
392 2456 551 2537 Θεογένην
571 2465 628 2533 τῆς
649 2456 853 2538 χοοεκλείοοο,
871 2458 911 2529 oie
928 2456 955 2523 el
979 2455 1032 2521 κον)
1056 2453 1198 2522 seinaim
1221 2455 1374 2534 briostel,
1399 2457 1431 2523 in

237 2562 327 2646 χερσὶ
347 2571 419 2636 τοῖς
439 2562 551 2629 ἐκείνου
571 2563 728 2642 γίγνοντο·
750 2560 807 2627 sed
829 2560 1022 2627 monstrabit
1041 2560 1119 2648 quid
1143 2562 1187 2627 sit
1210 2560 1381 2648 legendnm
1396 2561 1427 2627 in

238 2665 419 2734 tlbaritonis
443 2668 511 2734 loon
535 2667 601 2734 lero
619 2666 835 2740 conclamato,
856 2688 885 2754 p.
900 2671 956 2732 83.
972 2672 992 2733 3
1006 2665 1038 2731 in
1063 2664 1204 2733 editione
1218 2665 1385 2734 llereberi:
1400 2668 1427 2733 ε1

238 2772 270 2839 δὲ
288 2774 341 2839 nol
361 2773 498 2848 ἄλλος
520 2776 775 2852 ilerdensi,
800 2772 883 2838 οὐδὲν
901 2771 1013 2854 toton
1023 2778 1127 2856 χεῖρον
1145 2772 1266 2839 maloin.
1301 2771 1429 2840 Veteris

237 2880 418 2967 scripturae
442 2880 577 2965 vestigia
608 2887 801 2967 supersunt,
831 2897 904 2944 narn
929 2896 1005 2944 oum
1031 2877 1158 2945 litterae
1181 2876 1248 2946 lere
1271 2876 1428 2945 evanidus

236 2994 363 3065 essent,
389 2984 542 3052 librarios
562 2987 618 3073 qui
643 3005 755 3052 verum
774 2983 917 3072 reperire
939 3004 1000 3051 uon
1021 2985 1142 3070 potuit,
1167 2984 1273 3073 posuit
1304 2983 1426 3052 Graeca

237 3090 354 3170 verba,
386 3111 469 3178 quse
499 3091 699 3176 distinguere
723 3089 783 3156 sibi
809 3089 996 3165 videbatur,
1030 3089 1106 3158 licet
1137 3089 1262 3159 nultum
1295 3110 1426 3158 sensum

237 3197 436 3285 praeberent.
485 3196 576 3264 Dedit
616 3195 788 3263 Chariton:
826 3198 852 3263 εἷ
889 3196 921 3263 bl
956 3195 1010 3263 uni
1046 3196 1200 3263 ainaim
1237 3196 1426 3275 δεητενεν.

237 3305 378 3390 Apparet
401 3301 606 3369 Cbsritouom
631 3301 741 3369 eodem
764 3302 857 3369 inodo
876 3322 941 3389 quo
959 3301 1147 3369 Heliodorus
1167 3300 1310 3370 seribere
1331 3301 1428 3381 solet,

237 3410 263 3475 d
287 3427 456 3495 perperam
485 3407 682 3494 conjungere
711 3428 786 3474 euru
818 3409 979 3497 optativo,
1004 3427 1078 3474 eum
1104 3408 1248 3475 Atticum
1274 3409 1317 3476 sit
1340 3411 1366 3476 rl
1397 3408 1428 3476 ii

237 3518 290 3583 κοοὶ
330 3515 446 3582 aarum
482 3514 593 3590 δεήσει.
643 3514 696 3581 Sic
729 3534 801 3580 tuox
835 3535 884 3583 vs.
915 3519 953 3583 li
983 3516 1010 3583 el
1043 3515 1073 3580 il
1105 3516 1270 3581 droiensis
1293 3514 1427 3591 bedonia,

238 3619 335 3688 τοὶλον
357 3620 474 3702 idonei
498 3619 695 3703 Καλλιρρόην.
742 3620 789 3686 Gi.
817 3640 943 3707 quoquo
968 3642 998 3709 p.
1011 3622 1066 3687 91.
1087 3624 1126 3686 10
1144 3620 1289 3689 inimico
1310 3620 1427 3687 ritoinru

236 3727 281 3807 μη
303 3726 460 3793 idoneior.
508 3726 575 3792 Non
600 3725 694 3793 debet
717 3727 792 3815 quis
816 3726 847 3791 in
874 3725 993 3793 talibus
1016 3726 1184 3792 literarum
1204 3725 1313 3812 apiees
1332 3725 1428 3792 anxio

236 3834 362 3900 rimari.
410 3830 586 3920 Phryniobi
619 3832 709 3898 loeus
740 3840 789 3899 ost
823 3833 853 3897 in
881 3829 1053 3898 direcdotis
1078 3830 1213 3897 belleni
1239 3834 1338 3918 p.tt.
1368 3834 1426 3896 12:

237 3936 324 4012 αὖθις
348 3934 389 4006 οὗ
412 3938 528 4006 Πυθώδ’
558 3935 642 4012 ttu-
668 3935 714 4009 ἔτι
737 3938 794 4018 μὲν
824 3937 977 4020 asperula
1000 3937 1050 4003 tort
1068 3943 1127 4003 τῶν
1149 3937 1193 4003 τοὶ
1217 3935 1303 4002 οὗτοὶ
1326 3958 1427 4017 uper·

237 4041 349 4111 τόντων
381 4044 433 4109 καὶ
469 4041 673 4123 inertiores,
705 4043 772 4108 ἐπεὶ
805 4044 830 4110 ol
862 4044 1011 4124 χρώμενον
1045 4044 1088 4125 τῷ
1112 4044 1167 4124 θεῷ
1190 4043 1249 4116 εἰς
1273 4040 1426 4123 ἄφετον

237 4149 414 4231 ἓχρητονν
446 4148 543 4216 τοίνυν
575 4149 670 4233 daran
708 4149 750 4221 εἷς
785 4149 931 4232 Δελφοὺς
961 4148 1213 4232 transportetur
1243 4146 1426 4233 τοφέτεοοο,

236 4256 331 4322 ouius
356 4256 401 4322 rei
425 4253 605 4342 exemplum
631 4262 679 4321 est
704 4253 787 4340 apud
812 4252 1006 4321 Herodotum
1033 4255 1058 4322 l.
1084 4259 1137 4322 91.
1185 4253 1313 4322 Nullam
1333 4273 1426 4342 opem

237 4360 319 4428 leret
341 4359 520 4428 bobeekius
555 4360 691 4427 collatus
714 4358 868 4447 Aglaopb.
894 4381 922 4447 p.
940 4364 1027 4426 846:
1054 4360 1186 4450 scripsit
1209 4359 1295 4427 euim
1322 4359 1427 4448 Pbry-

238 4466 354 4533 uiebus
377 4471 407 4537 st
430 4467 573 4549 aanor
603 4466 797 4553 ἔχρησεν,
828 4464 946 4557 quibus
978 4465 1155 4557 interprete
1179 4484 1241 4532 nou
1265 4484 1346 4553 opus
1366 4474 1426 4532 est.
1473 4474 1475 4479 '
