3254 5034
700 390 800 439 rama.
1301 372 1345 436 st

191 555 342 625 Eiusdem
365 554 518 642 epistolae
543 560 568 650 S
593 564 637 629 30
660 560 747 629 inira
768 561 875 629 scribo
900 568 935 626 ut
960 559 1039 626 rinihi
1072 558 1241 627 scribenda
1273 580 1344 627 esse

149 662 283 729 ridetur.
332 661 464 743 Quare
494 686 613 745 curn,
646 675 689 732 ut
721 667 787 734 hic
818 686 968 743 annus,
995 666 1067 754 qui
1089 665 1136 732 ad
1162 666 1341 733 laborem

150 779 255 835 {rrum
287 769 492 847 accessit,
527 771 632 840 idem
665 772 710 839 ad
735 772 916 839 salutem
941 772 1064 839 Asiae
1089 780 1343 859 prorogatus

147 894 239 941 esse
260 872 475 948 ridentum
505 886 638 957 etque,
669 880 861 967 qnoniam
887 879 925 944 in
950 887 990 944 te
1014 877 1236 944 retinendo
1261 876 1342 944 luil

146 982 237 1048 Asia
273 978 449 1045 felicior
480 1001 597 1067 quarn
632 1004 702 1050 nos
734 986 772 1049 in
806 982 1065 1061 deducendo,
1101 982 1263 1069 perfice
1298 991 1342 1050 ut

145 1085 314 1152 laetilia
352 1087 599 1172 prouinciae
633 1089 894 1157 desiderium
932 1099 1116 1155 nostrum
1142 1088 1339 1157 leniatur.

146 1192 265 1279 Vulgo,
289 1192 361 1257 sine
386 1201 530 1279 atque,
557 1195 757 1263 videatur.
784 1195 990 1277 Quoniam.
1017 1193 1162 1262 Omissae
1186 1197 1340 1261 coniunc-

145 1299 235 1366 tionis
259 1299 344 1362 ratio
368 1313 516 1384 apparet.

184 1403 291 1490 Neque
325 1402 369 1468 ab
401 1423 438 1471 ea
471 1408 595 1474 ratione
626 1408 765 1474 multum
797 1406 896 1473 distat
927 1425 1009 1492 qnae
1040 1409 1059 1493 ς
1094 1410 1135 1473 33
1167 1406 1337 1494 leguntur:

145 1509 317 1578 Graecis
347 1548 397 1561 -
430 1512 536 1598 qnod
572 1522 668 1579 sunt
701 1511 935 1599 vectigales
960 1531 1034 1577 non
1063 1513 1118 1577 ite
1143 1513 1336 1580 acerbum

143 1616 274 1683 sideri
314 1618 453 1696 dolel,
490 1629 714 1707 propterea
752 1618 856 1706 qutnd
881 1619 971 1683 sino
996 1617 1173 1703 imperio
1198 1617 1337 1705 populi

143 1721 311 1790 {tomani
345 1726 434 1791 suis
466 1725 690 1791 institutis
721 1747 867 1805 semper
897 1741 967 1810 per
1002 1741 1042 1789 se
1067 1723 1148 1811 ipsi
1173 1723 1230 1791 itu
1255 1721 1337 1792 lue·

141 1840 246 1897 rtrnt.
297 1829 404 1917 Vulgo
427 1829 516 1896 obest
541 1849 717 1918 semper.

183 2041 649 2129 monimum

181 2147 369 2216 litteras
400 2146 446 2213 ad
479 2155 517 2214 te
549 2166 691 2234 porum
724 2143 912 2213 fraterne
937 2147 1209 2234 scripseram:
1233 2166 1335 2233 quas

140 2257 330 2321 oratione
378 2252 543 2320 iliodori
588 2260 841 2331 commotus,
877 2251 924 2319 de
961 2253 1157 2339 pactione
1190 2253 1331 2320 statim

140 2383 218 2425 eun
253 2359 487 2437 audieram,
526 2356 778 2423 iracundius
803 2358 1054 2443 scripseram
1074 2367 1114 2425 ct
1139 2376 1335 2426 revocare

139 2466 369 2554 cupiebam.
395 2465 516 2552 Scripsi
542 2484 652 2540 cunm
676 2463 787 2528 Cicero
807 2483 922 2550 quom
948 2464 1137 2550 scripseram
1163 2461 1195 2530 id
1209 2461 1333 2531 librarii

140 2573 168 2637 in
189 2572 299 2660 quod
323 2581 550 2659 corruperunt.

180 2678 225 2747 En
250 2678 364 2746 eodem
390 2696 508 2765 quom
534 2675 597 2741 alio
621 2674 690 2741 loco
716 2674 767 2764 (ad
783 2677 821 2760 Q.
836 2673 876 2741 ir.
891 2675 946 2742 ΙΙΙ.
962 2676 1048 2765 4,(3)
1073 2695 1191 2764 qnam
1218 2683 1330 2742 natum

140 2794 199 2852 cst:
231 2786 335 2850 lnaee
363 2784 583 2871 scripsi-
605 2782 641 2847 in
665 2780 944 2847 Tusculanum
970 2780 1263 2869 proficiscens:
1286 2800 1330 2847 ea

138 2886 181 2954 de
215 2911 257 2958 re
296 2910 372 2955 non
409 2889 595 2976 longius,
631 2910 716 2954 eun
749 2886 915 2965 vellem,
951 2886 1055 2975 quod
1093 2888 1331 2975 Pomptinis

139 3035 178 3049 -
201 2997 347 3063 adesse
373 2994 567 3064 volebam.
616 2994 704 3061 Libri
734 3014 852 3080 quam
879 2993 1037 3061 vellem.
1075 2994 1197 3062 lterum
1217 2992 1328 3062 eodem

139 3101 210 3169 uitio
234 3104 394 3188 scriptum
419 3112 467 3168 est
492 3099 532 3166 ad
557 3099 646 3166 Fam.
672 3099 711 3165 ll.
739 3100 795 3185 Ep.
825 3104 884 3179 tt,
910 3104 940 3166 6.

180 3315 236 3383 tld.
265 3314 303 3395 Q.
328 3312 368 3379 lr.
394 3312 419 3379 i.
447 3314 505 3397 llp.
530 3317 574 3392 d,
600 3316 633 3377 9.

178 3419 394 3487 llessalam
417 3420 479 3483 tui
499 3416 733 3485 studiosum
754 3437 845 3484 esse
865 3416 1070 3497 arbitror,
1094 3417 1326 3505 Pompeium

137 3528 256 3594 ctiam
291 3524 596 3595 simulatorem;
626 3524 636 3589 i
682 3543 710 3588 e.
739 3523 924 3609 Pompeium
950 3526 1046 3590 eliam
1074 3525 1120 3588 tni
1146 3523 1326 3590 studiosum

136 3649 208 3699 esso
251 3631 401 3697 arbitror.
450 3630 510 3698 Sed
554 3629 631 3718 quid
668 3628 825 3695 altinrlrat
857 3632 888 3695 in
926 3630 984 3696 lrac
1021 3631 1327 3697 commemoratione

138 3733 227 3813 iacti,
261 3757 335 3803 cum
368 3738 557 3822 praesertim
584 3737 662 3801 lione
688 3735 766 3802 velle
791 3735 884 3801 irntri
903 3735 1064 3802 hominem
1091 3736 1325 3816 arbitraretur,

137 3842 340 3910 maledictum
367 3841 584 3907 sinmlationis
609 3844 723 3908 iacere.
772 3840 839 3926 Ego
864 3861 938 3906 roro
963 3842 1148 3909 Ciceronem
1174 3841 1212 3908 dc
1234 3843 1325 3907 Pom·

138 3949 182 4032 pei
224 3951 334 4014 animo
364 3946 529 4015 dubitasse
560 3955 637 4035 puto
666 3957 698 4013 et
729 3947 898 4033 scripsisse
927 3948 1160 4035 Pompeium
1196 3949 1321 4017 eliam

135 4063 404 4122 mmet-rm.

181 4268 224 4334 td
249 4270 286 4350 Q.
312 4265 351 4334 ir.
377 4268 414 4334 ll.
441 4267 499 4354 Ep.
525 4273 564 4345 2,
595 4273 622 4333 1.

180 4375 252 4441 Post
276 4373 337 4438 alio
362 4372 472 4440 Cicero
498 4394 614 4439 novrnn
639 4382 869 4457 argntuenlnm
894 4392 1067 4458 aggressus
1086 4374 1130 4440 ita
1151 4377 1321 4461 scripsisse

144 4476 261 4557 lertnr;
287 4480 364 4547 Sed
389 4501 462 4567 ego
493 4478 627 4545 adhue
660 4479 737 4545 ensi
768 4478 885 4546 nillil.
934 4476 1151 4546 Culleonis
1183 4485 1323 4550 auctio
