3340 5014
270 293 333 355 t’tt
732 313 769 358 ιο
792 312 996 360 reuertemur.

310 480 384 566 Cep.
410 484 466 545 et:
503 485 647 547 Τοιαῦτα
674 481 732 561 μέν
757 481 825 563 περὶ
848 485 902 548 σοῦ
925 485 976 546 νῦν
998 481 1159 563 οἰχομένου
1181 480 1272 551 ςθλου
1295 481 1382 562 παρίι
1403 486 1458 547 σοῦ

266 586 462 668 οίκριβέςαπα
489 586 600 660 είθθπος
631 589 669 660 ὡς
704 585 892 666 θιενοιίθκμεν
923 587 1079 662 οίκκκθατε
1109 588 1162 653 καὶ
1190 585 1209 653 θ
1215 611 1275 654 σοι
1300 586 1457 653 ὑπόλοιποι

264 693 431 773 ςρασηνοί,
457 694 491 769 ἣν
513 692 681 770 θθνιινπαι,
711 692 883 781 [ὁμοίως]
910 694 995 760 αὐτοὶ
1019 693 1194 775 πράξουσιν.
1230 692 1376 759 Absurde
1395 691 1456 761 θσοι

265 797 389 864 dietum
412 796 452 864 de
475 799 595 864 duodus
619 808 745 864 tautum
771 797 930 876 duribus,
967 799 1129 865 Lamacho
1152 808 1184 865 et
1208 799 1309 866 Nicia.
1349 800 1456 867 Veteri
1520 796 1525 805 ”

265 904 401 970 tectione
434 915 534 971 ocot
567 904 648 971 mete
682 904 860 982 intellecta,
894 904 1020 971 scribae
1043 904 1202 972 dederunt
1224 902 1323 983 θσοι,
1355 926 1462 994 quum

266 1010 420 1078 deberent
445 1032 500 1096 uer
521 1011 602 1076 duas
626 1011 755 1077 vecutus
779 1010 921 1077 seribere
940 1014 987 1084 ὥς
1009 1013 1063 1091 οἱ,
1089 1031 1152 1097 que
1172 1021 1319 1098 recepte,
1344 1023 1457 1101 sponte

264 1115 390 1184 excidet
414 1118 428 1182 θ
437 1118 505 1196 μοί
513 1141 578 1194 ιος,
605 1115 699 1183 interi
723 1117 825 1182 instar
849 1116 924 1182 utini
949 1116 1107 1184 insertum
1133 1137 1150 1183 a
1174 1118 1423 1186 correctoribuS.

312 1221 391 1308 Cap.
417 1227 459 1289 95
486 1221 569 1289 med.
594 1222 731 1289 ἐκέλευον
754 1225 826 1302 μετ’
850 1223 966 1290 ἐκείνου
989 1224 1040 1289 καί
1065 1230 1124 1290 τῶν
1147 1226 1299 1306 Κορινθίων
1313 1225 1456 1304 βουλευο·
1495 1278 1502 1293 .

265 1328 362 1408 μθνιον
381 1338 476 1395 ποιεῖν
496 1325 555 1412 irre
574 1330 609 1395 ἐκ
627 1336 688 1395 πᾶν
703 1329 857 1411 παρθνσιον
874 1330 1036 1408 μαλιςα
1056 1331 1109 1396 καί
1120 1329 1246 1411 σοίχιςοί
1257 1355 1304 1405 τις
1316 1332 1455 1415 ιέφέλεια

265 1433 328 1513 ἥξει
341 1445 403 1509 τοῖς
417 1437 490 1502 ἐκεῖ.
517 1436 577 1501 Pro
591 1435 717 1516 μοίλιςα
730 1437 762 1501 in
776 1437 898 1522 optime
918 1435 989 1501 eud.
1012 1435 1166 1500 Vaticano
1189 1444 1238 1501 est
1259 1435 1454 1508 κοίλλιςα.

264 1541 373 1629 Neque
397 1541 455 1607 hee
478 1562 581 1628 neque
607 1541 683 1608 tttut
708 1540 777 1607 ieee
802 1541 893 1628 piaue
916 1543 1088 1608 convenire
1111 1539 1250 1606 videtur.
1288 1541 1454 1609 Sententia

263 1649 349 1714 enini
381 1648 459 1714 haee
490 1657 558 1715 est:
595 1658 628 1713 ut
659 1649 776 1713 veniret
806 1648 873 1713 ι’ίίιῗι
905 1667 999 1733 quem
1031 1646 1181 1731 optimum
1206 1670 1257 1715 res
1276 1660 1455 1735 praesentes

261 1754 475 1841 permitterent
503 1754 678 1819 subsidium
701 1753 793 1841 idque
816 1775 909 1840 quem
933 1755 1105 1822 celerrime.
1154 1756 1261 1838 Quare
1282 1757 1389 1821 neseio
1413 1775 1462 1822 au

265 1861 374 1926 verius
397 1860 456 1926 sit:
481 1860 660 1937 καλλίςιν
684 1860 737 1926 καὶ
759 1860 893 1940 σθχιςα.
927 1859 1028 1947 Saepe
1053 1864 1096 1928 ite
1124 1861 1276 1948 coniungi
1297 1861 1456 1929 adieetiva

264 1974 298 2032 et
320 1965 469 2032 adverbia
494 1966 526 2032 iu
554 1965 669 2053 vulgus
693 1975 804 2032 uotum
830 1976 888 2032 est.

307 2071 382 2159 Cap.
407 2076 467 2140 et:
512 2073 565 2138 καί
596 2072 854 2144 θποπλεθσανπες
877 2073 908 2147 ἐς
934 2071 1096 2151 Καποίννν,
1128 2075 1239 2142 ἐκεῖθεν
1262 2074 1302 2141 δέ
1325 2075 1455 2142 ἐπισιτι-

262 2179 390 2260 σοθμενοι
419 2178 505 2263 ποθσρ
534 2190 574 2262 τῇ
602 2187 715 2264 σραπιᾷ
740 2181 870 2262 ίχθρουν
899 2179 949 2244 ἐπί
974 2178 1154 2262 Κενπθριπα.
1203 2179 1300 2247 lieete
1324 2179 1456 2249 haberet

262 2284 313 2362 u,
338 2285 364 2352 si
391 2283 658 2372 praegrederetur
682 2284 733 2351 καί
754 2284 970 2352 ἀπέπλευσαν.
1005 2287 1098 2354 Nune
1119 2287 1336 2354 necessarium
1359 2297 1452 2375 pute:

262 2390 421 2458 ἐκεῖθέν
436 2416 487 2457 πε
509 2390 752 2471 ἐπισιτισάμενοι
777 2393 843 2458 xri.

309 2494 388 2586 Gap.
413 2500 456 2563 96
482 2497 581 2564 med:
608 2498 771 2580 ἐξήρτυται
795 2499 858 2580 γαρ
882 2501 917 2566 πθ
940 2497 1021 2566 θλλο
1043 2499 1153 2582 χοιρίον
1176 2498 1330 2574 ἐπίκλινές
1352 2524 1389 2565 πε
1408 2500 1453 2569 ἐςι

263 2604 316 2670 καί
348 2604 498 2688 ἐπιφανὲς
526 2608 590 2699 πῖον
621 2603 732 2669 είσιο·
765 2604 817 2669 καί
845 2604 1004 2683 θνθμαςαι
1027 2607 1084 2672 ὑπὸ
1107 2612 1165 2673 πῶν
1189 2607 1380 2689 Συρακοσίαν
1403 2605 1454 2670 dui

262 2710 298 2777 σθ
328 2714 477 2784 ἐπιπολῆς
507 2715 561 2775 τοῦ
591 2709 691 2776 ἄλλον
722 2706 800 2775 είναι
831 2712 1014 2778 Ἐπιπολαί.
1062 2712 1230 2796 iugeniose
1256 2710 1453 2778 initiamus:

264 2817 413 2901 ἐπιφανὲς
445 2821 525 2883 ποῖν·
559 2817 615 2890 είς
645 2812 658 2883 θ
690 2816 743 2883 καί
772 2815 959 2896 θνθμασπαι.
1007 2816 1096 2898 Quod
1123 2819 1150 2883 si
1175 2817 1310 2905 probae,
1333 2816 1456 2883 soritas

263 2923 376 2989 saitem
402 2943 491 2988 inere
517 2921 726 3010 Thucydideo
748 2922 788 2996 ἐς
810 2919 835 2989 θ.
885 2923 936 2991 Gi.
962 2931 1070 2990 taruen
1096 2923 1123 2987 V
1152 2929 1191 2990 10
1215 2921 1238 3013 §
1264 2926 1283 2987 θ
1309 2923 1459 3006 ἐπιφανεῖ

261 3030 335 3113 oden
358 3029 521 3112 ἔξωθεν,
547 3047 641 3116 quem
668 3029 772 3096 iocum
799 3029 862 3095 ianr
888 3028 995 3095 attuiit
1022 3030 1136 3116 Puppe.

310 3135 389 3224 Cap.
416 3140 472 3203 97:
498 3135 566 3217 πρίν
590 3135 661 3209 ποὺς
693 3135 895 3216 Συρακοσίους
921 3135 954 3202 ἐκ
977 3139 1031 3201 ποῦ
1051 3142 1196 3213 λειμῶνος
1220 3133 1284 3225 [καί
1308 3144 1364 3211 τῆς
1389 3137 1456 3216 ἐξε·

262 3241 394 3334 τοίσευς]
418 3241 667 3324 παραγενέσθαι.
693 3241 836 3321 ἐβοήθουν
860 3242 892 3308 δέ
916 3239 948 3307 οἵ
964 3266 1001 3308 σε
1024 3240 1116 3308 ἄλλοι
1139 3243 1177 3313 de
1202 3237 1312 3314 ἐκαςος
1335 3239 1455 3322 τοίχους

261 3347 333 3435 είχε
361 3350 413 3416 καί
437 3351 462 3416 οί
487 3349 553 3431 περὶ
577 3349 630 3413 σθν
653 3346 802 3427 Διθμιλον
827 3346 995 3426 ἐξακθσιοι,
1019 3346 1117 3416 retiret
1140 3347 1172 3413 δέ
1195 3348 1265 3427 πρὶν
1288 3348 1455 3429 προσμῖξαι

265 3459 315 3549 [ἐκ
337 3462 391 3524 τοῦ
407 3456 568 3541 λειμῶνος]
598 3454 759 3534 ἐγίγνοντο
782 3455 886 3528 αὐτοῖς
910 3454 963 3519 οὐκ
979 3453 1111 3519 ἔλασσον
1132 3451 1455 3528 tertianarumve.

263 3564 343 3631 Vide
367 3561 601 3652 praecedentia.
634 3560 668 3626 Si
691 3560 765 3646 quis
785 3559 879 3624 verita
902 3560 1026 3625 inclusa
1046 3558 1085 3624 ab
1100 3559 1168 3645 ipse
1182 3557 1371 3648 'Thucydide
1385 3580 1455 3646 pre·

262 3668 343 3736 ieete
365 3689 434 3736 esse
456 3676 565 3755 putat,
589 3687 650 3731 neu
670 3685 785 3753 pugne.
813 3665 880 3750 Ego
894 3675 1001 3731 temen
1018 3665 1203 3753 interpretis
1216 3684 1286 3731 esse
1298 3667 1455 3752 suspicer.

307 3776 381 3862 Cap.
412 3779 455 3842 99
485 3792 599 3840 versus
628 3771 740 3838 fiuent:
773 3772 901 3843 ἐκείνους
930 3771 957 3837 θ’
988 3772 1035 3839 θον
1065 3771 1254 3850 παυομένους
1289 3778 1342 3839 τοῦ
1367 3771 1456 3855 ἐργου

263 3880 386 3954 πθντας
410 3880 449 3948 θον
469 3881 540 3961 πρὸς
564 3882 651 3962 σφᾶς
671 3877 844 3959 πρέπεσθαι.
895 3877 1080 3944 Bedheutus
1110 3878 1239 3950 ἐκείνους
1268 3877 1294 3943 δ’
1316 3875 1363 3946 αὖ
1382 3898 1486 3944 σου,

263 3987 356 4062 iecit,
388 4006 448 4051 ueu
481 3984 587 4052 ferens
611 3984 728 4072 duplex
752 3981 790 4050 θν
816 3984 848 4049 in
873 3983 1017 4051 oratione
1042 3983 1202 4072 pedestri,
1236 3983 1455 4074 (quemadmo-

262 4090 339 4157 dutu
368 4091 571 4176 Hartuugius
596 4111 656 4157 uun
682 4089 802 4156 ferebat
827 4089 911 4178 eptid
939 4092 1071 4178 poetas).
1121 4089 1200 4156 tide
1225 4098 1331 4156 tanuen
1357 4108 1456 4175 supra

262 4217 331 4284 cap.
361 4202 418 4262 tt:
452 4201 636 4264 Σικελιῶται
661 4195 735 4262 δ’θιν
759 4220 810 4276 μοι
834 4198 951 4264 δοκοῦσι
972 4197 1090 4263 -καί
1114 4196 1159 4263 ἐπι
1184 4195 1231 4262 ἐν
1254 4192 1343 4272 ἧσσον
1364 4194 1456 4261 θειυθν

264 4307 337 4383 ἡμῖν
368 4300 521 4381 νενέσθαι.
569 4301 726 4368 Similiter
756 4322 826 4391 cap.
858 4308 901 4370 57
923 4304 1013 4383 μθλις
1039 4302 1083 4367 ἄν
1103 4326 1155 4382 μοι
1179 4301 1312 4367 δοκοῦσιν
1336 4338 1380 4352 ··-
1404 4303 1457 4368 οὐκ

262 4410 311 4477 θον
335 4408 521 4476 παντοίπασι
543 4409 763 4493 διαφθαρῆναι,
795 4418 826 4473 et
853 4410 896 4474 ita
923 4406 1008 4474 haud
1029 4428 1102 4475 rere
1123 4407 1236 4475 scribit
1258 4416 1367 4475 uester
1385 4428 1456 4476 eum
