3200 5066
1167 290 1172 331 Ι

642 393 829 442 rnrromca.
1266 374 1332 442 377

138 567 235 631 tiores
257 570 289 631 et
312 564 510 630 delicatiores
541 583 653 648 quam·
669 560 898 629 Athenienses?
931 562 1039 638 πάθεος
1072 568 1187 627 πολλοῦ
1213 564 1332 641 γενεαί

138 670 194 735 δεῖ.
240 669 425 735 Reddamus
453 670 556 756 igitur
579 688 687 733 censeo
711 668 825 746 sciolo,
858 669 1000 753 quisquis
1024 674 1089 745 est,
1121 688 1213 733 suam
1236 688 1332 733 anno·

139 774 354 840 tatiunculam
378 778 410 838 et
433 773 556 838 dictum
579 772 716 839 Socratis
739 776 875 859 pristino
897 775 999 837 nitore
1023 773 1211 858 splendebit.

183 877 296 964 Neque
327 883 436 942 tamen
467 879 536 943 heri
567 884 622 942 aut
651 880 769 943 nudius
799 881 915 943 tertius
941 878 1068 942 fatuum
1090 879 1150 943 hoo
1173 877 1332 943 emblema

140 989 175 1049 in
197 983 341 1048 Platonis
364 979 495 1048 Codices
517 984 653 1067 irrepsit.
690 983 776 1048 Audi
799 983 974 1047 Aristidem
997 1004 1016 1047 a
1038 983 1245 1048 Valckenario
1264 981 1333 1046 lau·

142 1090 256 1154 datum
285 1088 359 1168 ὑπὲρ
383 1093 441 1152 τῶν
463 1086 618 1167 τεττάροιν
640 1087 731 1153 Pom.
756 1087 798 1154 Il.
822 1109 895 1174 pag.
922 1085 998 1153 387.
1023 1088 1118 1152 Dind.
1143 1085 1201 1154 ὥτε
1224 1087 1258 1150 τὸ
1279 1091 1332 1151 τοῦ

142 1191 305 1273 Εὐριπίδου
336 1191 482 1269 γίγνεται
516 1192 575 1269 »σὺ
600 1191 703 1271 λέγεις
727 1196 820 1279 ταῦτ’
843 1194 896 1258 οὐκ
921 1194 1013 1271 ἐμοί’.
1060 1192 1151 1256 Idem
1174 1190 1266 1257 Pom.
1290 1189 1332 1254 11.

143 1319 217 1386 pag.
250 1294 303 1363 17·
336 1296 476 1362 dixerat:
512 1295 569 1365 ἀςε
601 1298 626 1361 εί
656 1298 713 1376 μὲν
745 1297 853 1375 βούλει
884 1296 919 1361 τδ
950 1303 1004 1362 τοῦ
1035 1296 1197 1377 Εὐριπίδου
1221 1296 1273 1360 καί
1298 1297 1336 1360 τὸ

145 1407 260 1468 σαυτοῦ
293 1405 382 1486 (cum
412 1402 546 1467 Platone
572 1403 727 1487 loquitur]
753 1405 786 1476 νὴ
812 1403 875 1466 Δία
899 1402 1066 1480 συμβαίνει
1088 1405 1162 1479 „coi
1186 1399 1258 1466 τάδ’
1281 1402 1335 1464 οὐκ

144 1507 220 1584 ἐμοῦ
241 1499 372 1579 natira?
417 1507 473 1572 Bis
501 1510 631 1592 respicit
650 1508 794 1573 Platonis
816 1510 851 1572 in
873 1508 1031 1571 Alcibiade
1053 1506 1179 1584 locum,
1211 1525 1273 1592 quo
1296 1506 1335 1571 de

147 1615 289 1699 agimus,
314 1617 347 1676 et
369 1616 498 1698 apparet
517 1613 574 1676 ubi
594 1613 690 1678 dicit:
716 1615 752 1677 σὺ
771 1612 875 1691 λέγεις
895 1615 986 1678 ταῦτ’
1005 1614 1059 1678 οὐκ
1078 1612 1139 1690 ἐγώ
1151 1609 1337 1676 huiusmodi

148 1716 226 1800 quid
249 1715 333 1800 apud
355 1716 523 1782 Platonem
547 1720 702 1803 scriptum
727 1718 833 1782 fuisse.
872 1716 935 1783 Sed
957 1717 1124 1783 mendosos
1146 1721 1179 1782 et
1200 1718 1338 1800 interpo-

147 1820 230 1886 latos
263 1822 329 1885 iam
359 1823 435 1887 rivo
464 1822 605 1887 Aristide
635 1822 778 1888 Platonis
808 1822 908 1888 libros
937 1821 1036 1887 fuisse
1066 1826 1099 1887 et
1125 1820 1205 1886 alibi
1227 1819 1339 1886 sedulo

149 1925 347 1991 ostendimus
370 1930 402 1990 et
424 1929 458 1990 in
482 1947 548 2012 sqq.
573 1930 664 1994 noris
688 1926 842 2014 exemplis
864 1926 1074 1993 stabiliemus.

195 2135 346 2201 saitica.
370 2157 444 2224 pag.
472 2136 546 2203 110.
567 2156 598 2202 λ.
631 2138 683 2202 καί
715 2138 834 2212 τάλκίῆ
863 2130 1023 2217 ἀποκρίνου
1046 2135 1095 2203 ἵνα
1118 2136 1162 2215 μὴ
1184 2135 1290 2216 μάτκν
1314 2138 1339 2202 ol

150 2248 313 2318 ΔΙΑλογοι
350 2241 529 2318 γίγνονται.
578 2240 789 2308 Scribendum
823 2244 848 2308 οί
872 2242 971 2321 λίνον.
1007 2242 1117 2306 Unum
1140 2247 1268 2307 tantum
1291 2246 1339 2307 est

149 2346 233 2410 inter
256 2344 419 2411 Socratem
442 2353 475 2413 et
497 2344 698 2413 Alcibiadem
721 2347 916 2434 colloquium
941 2346 1129 2435 (διάλορος),
1154 2347 1209 2412 sed
1232 2348 1340 2413 omnia

150 2468 231 2533 quae
252 2451 336 2515 inter
350 2471 393 2547 ⁴se
414 2450 589 2536 loquuntur
613 2452 763 2518 demere
785 2453 810 2517 οί
834 2451 921 2530 λίροι
949 2451 1157 2537 appellantur.

198 2657 349 2722 saitica
373 2658 398 2723 Ι.
423 2679 496 2746 pag.
524 2659 598 2724 113.
620 2679 650 2726 a.
675 2660 727 2726 οίει
752 2657 998 2736 διαείσεται
1022 2660 1083 2726 δεῖν
1106 2658 1226 2725 ἀκούειν
1250 2652 1341 2746 [ἀπο

153 2759 260 2836 δείξεις
283 2786 319 2826 τε
341 2761 462 2850 ἑτέρας]
488 2766 526 2837 ὥς
550 2772 610 2831 τῶν
636 2766 781 2845 προτέρων
812 2762 869 2831 οἷον
901 2767 1066 2845 σκευαρίων
1089 2765 1343 2846 κατατετριμμί·

154 2890 207 2932 νων
239 2866 298 2931 καί·
321 2867 421 2933 οὐκέτ’
453 2867 491 2933 ἀν
523 2868 561 2932 σὺ
592 2870 676 2935 αὐτοὶ
701 2870 897 2951 ἀμπίσχοιο,
927 2872 953 2937 εί
976 2871 1021 2949 μή
1044 2871 1092 2944 τίς
1115 2893 1161 2935 σοι
1183 2873 1343 2951 τεκμήριον

153 2971 283 3052 καθαρὸν
317 2972 370 3037 καί
406 2972 564 3055 ἀχραντον
594 2974 677 3042 οίσει.
726 2976 776 3041 Ad
808 2976 887 3040 καίν’
918 2974 1003 3040 ἀττα
1035 2976 1201 3061 adscripsit
1227 2974 1343 3060 aliquis

152 3074 324 3153 ἀποδείξεις
356 3078 474 3159 ἐτέρας.
521 3080 620 3145 Recta
643 3083 886 3167 interpretatur,
913 3083 1056 3167 quisquis
1080 3086 1145 3158 est,
1177 3078 1343 3146 sederant

152 3182 230 3247 haec
258 3183 292 3246 in
322 3186 469 3271 margine
491 3183 707 3269 relinquenda.
753 3186 842 3251 Perit
866 3190 952 3252 enim
975 3190 1079 3252 omnis
1100 3188 1343 3252 venustissimae

152 3290 398 3373 comparationis
427 3290 517 3375 lepor
545 3293 577 3355 et
600 3293 720 3376 gratia,
752 3294 787 3355 in
810 3312 871 3377 qua
894 3299 1084 3380 argumenta
1096 3338 1104 3370 ,
1133 3293 1250 3376 quibus
1272 3295 1344 3377 quis

153 3394 227 3456 ante
248 3412 326 3457 usus
350 3396 409 3472 sit,
430 3400 653 3481 comparantur
671 3402 846 3462 cumreste
858 3398 991 3477 detrita,
1017 3418 1113 3481 quam
1133 3399 1204 3482 quis
1220 3398 1345 3462 ἀοάκονο

153 3496 399 3583 (ἀμπίσχεσθαι)
431 3505 556 3565 recusat
587 3500 790 3586 postulatque
821 3507 859 3566 ut
890 3504 952 3568 sibi
981 3524 1062 3588 pura
1092 3523 1128 3567 ac
1156 3503 1258 3567 nitida
1281 3502 1345 3566 alia

153 3598 312 3667 afferatur.
361 3601 528 3668 Praeterea
557 3605 607 3669 bis
630 3605 716 3669 idern
740 3608 847 3690 inepte
870 3607 988 3671 dicitur
1010 3608 1092 3671 καίν’
1114 3604 1200 3670 ἀττα
1224 3606 1343 3673 ἀποδεί-

154 3702 215 3780 ξεις
239 3714 298 3770 Te
320 3705 443 3787 ἑτέρας,
474 3710 662 3792 quasivero
686 3710 764 3775 haec
787 3716 890 3775 essent
912 3713 995 3777 inter
1017 3732 1050 3777 se
1073 3712 1206 3778 diversa.
1335 3726 1338 3729 ’

199 3917 349 3982 Alcibiad.
381 3940 454 4006 pag.
481 3916 556 3983 114.
581 3937 613 3983 1).
644 3920 702 3984 Ἴίι
732 3920 767 3995 ta
801 3925 852 3985 νῦν
875 3922 977 3997 ἐπειδὴ
1001 3928 1054 3988 τοῦ
1077 3925 1174 3988 αὑτοῦ
1195 3925 1343 4007 φαίνεται

155 4020 288 4093 πολλούς
321 4047 357 4087 τε
388 4024 440 4086 καί
474 4020 526 4088 ἕνα
557 4024 669 4089 πείίειν
695 4027 725 4089 ἕν
748 4027 814 4104 ε’μοί
839 4029 1058 4105 ἐμμελέτησον.
1106 4029 1178 4093 Non
1200 4030 1342 4095 multum

155 4146 271 4191 avere
305 4129 464 4193 aberravit
497 4128 714 4195 Buttmannus
748 4132 779 4195 ἐν
811 4132 877 4209 ε’μοί
910 4133 949 4197 ἑνί
981 4132 1151 4210 μελίτνσον
1181 4154 1341 4219 reponens.

155 4228 218 4295 Sed
242 4235 455 4316 compositum
479 4234 691 4311 ἐμμελέτησον
715 4238 878 4323 integrum
901 4258 936 4302 ae
958 4241 1169 4303 necessarium
1193 4243 1250 4303 est.
1284 4240 1343 4306 Le·

154 4334 321 4419 pidissime
345 4340 430 4402 enim
454 4338 633 4416 ἐμμελετᾶν
656 4365 712 4405 τινι
736 4345 768 4406 et
791 4341 912 4407 similia
934 4343 1084 4408 dicuntur
1106 4347 1161 4428 qui
1179 4346 1343 4411 creditorem

156 4442 238 4504 caeti
262 4444 344 4524 ορνοιί
363 4466 425 4506 eam
450 4447 536 4529 qaaaa‘
558 4449 641 4530 apud
658 4448 782 4512 iadicem
802 4448 877 4531 quid
894 4450 1013 4512 valeant
1032 4450 1154 4514 dicendo
1173 4455 1343 4529 οείσκιίοιοί,
