3242 5014
287 288 353 353 226
777 310 989 359 crimmum.

287 477 371 563 quod
395 479 535 546 noudum
563 484 641 547 satis
664 488 749 548 certo
771 484 899 547 restitui
920 483 1036 567 potuit.
1083 479 1186 546 Locus
1208 478 1331 567 legitur
1351 482 1387 544 in
1409 499 1482 546 mea

288 583 426 651 editione
449 607 480 672 p.
510 586 575 653 160
599 591 662 653 sic:

335 689 489 767 „Factum
513 699 578 759 est:
598 693 709 760 eodem
730 694 790 759 boc
808 693 904 758 uerbo
922 690 1015 757 binni.
1036 708 1162 758 uum
1175 737 1183 757 .
1198 739 1206 756 .
1221 708 1282 759 ,οι
1301 688 1406 757 claudi
1417 694 1479 769 ait,

286 794 480 863 factumest
513 846 543 863 ..
574 805 607 865 et
626 799 762 885 focinus
796 796 1075 865 commemorabile:
1111 796 1235 864 'liberis
1264 801 1329 891 ost,
1361 795 1480 874 Tusco,

285 897 425 981 Tiberis,
451 924 546 988 quem
567 906 659 971 iubes
679 904 784 970 cludi:
809 904 906 971 Tiber
925 907 1029 970 amnis
1046 910 1079 969 et
1095 904 1245 971 dominus
1261 909 1294 969 et
1311 901 1482 969 fluentium

285 1009 368 1072 circa
389 1016 538 1097 regnator
559 1010 728 1078 undarum.
775 1010 915 1076 Ennius:
944 1011 1103 1096 Postquam
1133 1009 1268 1074 monuit
1289 1007 1408 1092 flectas
1429 1009 1483 1094 qai

284 1114 412 1181 emnium
427 1116 585 1200 princeps,
610 1118 663 1202 qui
683 1117 737 1181 md
759 1117 910 1194 caerulco,
935 1114 1009 1181 ait.'’

331 1218 558 1306 Praeterquam
589 1226 622 1287 in
653 1222 749 1288 Ennii
781 1222 980 1310 fragmento,
1012 1217 1141 1297 italicae
1171 1218 1284 1286 literae
1304 1224 1377 1284 tum
1398 1218 1482 1285 Maii

287 1325 509 1411 supplementa
540 1333 611 1394 tum
634 1348 707 1394 mea
728 1327 879 1395 indicant.
927 1322 1080 1393 Ceterum
1103 1345 1197 1392 arena
1218 1327 1356 1391 estsine
1379 1324 1481 1402 calco,

287 1437 325 1496 ut
347 1434 563 1519 unusquisque
590 1433 689 1499 ridet.

333 1536 508 1623 Postquam
529 1537 679 1605 Kiehlius
701 1536 923 1604 Mediolanum
945 1538 1053 1611 venit,
1076 1536 1301 1622 pertriduum
1318 1535 1483 1603 Ambrosi-

286 1663 383 1707 anum
414 1641 565 1710 (iudicem
595 1646 753 1709 versavit:
785 1643 930 1729 primum
959 1640 1047 1706 diem
1076 1639 1165 1706 dedit
1194 1647 1233 1708 ut
1262 1645 1427 1708 vetustam
1450 1649 1484 1708 et

274 1752 413 1817 ‚tantum
442 1769 504 1815 non
535 1746 753 1815 oblitteratam
784 1750 976 1834 scripturam
999 1750 1218 1834 cognosceret,
1243 1747 1421 1813 secundum
1444 1755 1484 1813 ut

286 1855 458 1941 paginam,
494 1874 591 1938 quem
626 1855 818 1931 indicarem,
853 1851 991 1941 legerem
1028 1850 1113 1937 quod
1146 1850 1321 1918 admodum
1352 1850 1485 1918 difficile

287 1957 368 2035 fuit,
396 1977 472 2023 nam
494 1961 551 2024 rix
574 1958 783 2025 volitantium
806 1957 974 2024 literamm
996 1957 1130 2023 umbrae
1153 1962 1306 2044 apparent
1312 1976 1322 2036 ;
1346 1959 1485 2023 tertium

287 2069 325 2127 ut
359 2083 438 2147 quae
473 2064 535 2128 sibi
567 2063 686 2130 vidisse
715 2064 895 2141 videretur,
929 2062 1127 2129 describeret.
1174 2061 1317 2129 Tandem
1339 2072 1486 2130 extremo

287 2187 395 2233 mense
417 2171 567 2257 Augusto
586 2173 670 2236 iuter
688 2190 851 2236 armorum
869 2171 1040 2256 strepitum
1059 2189 1116 2255 per
1133 2165 1277 2236 Gallim
1294 2172 1329 2235 in
1343 2173 1485 2256 patriam

287 2273 384 2339 rediit
414 2274 559 2361 mihique
589 2275 774 2342 schedulam
805 2274 957 2353 tradidit,
991 2293 1054 2360 qua
1084 2294 1156 2341 meo
1186 2275 1343 2342 arbitratu
1365 2280 1485 2342 uterer.

289 2379 440 2446 Nondum
462 2383 496 2445 in
520 2383 628 2448 snimo
651 2388 736 2460 erat,
767 2382 807 2447 sd
830 2382 1022 2448 Frontonem
1045 2379 1164 2455 redire,
1188 2380 1244 2446 sed
1264 2401 1348 2446 nunc
1371 2400 1487 2467 operae

289 2507 342 2552 ¹¹1⁰
366 2488 507 2571 Pretium
531 2487 691 2554 iactmum
715 2489 882 2564 existimo,
907 2490 1032 2553 sicum
1055 2486 1147 2552 docto
1170 2484 1487 2552 lecterecommuni·
1596 2506 1597 2531 ³

289 2611 418 2669 cavero,
451 2593 529 2678 quid
560 2615 599 2659 ex
628 2597 691 2660 ista
721 2614 804 2661 nova
835 2599 867 2659 et
898 2594 1024 2679 saepius
1053 2593 1189 2677 repetita
1209 2589 1488 2657 lectione'lucrsri

288 2702 456 2783 possimus.
491 2698 659 2778 Primum,
693 2722 769 2767 nam
804 2720 918 2785 parum
952 2697 1081 2784 prodest
1113 2696 1233 2769 dicere,
1269 2717 1347 2782 quas
1374 2697 1489 2763 literas

288 2803 438 2870 Kiehlius
468 2808 597 2871 omnino
627 2806 811 2895 dignoscere
841 2825 904 2870 non
932 2804 1090 2888 potuerit,
1126 2821 1204 2887 quas
1236 2809 1344 2868 tamen
1374 2802 1489 2869 Maius

290 2909 369 2975 olim
393 2930 426 2975 se
449 2910 567 2977 vidisse
591 2918 743 2991 testatur,
767 2933 807 2978 ne
830 2912 901 2997 quis
923 2914 1017 2995 putet
1038 2927 1147 2973 verum
1171 2909 1362 2994 scripturam
1384 2907 1488 2973 latera

289 3019 324 3080 in
347 3018 419 3081 istis
442 3034 585 3093 uum,
610 3016 692 3106 legit
715 3022 855 3085 amicus:
880 3014 1076 3081 bocu..rbo
1099 3013 1259 3079 Eum...
1283 3014 1487 3080 homeru...

291 3120 400 3187 caclau
413 3125 445 3186 .i
468 3123 513 3187 ait
535 3122 657 3187 factum
675 3129 731 3189 est
746 3120 947 3189 -Necdum
970 3124 1080 3184 tamen
1098 3138 1171 3184 sum
1188 3118 1258 3186 loco
1276 3118 1488 3186 restituendo.

291 3225 444 3311 Sequenti
471 3247 581 3304 versu,
614 3231 670 3295 ubi
701 3248 761 3317 ego
783 3229 909 3313 scripsi:
932 3224 1069 3310 focinus
1095 3223 1376 3301 commmorabile,
1402 3222 1491 3290 nihil

292 3333 439 3399 distinxit
460 3340 585 3419 praeter
607 3356 663 3398 cru
685 3355 763 3408 cora,
788 3332 843 3398 sed
866 3330 951 3418 quod
973 3329 1082 3395 Maius
1105 3335 1137 3394 et
1161 3331 1283 3396 amicus
1307 3350 1401 3396 maus
1419 3328 1491 3395 Du·

292 3442 412 3506 riccius
431 3440 580 3506 adnotare
598 3437 824 3525 neglexenmt,
849 3439 993 3523 sequitur
1012 3434 1135 3520 aliquot
1153 3455 1305 3502 versuum
1324 3436 1490 3521 spatium,
1515 3460 1522 3471 ·

292 3548 348 3630 qui
378 3549 508 3612 omnino
536 3545 603 3633 legi
629 3551 799 3630 nequeunt.
835 3544 884 3611 Ne
906 3543 967 3609 hoc
989 3541 1120 3627 quidem
1143 3544 1221 3607 satis
1244 3544 1382 3619 constat,
1406 3548 1493 3626 quot

292 3673 425 3717 numero
465 3653 601 3728 fuerint,
636 3671 712 3716 nam
741 3653 895 3716 recentior
928 3650 1085 3732 scriptura
1117 3646 1336 3733 pessumdedit
1366 3649 1491 3713 omnia

293 3757 438 3825 llxtremi
472 3779 583 3825 versus
617 3764 692 3822 sunt
727 3759 760 3821 in
790 3760 894 3842 priore
925 3753 1074 3821 columna
1104 3756 1241 3842 paginae
1270 3772 1367 3839 quam
1398 3752 1492 3818 dixi:

294 3868 366 3929 tum
389 3866 533 3949 sequitur
556 3863 656 3930 altera
679 3861 844 3940 columna,
869 3864 902 3925 in
926 3863 1017 3925 cuius
1035 3861 1140 3945 primo
1158 3881 1253 3926 versu
1271 3857 1355 3923 nihil
1374 3858 1494 3924 distin·

294 3973 407 4056 guitur
435 3976 559 4055 praeter
582 3989 795 4056 permagnum
818 3966 865 4032 R:
898 3966 997 4032 altero
1018 3984 1114 4032 versu
1136 3967 1296 4051 incipiunt
1317 3966 1397 4030 ista:
1434 3963 1493 4030 'Pi-

295 4076 379 4140 beris
402 4084 467 4155 est,
492 4075 611 4153 Tusce,
637 4084 669 4141 ct
693 4095 772 4160 quae
796 4080 980 4160 sequuntur.
1017 4070 1113 4137 Ennii
1136 4076 1244 4136 sutem
1267 4070 1495 4157 fragmentum

295 4183 445 4246 scribitur
467 4183 530 4246 sic:

580 4284 740 4351 ENNIUS
763 4283 997 4364 POSTQUAM
1020 4280 1146 4351 oeusl

582 4389 707 4453 Nisus]
730 4388 888 4453 FLUVIU
902 4437 931 4452 ..
958 4387 1143 4454 UIOMNIB

585 4490 804 4556 PRINOEPS.
