3388 5010
267 332 334 395 2όο
757 349 968 398 urscrccururu.

263 518 295 591 ἑο
323 518 437 600 epto
469 506 618 586 eBAAe.
667 516 804 605 Scripsit
837 517 1005 585 historiam
1039 537 1149 584 rerum
1175 537 1192 585 a
1218 516 1374 605 Septimio
1398 519 1452 588 Se·

264 635 543 710 congestarum,
568 626 662 691 cuius
686 623 767 691 duos
792 624 873 690 iiiios
896 623 1037 691 erudivit
1061 635 1093 689 et
1117 625 1223 690 occiso
1248 623 1326 692 Geta
1351 628 1453 715 scrip·

262 730 304 795 sii
334 730 372 795 ati
405 731 599 797 Caracaiiatn
631 732 775 808 ἕπιςολίρν
797 731 946 814 μονῳδίαν
967 729 1172 813 ’θΠέχουταν
1195 730 1248 796 καί
1273 732 1389 819 θρῆνον,
1413 736 1453 807 νίς

261 830 304 909 είς
327 837 384 917 μὲν
408 837 493 919 αὐτῷ
517 838 679 921 tutarier
703 839 738 904 ἐκ
761 837 856 911 δυοῖν,
879 836 949 919 χείρ
971 837 1003 903 δὲ
1024 837 1099 915 μία,
1123 838 1177 902 καί
1200 833 1249 911 οὓς
1273 839 1453 905 ἐπαίδευσεν

259 938 343 1008 ίπλα
368 944 612 1026 terraturium
635 944 789 1026 αίρεοόαι,
820 945 944 1016 τούτους
970 944 1073 1011 οίκοιίοι
1097 945 1170 1009 κατ’
1191 944 1337 1021 ἀλλήλοιν
1361 945 1453 1027 ἡρμό-

258 1071 336 1122 cour.
386 1048 480 1117 Ratio
510 1059 542 1116 et
577 1068 656 1117 usus
687 1070 745 1137 pro
774 1049 978 1129 ἐιιίχουοαν
1009 1047 1125 1115 docent
1149 1047 1356 1116 scribendum
1381 1070 1452 1118 esse

257 1155 500 1236 ΠεΡΙέχουοαν.
548 1154 687 1222 Contuso
711 1165 787 1221 suut
811 1150 830 1218 ἕ
852 1163 884 1220 et
909 1143 953 1231 τ’,
980 1163 1015 1220 ut
1040 1155 1159 1241 passim
1187 1152 1260 1220 aliis
1282 1153 1370 1222 iocis.
1402 1154 1451 1222 Si·

258 1259 380 1327 utiiiier
403 1262 435 1326 iu
461 1259 604 1327 Heroict'a
629 1282 657 1348 p.
680 1266 746 1328 672
771 1261 876 1328 scribe
896 1260 1022 1335 κολωνός
1046 1261 1140 1327 αὐτόν
1160 1259 1322 1345 περιέχει
1343 1261 1450 1341 μέγας

257 1385 315 1453 pro
344 1365 486 1447 ἐπέχει,
518 1377 550 1435 et
581 1388 613 1455 p.
641 1372 715 1435 730.
740 1374 799 1434 τῶν
822 1365 887 1433 tri
910 1348 996 1452 Ὕλό
1019 1391 1055 1433 τε
1079 1366 1133 1433 καὶ
1156 1367 1297 1452 Ἀβδνίρῳ
1322 1369 1449 1451 όρνὶνυν,

257 1491 314 1558 pro
337 1474 418 1555 περί.

301 1685 376 1773 Peg.
401 1688 478 1753 617.
511 1685 645 1769 Διοδότῳ
669 1688 712 1769 τῷ
743 1685 939 1771 Καππαδόκῃ
958 1725 1003 1738 -
1021 1686 1116 1771 Φότιν
1139 1687 1195 1765 μὲν
1219 1686 1447 1771 παρεσχημένῳ

253 1790 372 1874 pericu
390 1792 587 1869 immisione,
613 1793 724 1875 ἑφόβιρ
748 1793 778 1858 δὲ
801 1793 983 1859 ιίπυόανόντι
1007 1794 1073 1859 xri.
1099 1792 1174 1859 Feri
1198 1801 1349 1859 consinus
1374 1793 1445 1859 Phi·

253 1894 379 1963 lostrari
403 1897 564 1964 scribendi
586 1897 801 1974 cousuetudo,
828 1908 864 1965 ut
885 1898 1079 1985 praepositio
1101 1899 1263 1965 inseratur
1282 1901 1350 1965 ’eN
1368 1900 1444 1983 ε’φιί·

252 2002 301 2084 βῳ
325 2002 356 2069 δὲ
378 2002 572 2070 ἀποθανόντι.
620 2004 717 2071 Piane
740 2003 895 2089 gemelius
920 2004 995 2070 huic
1020 2004 1109 2071 iocus
1133 2012 1181 2071 est
1206 2022 1276 2090 pag.
1303 2007 1380 2070 610.
1404 2005 1443 2078 ὡς

162 2102 166 2107 ’
252 2108 331 2190 μηδὲ
362 2108 487 2194 δοίιιρυον
518 2110 567 2176 ἐπ’
590 2112 676 2193 αὐτῷ
699 2112 753 2187 τίον
777 2113 923 2181 Καλλιςίι
947 2112 1076 2193 ἀφεῖναι
1100 2114 1170 2177 ἘΝ
1193 2109 1340 2191 μειρακίῳ
1363 2109 1444 2176 circ·

252 2213 391 2294 όανόντι,
424 2225 456 2283 ei
488 2217 519 2282 in
555 2215 695 2283 Hernicis
726 2237 758 2304 p.
781 2220 860 2285 675.
894 2219 979 2285 δοκεῖ
994 2217 1021 2284 δ’
1045 2216 1084 2282 ι’ίν
1105 2239 1157 2296 μοι
1181 2215 1233 2282 καί
1258 2215 1332 2297 ὑπὲρ
1355 2219 1444 2281 τοῦτο

251 2321 441 2403 ἀναδραμεῖν
463 2323 488 2387 εί
512 2324 557 2401 pt
580 2325 649 2388 'GN
672 2323 819 2407 μειρακίῳ
843 2323 1012 2403 οίπόόανεν,
1036 2332 1069 2390 ei
1093 2323 1222 2411 saepius
1246 2318 1337 2390 aiibi.

299 2534 374 2620 Pag.
399 2536 477 2601 609.
502 2535 535 2600 οὐ
558 2533 618 2607 mic
637 2533 748 2614 pru-
763 2535 822 2610 ricc
846 2535 872 2602 δ’
897 2534 989 2619 οὐχ),
1013 2532 1106 2613 ι’ίταξ
1128 2533 1160 2601 δὲ
1183 2532 1311 2613 πότοις,
1337 2533 1443 2602 scribe

250 2637 343 2719 ι’ίπαξ
365 2640 392 2707 δ’
416 2638 573 2713 ιίτιίταο.

294 2854 369 2940 Pap.
394 2856 472 2920 612.
503 2848 688 2921 Heraeiides
719 2855 880 2938 ἀρχιερεὺς
912 2855 1033 2923 Λυκίων
1064 2854 1202 2935 ἐγένετο·
1236 2856 1292 2932 τὴν
1323 2854 1354 2920 δδ
1377 2867 1442 2921 λει-

247 2960 433 3042 τουρνκτίαν
465 2956 557 3025 οὖσαν
588 2961 620 3025 οὐ
656 2959 800 3039 μεγιίλου
825 2960 923 3034 ἔόνους
947 2963 1106 3042 Ῥωμαίων
1128 2961 1280 3042 peperci
1305 2959 1442 3038 οίξιοῦτιν

248 3065 322 3147 ὑπὲρ
344 3063 557 3147 ξυμμαχίας,
582 3062 684 3145 οἶμαι,
709 3070 864 3141 παλαιοῖς.
890 3065 1054 3153 inieiiiges
1075 3066 1182 3132 tocom
1204 3064 1258 3132 ubi
1277 3069 1441 3145 ῬοιμαιὌΙ

247 3172 430 3260 reposueris
454 3191 511 3259 pro
535 3173 701 3250 Ῥωμαίων.
751 3170 883 3239 Romani
903 3171 943 3237 ob
967 3179 1107 3238 veterum
1129 3172 1318 3237 societatem
1344 3169 1442 3237 buius

247 3277 419 3345 sacerdorii
449 3278 707 3365 procurationem
735 3277 819 3366 apud
844 3287 973 3364 gentem
1000 3296 1061 3342 oon
1085 3277 1128 3343 ita
1155 3296 1305 3363 maguam
1332 3285 1439 3344 tamen

247 3385 357 3471 magui
387 3383 493 3451 iacere
523 3391 555 3450 et
586 3384 619 3448 iu
653 3403 769 3470 magno
807 3383 925 3448 honore
954 3381 1072 3449 babere
1096 3381 1260 3448 dicuntur.
1306 3382 1438 3472 Lyciia

247 3491 346 3559 Bruto
378 3490 555 3558 crudeliter
586 3490 692 3556 vexati
715 3488 755 3556 ab
782 3489 921 3555 Antonio
949 3488 988 3554 ob
1012 3489 1175 3575 egregiam
1201 3486 1296 3555 ficiem
1322 3490 1438 3555 immu-

247 3597 381 3665 uitatem
404 3595 511 3684 adepti
536 3605 631 3675 suut,
657 3605 738 3663 teste
765 3595 910 3684 Appiano
929 3595 967 3662 uic
993 3594 1074 3662 eeu.
1102 3594 1167 3662 Cic.
1193 3595 1230 3661 V.
1255 3599 1289 3663 o.

292 3812 368 3900 Peg.
393 3812 471 3878 617.
503 3808 640 3892 Πρόκλου
672 3809 703 3875 δὲ
732 3813 786 3877 τοῦ
810 3808 1029 3890 Ναυκρατίτου
1053 3809 1213 3889 πομπείαν
1232 3809 1265 3875 οὐ
1288 3811 1437 3891 τρεσβευ·

244 3918 332 3997 mxiv
365 3917 519 3998 ξυνόίντοο
551 3917 601 3984 ἐπί
633 3914 756 3991 τοίνταο
786 3917 857 3990 τοὺς
888 3913 1090 3988 παιδεύοντας
1123 3916 1265 3991 ’Atticum
1299 3916 1352 3981 xci
1386 3916 1437 3983 τόν

244 4024 442 4108 *Ιτπόδρομον
464 4021 737 4104 ἐγκαταλόξαντοο
756 4024 799 4106 τῷ
819 4023 1005 4106 λοιδορντμῷ
1026 4021 1124 4105 τούτῳ
1145 4023 1234 4100 ἧμεῖο
1247 4020 1436 4105 propterea

245 4130 341 4211 λόγου
364 4128 576 4211 οίκροοίτατόαι
598 4130 670 4211 πρός
693 4132 747 4208 τὴν
770 4135 829 4195 τῶν
853 4127 1014 4209 είρνιμέυοιν
1038 4130 1104 4208 ἦχόν
1127 4125 1347 4208 ξυνιιειμόνου,
1370 4129 1384 4195 ό
1404 4128 1437 4195 δδ

247 4237 328 4304 οὐδὲν
356 4236 447 4302 είπίιν
477 4240 616 4319 φλαῦρον
646 4234 767 4302 ἔπαινον
798 4235 958 4317 εὐφημίας
991 4233 1144 4313 διεξῆλθεν
1174 4233 1344 4317 οίρξοίμενος
1373 4236 1436 4302 cirri

246 4348 300 4411 τοῦ
324 4342 389 4408 ταὼ
411 4345 465 4408 τοῦ
488 4340 604 4424 ίρνιόος.
638 4341 713 4407 Tria
738 4342 770 4407 io
793 4339 843 4407 bis
867 4339 984 4408 ruenda
1005 4350 1102 4407 suut:
1130 4360 1187 4428 pro
1211 4341 1435 4423 τρεσβευτικιίν

246 4446 352 4518 scribe
376 4447 603 4531 πρεσβυτικήν,
630 4466 767 4533 namque
788 4446 827 4514 dc
846 4468 918 4513 sene
938 4447 1015 4514 hacc
1037 4445 1211 4523 dicuntur,
1235 4446 1348 4526 credo,
1372 4468 1434 4513 noo
