3340 5014
252 285 316 347 lbo
642 295 878 345 oosrnvormnns
904 300 1038 348 curarem

248 467 537 556 operaepretium
566 473 614 531 eat
643 466 749 552 ipsum
786 466 992 536 Heliodorum
1027 467 1156 536 audire:
1181 476 1239 536 τῶν
1262 472 1294 540 δὲ
1317 473 1431 555 ψήφου

247 572 491 655 διακρινομένων,
527 573 553 637 οἱ
583 570 639 650 μὲν
667 574 718 639 τὸν
750 570 879 639 ίοὶνατον
905 575 1258 658 καταχειροτονήσαντες
1291 576 1368 653 ἦσαν
1388 579 1431 653 είς

249 679 449 751 ἑπτακοσίους
470 678 523 745 καί
547 677 687 760 χιλίους,
712 680 736 743 οἱ
756 680 813 758 μὲν
831 685 1047 757 καταλεῦσαι,
1071 682 1143 748 οί·δ’
1162 683 1205 754 εἶς
1228 685 1263 748 τὸ
1281 684 1433 765 βοίραίρου
1461 748 1466 759 ,

246 786 374 865 πέμψαι
394 784 567 866 κρίναντες,
589 784 615 849 οἱ
639 785 671 853 δὲ
689 784 788 851 λοιποί
808 787 850 859 είς
869 788 1010 869 χιλίους,
1030 789 1093 853 κτὲ.
1130 788 1212 853 Tum
1238 791 1343 874 pergil
1361 810 1432 855 rtat-

244 910 336 966 rare,
361 887 520 976 quomodo
551 887 672 955 laetum
707 890 769 968 sit,
802 900 837 957 ut
873 892 1015 959 vinceret
1043 896 1201 959 sententia
1234 913 1346 960 eorum
1375 896 1430 981 qui

244 996 446 1064 censuissent
480 1014 542 1060 nou
578 995 682 1080 capite
714 1015 804 1062 reum
841 996 1061 1064 damnandum
1094 1018 1182 1076 esse,
1213 998 1268 1064 sed
1292 1019 1374 1086 aqua
1400 1012 1432 1067 et

246 1101 312 1188 igni
342 1103 369 1167 ei
402 1120 472 1168 esse
503 1099 774 1166 interdicendum.
823 1099 905 1183 Quid
937 1102 1053 1168 attinet
1084 1103 1209 1181 dicere,
1236 1124 1332 1189 quam
1365 1107 1431 1171 sint

242 1204 321 1272 haec
345 1202 505 1272 absurda?
542 1203 705 1290 Imprimis
730 1224 781 1271 rue
804 1205 944 1275 advertit
968 1226 1123 1274 numerus
1146 1210 1266 1275 civium
1292 1209 1430 1277 duorum

243 1310 380 1378 millium
405 1321 437 1377 et
466 1310 764 1395 septingentorum,
790 1312 845 1396 qui
870 1311 926 1377 soli
952 1311 1060 1400 populi
1084 1314 1225 1380 comitiis
1245 1314 1432 1382 interfuisse

243 1415 408 1482 dicuutur.
455 1413 518 1481 Sed
555 1423 662 1479 tarneu
694 1413 733 1480 de
769 1435 856 1481 more
888 1416 956 1502 ipse
987 1438 1077 1483 suam
1119 1439 1248 1485 causam
1288 1419 1431 1488 Theseus

243 1520 409 1589 commode
437 1526 621 1607 perorarem
653 1517 742 1585 br'evi
765 1528 872 1585 autem
900 1529 988 1607 post,
1014 1531 1048 1588 ut
1072 1522 1211 1609 legimns
1233 1544 1264 1612 p.
1279 1530 1355 1592 251.
1373 1532 1430 1604 14,

244 1625 405 1693 Phaedrae
428 1624 576 1709 cognati,
601 1629 653 1689 eui
680 1633 757 1690 tune
779 1626 990 1694 Dernaenetae
1013 1648 1129 1695 nomen
1150 1638 1240 1707 erat,
1265 1650 1347 1716 quaa
1364 1650 1431 1696 ma-

243 1752 304 1798 nus
323 1731 384 1797 sibi
398 1731 617 1808 consciverat,
643 1731 799 1797 miserum
814 1741 936 1818 patroni
958 1743 1129 1812 accusant,
1149 1735 1218 1808 τοὺς
1242 1734 1430 1811 δεινοτάτους
1547 1800 1551 1808 ,

240 1845 299 1905 τῶν
322 1835 447 1919 ῥητόρων
470 1836 543 1917 πρὸς
566 1836 621 1910 τὴν
645 1836 835 1918 κατηγορίαν
858 1838 909 1903 ἐπὶ
941 1849 1067 1914 πολλοῖς
1090 1841 1249 1922 χρήμασιν
1269 1842 1431 1921 ἀναβιβα-

241 1940 380 2020 σοέμενοι.
427 1939 558 2007 Scilicet
584 1941 752 2026 ignorabat
777 1941 968 2013 Heliodorus
991 1965 1085 2010 suam
1115 1966 1275 2033 quemque
1298 1966 1429 2013 causam

243 2046 379 2115 athenis
410 2065 505 2132 agere
537 2044 696 2113 debuisse.
745 2045 807 2112 Sed
840 2049 930 2133 peius
953 2058 1002 2115 est
1026 2049 1111 2137 qued
1136 2052 1274 2138 legimus
1300 2073 1330 2140 p.
1352 2057 1428 2120 tea.

243 2156 296 2219 ta.
345 2152 465 2238 Rapuit
489 2149 674 2236 Theogenes
697 2151 872 2218 Calasiride
895 2155 1085 2222 connivente
1109 2155 1327 2236 tiberianam,
1349 2179 1432 2246 quae

244 2266 322 2324 lunc
347 2254 503 2342 dpolliuis
531 2255 674 2344 Delphici
708 2256 923 2329 sacerdotium
949 2260 1089 2346 gerebat.
1137 2262 1187 2328 Fit
1214 2262 1373 2330 tumultus
1397 2266 1429 2331 in

243 2361 338 2440 urbe,
363 2360 505 2447 undique
530 2370 730 2429 concurrunt
753 2364 840 2430 cives
865 2372 900 2431 ut
924 2364 1047 2433 illatam
1070 2369 1133 2433 vini
1152 2376 1295 2437 arceant.
1346 2368 1430 2437 Gou-

242 2467 338 2535 cubia
363 2474 455 2533 noete
486 2468 622 2554 populus
657 2477 892 2535 convocatura
918 2472 1119 2557 praetoribus
1144 2491 1200 2558 per
1223 2492 1430 2559 praeconem,

243 2593 318 2640 nam
343 2570 494 2658 Delphis,
530 2575 576 2639 uti
605 2573 716 2653 rides,
745 2575 790 2639 sol
826 2595 960 2642 occasus
991 2596 1142 2663 suprema
1167 2586 1339 2664 tempestas
1368 2597 1428 2643 uon

243 2686 329 2747 erat:
353 2677 406 2745 καί
431 2678 445 2744 ί
468 2678 563 2757 δῆμος
587 2681 729 2749 αὐτίκα
753 2688 851 2763 παρῆν
875 2682 927 2748 καί
952 2682 987 2749 τὸ
1018 2683 1140 2764 ίέατρον
1164 2682 1305 2762 ἐγίγνετο
1326 2708 1430 2750 νυκτε-

241 2786 316 2868 ρινὸν
337 2784 560 2864 βουλευτήριον.
608 2784 758 2872 Deplorat
781 2786 941 2854 infelicem
968 2798 1087 2855 sortem
1120 2809 1211 2855 suam
1246 2786 1430 2868 Charicles,

243 2890 300 2983 qui
324 2886 511 2956 Charicleae
532 2896 622 2976 pater
640 2888 815 2974 putabatur
838 2910 925 2965 esse;
948 2899 1020 2978 post
1040 2910 1114 2958 eum
1138 2891 1234 2958 verba
1251 2892 1329 2958 lacit
1348 2911 1433 2959 unus

243 3016 281 3063 ex
305 2993 529 3085 praetoribus,
562 2995 618 3080 qui
648 2996 790 3085 primum
825 2994 910 3062 baud
940 2996 1078 3064 absurde
1106 2996 1237 3077 suadet,
1262 3008 1298 3065 ut
1321 3019 1432 3067 onmes

243 3101 343 3168 citato
363 3119 462 3167 cursu
488 3110 725 3186 persequantur
746 3099 947 3187 Theogenam
974 3111 1005 3169 et
1025 3100 1223 3168 Charicleam
1244 3111 1277 3170 et
1297 3103 1432 3171 Thessa·

243 3205 289 3273 los
316 3205 453 3299 juvenes
485 3203 665 3291 Theagenis
695 3206 835 3285 airricus,
868 3208 923 3299 qui
957 3208 1071 3275 nefarii
1101 3207 1226 3274 consilii
1259 3210 1433 3296 participes

241 3309 388 3379 luissent.
437 3307 500 3385 Οὓς
524 3312 604 3390 ἐγὼ,
627 3321 735 3377 οιιιιοι·
759 3311 1020 3399 indignabundus
1049 3311 1206 3380 exclamat
1232 3335 1262 3401 p.
1277 3319 1354 3380 296.
1370 3319 1431 3390 te,

242 3414 291 3491 οὓς
315 3418 376 3497 ἐγὼ
399 3418 483 3501 φημί
507 3425 618 3500 χρῆναι
642 3419 755 3491 αὐτοὺς
777 3419 852 3490 τέως
875 3415 920 3485 ὅτι
944 3418 1070 3502 τοίχιτα
1088 3420 1336 3500 καταλαβόντας
1356 3422 1431 3487 τίνα·

241 3523 425 3592 σκολοπίσαι
450 3522 502 3590 καί
527 3522 597 3596 τοὺς
621 3521 655 3601 ἐξ
678 3524 778 3589 αὐτῶν
803 3526 960 3605 ἀτιμῶσαι
986 3524 1231 3604 διαβιβάσοντας
1255 3526 1308 3593 καί
1332 3528 1375 3600 είς
1396 3525 1431 3592 τὸ

240 3629 329 3711 γένος
352 3630 407 3706 τὴν
427 3629 583 3710 τιμωρίαν.
632 3627 657 3694 0
676 3630 862 3717 episcopum
884 3631 1075 3698 ridiculuml
1100 3653 1119 3697 o
1138 3632 1346 3720 interpretem
1369 3651 1431 3697 uon

242 3736 352 3801 minus
374 3733 567 3811 ridiculum,
590 3734 644 3820 qui
666 3737 709 3801 ita
728 3737 882 3802 verterisc
908 3728 1091 3823 »Quos'ego
1110 3737 1161 3803 aio
1178 3757 1274 3824 quam
1292 3738 1432 3824 primum

242 3839 510 3929 »comprehensos
527 3839 617 3906 cruci
635 3837 723 3927 affigi
740 3849 886 3928 oportere
899 3852 928 3908 et
947 3842 1098 3931 quosdam
1114 3862 1152 3910 ex
1171 3842 1234 3908 illis
1254 3842 1431 3929 ignominia

242 3945 365 4024 namot,
403 3945 558 4013 translata
589 3947 686 4012 etlam
722 3947 755 4012 in
791 3944 946 4014 familiam
981 3948 1115 4035 poena.’'
1163 3948 1198 4014 Si
1234 3949 1307 4034 quis
1339 3953 1433 4012 curat

240 4052 342 4128 scire,
367 4071 448 4137 quae
474 4059 582 4138 postea
604 4061 675 4117 acta
709 4051 790 4131 siut,
817 4050 936 4119 dicam.
984 4052 1126 4121 blittitm·
1149 4052 1287 4143 populus
1312 4054 1342 4116 in
1364 4048 1431 4116 sul-

237 4154 402 4242 iragium,
427 4156 588 4244 perfertur
610 4157 762 4242 Hegesiae
784 4159 940 4244 praetoris
958 4162 1098 4244 rogatio:
1127 4159 1287 4246 perfertur
1305 4174 1432 4243 quoque

240 4262 302 4328 alia
327 4261 388 4328 lex:
413 4263 523 4340 μηκέτι
546 4265 601 4338 τὴν
620 4262 741 4345 ζοὶκορον
766 4265 949 4345 σίναφαίνειν
967 4274 1030 4339 τοῖς
1052 4268 1087 4333 τὸ
1108 4267 1243 4331 ἐνόπλιον
1260 4264 1429 4345 τρέχουσιν.

242 4368 324 4436 Τιιιιι
349 4366 479 4434 demum
508 4376 572 4435 tota
604 4370 719 4435 civitas
748 4390 782 4436 sa
815 4370 967 4457 proripit,
991 4390 1053 4437 non
1079 4370 1182 4438 adulti
1205 4377 1348 4445 tantum,
1374 4366 1428 4436 sed
