3340 5014
270 356 331 418 172
732 372 770 418 ιιι
793 371 994 420 ruucuurueu.

265 560 339 609 rere
371 561 434 608 ucri
465 541 588 622 solent,
623 537 796 607 videndum
827 560 933 607 annun
965 537 1172 630 Thucydides
1194 535 1338 619 dederit,
1369 536 1455 625 quud

265 647 431 715 decadem
451 647 634 715 retrudunt
658 646 814 714 isocrates
835 656 867 712 et
890 647 1081 736 Euripides,
1105 648 1215 730 τρθσος.
1241 646 1342 733 Prope
1357 645 1453 712 tinem

264 754 380 842 cepitis
411 753 451 820 ad
483 755 578 821 veiha
611 744 906 837 προσποίησιν-μθ
938 753 1061 822 οὖσαν
1093 752 1136 821 cf.
1168 752 1264 841 Suph.
1289 752 1339 819 ΕΙ.
1364 756 1450 819 584:

263 860 339 926 ἀλλ’
350 860 453 944 εθσθροι
465 864 509 941 μὴ
520 865 634 941 σκῆψιν
651 862 726 927 οὐκ,
738 854 860 927 οὖσαν
879 884 916 927 σι
926 860 941 937 θ
951 869 969 944 ᾔ
978 884 1011 937 ς,
1033 861 1053 926 i.
1067 880 1094 927 e.
1104 870 1303 949 praetextum
1316 859 1452 924 r'uuuem.

310 965 389 1053 Cep.
422 971 465 1033 34
496 988 609 1034 versus
632 967 729 1033 tinem
753 965 1032 1042 ἱσοκινθθνονς
1058 965 1231 1047 ἡγούμενοι.
1271 962 1453 1031 Bedhumus

263 1073 401 1140 coniecit
430 1074 663 1156 ῥιψοκινδύνως,
697 1071 782 1161 quud
815 1071 896 1138 mihi
928 1072 1118 1140 iamdudum
1151 1081 1283 1139 venerat
1307 1070 1340 1136 iu
1364 1089 1454 1136 meu·

263 1187 351 1259 tem,
377 1178 432 1246 sed
456 1180 636 1247 ehieeeram
660 1200 736 1246 eum
760 1178 822 1244 atie
846 1177 886 1245 de
909 1198 1024 1257 caiisa,
1048 1188 1116 1246 tum
1137 1177 1221 1266 quod
1241 1180 1285 1244 ita
1299 1177 1363 1243 iem
1374 1174 1453 1262 legit

265 1285 322 1351 hio
344 1284 490 1365 Cassius,
513 1287 568 1374 qui
593 1286 645 1354 xt
676 1292 718 1354 ut
732 1293 814 1352 extr.
828 1284 1050 1353 coniunxerit:
1075 1287 1277 1369 ἰσόρροπον
1302 1283 1452 1360 ἀλλήλοις

262 1392 315 1459 κιο)
339 1392 589 1460 θσοκθνθννοι.

307 1496 344 1564 lu
375 1498 587 1586 sequentihus
611 1498 696 1583 tego:
726 1498 863 1564 πείθεσθε
886 1492 936 1564 οὖν
958 1497 1085 1576 μοθλιςοι
1107 1499 1164 1577 μὲν
1188 1502 1294 1565 wira
1322 1496 1452 1586 [σολμιθ

261 1607 407 1691 σκνσεο],
434 1605 459 1671 εἷ
490 1605 522 1671 δὲ
544 1607 608 1685 μὴ,
637 1600 684 1671 θτι
706 1602 833 1684 τοθχιςκ
855 1601 966 1670 ratum
989 1603 1020 1677 ἐς
1044 1603 1095 1670 rhu
1119 1603 1255 1684 πόλεμον
1280 1604 1453 1687 ἑτοιμάζειν

261 1711 328 1778 κσὲ.
340 1759 349 1791 ,
373 1710 477 1777 deletu
502 1710 626 1798 virgula
652 1719 723 1798 pust
744 1708 794 1777 οὗν
818 1717 850 1776 et
868 1709 994 1776 ahiecto
1013 1709 1203 1777 emblemate
1221 1711 1451 1789 τολμήσοντος,

262 1816 346 1903 quod
379 1818 528 1905 repetivit
557 1817 664 1883 ueseiu
689 1817 762 1903 quis
785 1836 803 1882 e
826 1815 933 1882 verhis
955 1816 1167 1904 praegressis,
1191 1836 1290 1902 quum
1317 1836 1379 1883 uon
1403 1817 1450 1883 iu·

261 1922 427 2008 teliegeret
460 1942 634 2010 prenomen
670 1926 777 1990 τοῦτον
812 1910 1005 2009 suspensum
1043 1942 1153 1989 essee
1179 1922 1276 1990 verho
1300 1923 1449 1990 πείθεσθε,

263 2029 451 2105 Praeterea,
484 2036 519 2094 ut
549 2029 592 2094 sit
621 2028 706 2095 uude
737 2027 895 2115 pendeant
918 2028 1074 2095 inhuitivi
1098 2029 1270 2112 ἑτοιμάζειν
1292 2038 1325 2096 et
1348 2053 1450 2113 σορκ·

261 2144 351 2213 ςοῑνκι
377 2134 451 2223 (Ιιοσ
470 2134 585 2202 saitem
611 2155 669 2223 pro
692 2134 887 2223 imperativo
909 2135 1081 2217 σορκςθτιο
1103 2135 1206 2222 accipi
1228 2136 1373 2223 nequit),
1398 2156 1449 2202 vc·

261 2241 334 2309 ruta
359 2241 407 2308 δεῖ
427 2251 498 2330 post
521 2240 647 2325 σθχιςκ
671 2240 842 2309 inserenda
865 2260 935 2307 esse
959 2238 1098 2307 videtur.

308 2347 387 2437 Cup.
420 2352 462 2414 49
492 2358 576 2415 extr.
606 2368 737 2435 prorsus
761 2348 873 2414 insane
896 2346 1054 2433 scriptum
1080 2345 1239 2412 arbitrer:
1270 2344 1448 2427 νοθςκθμον

136 2458 137 2462 ’
262 2454 295 2521 δὲ
330 2456 732 2537 θσοινκχιορθσοονσοις
768 2455 835 2522 reat
871 2451 1173 2536 ἐφορμηθέντοος
1211 2452 1348 2533 Μέγοιροι
1384 2452 1446 2537 ἔφη

260 2569 374 2645 χρῆνοιι
398 2563 561 2628 σοιεῖσθοιι.
587 2560 711 2628 Guiietu
735 2560 803 2627 ioco
826 2571 863 2637 1,
884 2562 928 2626 90
953 2556 1054 2625 med:
1084 2561 1140 2637 τήν
1163 2582 1200 2625 σε
1222 2557 1449 2634 Πελοσθνννρσον

260 2670 356 2736 σοῖσιν
387 2667 514 2753 ἔφοισκν
547 2667 652 2744 inerim
680 2664 756 2734 εἶνοιι
787 2666 1047 2747 οἱνοιχιθρκσιν
1077 2689 1120 2731 σε
1149 2666 1216 2731 κοιὶ
1247 2665 1447 2749 ἀφορμήν,

260 2773 365 2841 fecitis
387 2785 437 2842 est
470 2775 612 2862 suspicio
644 2771 867 2863 Thucydidem
901 2769 932 2838 h.
952 2769 970 2836 t.
996 2771 1180 2858 scripsisse:
1216 2771 1393 2852 νοιθςοοθμον
1416 2771 1448 2838 δὲ

259 2880 588 2964 ἕσκνοιχοοροῑσοιθ
613 2905 655 2947 σε
683 2881 736 2947 κοιὶ
768 2878 1047 2963 θφορμνθιῐνοιι
1080 2877 1220 2961 mtrem
1246 2878 1308 2960 ἔφη
1335 2887 1447 2960 χρῆνοιι

259 2989 421 3053 σοιεῒσθοιι.
471 2986 654 3052 iuiinitims
676 2984 737 3052 sihi
760 3005 821 3050 uun
843 2979 1021 3051 intellectos
1045 2983 1077 3049 iu
1103 2984 1276 3072 Parrieipta
1300 2983 1449 3051 librarius

259 3103 402 3160 mutasse
436 3112 498 3158 nou
537 3101 587 3158 est
619 3091 702 3179 quod
728 3091 908 3170 miremur,
934 3089 1027 3177 sique
1051 3087 1110 3155 hue
1152 3093 1333 3171 sumimus,
1377 3110 1449 3177 pro·

259 3197 396 3265 habilius
424 3198 596 3285 expeditur
622 3195 825 3286 corruptelae
856 3196 959 3274 ratio,
994 3215 1091 3282 quem
1131 3196 1159 3261 si
1195 3195 1235 3262 ed
1265 3194 1445 3283 exemptum

259 3303 346 3370 iliius
385 3303 445 3370 loci
478 3305 691 3391 corrigimus:
729 3304 904 3383 νοιθςοιθμον
930 3301 962 3368 δὲ
985 3302 1355 3385 ἐσοινκχιθρνσθνσε
1378 3300 1445 3368 κοιὶ

257 3412 438 3495 θφορμθρν
457 3409 597 3493 Μθροιριο
617 3408 678 3495 ἔφη
701 3410 986 3494 χρῆνοιινιοιεῖσθοιι.
1013 3407 1191 3493 Utrumque
1205 3405 1302 3495 prohe
1315 3406 1446 3473 dicitur.

304 3515 383 3606 cap.
411 3523 469 3584 54:
495 3516 547 3583 κοοθ
571 3518 642 3591 τοὺς
660 3517 819 3596 ,πολέμους
843 3514 977 3598 διέφερον
1001 3514 1054 3582 reeh
1078 3515 1117 3589 ἐς
1140 3514 1187 3580 rai
1212 3515 1223 3580 θ
1232 3513 1300 3596 ερθι
1324 3512 1445 3581 ἔθυον.

258 3622 341 3707 Quid
378 3623 436 3690 hec
471 3624 535 3703 sit,
561 3624 684 3710 ignoro.
733 3621 893 3700 hiiertur,
926 3620 1009 3707 quod
1036 3619 1295 3687 diversissimum
1327 3628 1395 3700 est,
1428 3640 1446 3686 e

257 3731 354 3821 Lysia
378 3730 422 3797 Vi
454 3731 512 3816 §h
545 3730 623 3797 θθειν
658 3731 700 3803 εἰς
732 3728 852 3805 radens
882 3728 938 3805 riv
968 3728 1149 3810 σοινήρνριν.
1199 3725 1311 3793 Metius
1334 3726 1446 3794 eudem

258 3833 327 3905 ioco
352 3837 454 3904 uteris
474 3833 513 3901 ed
534 3833 764 3923 suspicandum
786 3831 969 3921 Thucydidi
990 3830 1187 3899 reddendum
1211 3851 1298 3900 esse:
1319 3833 1358 3909 ἐς
1375 3832 1447 3907 rate

258 3943 397 4024 θορσθιο
421 3941 512 4011 ἔθυον.

304 4049 378 4135 Cep.
405 4053 468 4116 tu:
495 4046 575 4126 ἥκειν
595 4051 741 4115 κοινοῦν
763 4045 962 4113 οθσονσκν.
996 4044 1077 4111 iiiuc
1099 4045 1223 4111 hiixmo
1244 4044 1342 4110 Trmo
1363 4044 1448 4111 Diss.

258 4153 360 4221 XXiV
400 4175 470 4241 cap.
505 4160 524 4220 h
562 4153 676 4222 reddes
715 4153 829 4220 veiim:
861 4153 1003 4237 ἀδελφὴν
1033 4151 1194 4233 ‘umorue
1224 4150 1448 4224 Πκνοιθννκθοιο

259 4259 433 4338 θκονσκν
460 4261 511 4327 ἐπὶ
535 4263 591 4338 τὴν
611 4261 738 4341 reperim
757 4260 1122 4344 κοινκφορθσονσονν
1140 4255 1291 4334 titiam
1312 4257 1360 4320 ἐπ’
1380 4256 1449 4321 eire-

258 4370 337 4453 μθιρ,
364 4366 417 4432 ιιΙιί
443 4364 535 4432 hodie
560 4366 679 4453 tegitur
702 4371 1024 4450 κοινκφοροῦσοιν.

304 4475 378 4561 hiup.
412 4478 454 4540 ts
484 4481 566 4539 extr.
597 4473 683 4551 μετὰ
715 4473 778 4555 etp
801 4474 929 4547 θσσθθος
951 4472 1003 4539 rat
1026 4471 1150 4554 θθροισος
1175 4468 1366 4535 steterat
1389 4464 1449 4540 σθος
