3296 5022
637 346 680 395 Η)
706 341 971 397 emersissem.

351 518 514 600 Προιτίδας
536 515 671 597 ἁγνίζων
695 515 805 596 κούρας
828 515 881 579 καὶ
905 515 956 579 τὸν
979 514 1089 595 πατέρ’
1114 516 1213 580 αύτῦν

350 631 474 703 Προῖτον
499 618 713 701 Ἀβαντιάδην
736 619 788 684 καί
813 622 912 701 γραῦν
935 618 1083 697 τίμττην
1106 618 1159 683 ert
1183 621 1285 685 τοῖσδε

350 737 470 795 unlus
492 737 551 812 μιρῐ
575 728 687 809 σκίλλη
709 749 745 790 τε
768 731 827 807 μιρῖ
852 723 930 790 τύσα
955 724 1090 802 σώματα
1111 724 1232 806 φώτων.

256 831 350 912 Quod
378 839 489 899 autem
512 829 756 905 Oasaubonnstl
784 830 917 894 σκύλακι
947 851 1062 894 senum
1091 850 1159 895 esse
1189 832 1299 915 putat,
1331 847 1406 913 quo

210 940 301 1002 niem
331 936 530 1003 lustrationis
564 936 724 1020 quoddam
757 955 860 1021 genus
891 934 1172 1015 τερισκνλακισριύρ
1206 932 1404 1019 appellatur,

209 1062 251 1106 ex
275 1062 312 1106 ea
334 1062 368 1107 re
390 1063 452 1107 non
479 1044 622 1126 sequitur
644 1039 776 1104 σκύλακι
805 1038 1026 1120 τερνκαύαίρειν
1055 1043 1139 1105 reete
1163 1038 1243 1116 diei,
1275 1044 1309 1103 et
1337 1026 1407 1123 ipsa

211 1147 314 1212 forms
336 1149 489 1212 orationis
513 1146 626 1227 σκίλλη
642 1142 686 1210 Ἢ
706 1145 839 1210 σκύλακι
863 1146 1075 1231 suspicionem
1098 1148 1213 1230 anget:
1237 1144 1405 1208 nonenim

209 1251 306 1317 datur
325 1254 360 1316 in
383 1252 503 1317 talibus
527 1253 623 1336 optio.
660 1250 789 1316 Errores
811 1250 989 1315 scriberem
1011 1252 1046 1314 in
1063 1270 1098 1314 re
1118 1247 1262 1315 obsoleta
1284 1251 1317 1313 et
1338 1268 1404 1314 om·

209 1357 306 1422 uibus
335 1361 408 1422 turn
429 1359 592 1444 incognita
623 1355 707 1440 spnd
737 1340 916 1419 Lucienum
937 1358 971 1419 et
997 1353 1134 1419 Dionem
1157 1356 1234 1419 satis
1264 1358 1404 1440 arguunt

211 1481 309 1546 quam
331 1460 482 1546 prooh’vis
505 1462 591 1527 idem
612 1481 699 1526 error
720 1461 755 1524 in
778 1458 988 1545 Theophrasti
1011 1458 1079 1524 loeo
1102 1459 1208 1524 fuerit.

256 1667 415 1736 Continuo
438 1673 597 1754 sequitur:
629 1666 812 1747 perstrata
836 1692 872 1733 τε
895 1667 961 1734 btv
986 1668 1002 1743 ἣ
1026 1667 1194 1741 ἐτίληττνν
1221 1667 1336 1749 Φρίξας
1360 1668 1403 1737 είς

212 1775 326 1839 μύλινον
350 1775 497 1859 πτύσαι]
533 1773 771 1860 Supplendumt
802 1772 917 1855 φρίξας
942 1772 1031 1859 (τρίς)
1055 1776 1098 1848 είς
1129 1771 1242 1839 κίλτιν
1273 1772 1402 1836 ττύσαι.

210 1878 382 1944 Habebunt
401 1879 462 1944 hoe
483 1880 629 1945 homines
649 1881 861 1964 superstitiosi
881 1884 916 1944 et
935 1878 1036 1945 aniles
1054 1885 1092 1944 ut
1113 1898 1246 1945 numero
1267 1878 1403 1942 ternario

209 1984 387 2048 tribuerent
408 1983 587 2069 plurimum
609 1990 642 2049 et
664 1986 769 2048 neseio
792 2004 889 2068 quam
907 1986 978 2051 rim
999 1986 1161 2072 maginem
1179 1983 1275 2049 malis
1295 1980 1403 2066 depul-

210 2089 317 2153 sendis
351 2091 385 2153 in
415 2109 454 2154 eo
491 2109 623 2154 numero
654 2092 755 2154 inesse
784 2092 885 2174 inepti
923 2091 1136 2173 opinarentur.
1194 2087 1296 2153 Paulo
1331 2091 1404 2151 ante

209 2192 446 2279 Theophrastus
465 2196 611 2279 scripsit:
635 2195 679 2272 μη
703 2192 842 2273 τρίτερον
865 2194 1041 2273 τσρενύηναι
1059 2230 1104 2243 -
1124 2196 1141 2269 ἢ
1162 2194 1261 2263 λίύννς
1278 2200 1402 2256 Trete

212 2299 284 2378 ύτὲρ
308 2307 363 2373 τῆς
387 2299 452 2364 etos
478 2298 628 2380 διαβύλη.
671 2298 781 2364 Multa
810 2304 885 2364 sunt
914 2298 1061 2383 exempla
1087 2301 1123 2363 in
1154 2296 1332 2364 anauboni
1363 2295 1403 2360 ad

209 2424 279 2488 esp.
298 2402 384 2468 XVI.
408 2406 617 2469 annotatione.
659 2401 796 2470 Conficit
819 2424 900 2481 rem,
931 2409 968 2468 ut
992 2405 1119 2488 opinor,
1144 2403 1306 2469 Theocriti
1333 2422 1402 2467 ver-

208 2508 331 2573 siculus
354 2508 407 2572 vl.
433 2506 486 2572 39.
916 2504 921 2515 “

324 2615 363 2683 ὥς
388 2615 432 2690 μη
455 2611 620 2690 βασκανύῦ
645 2612 677 2677 δὲ
700 2620 797 2677 TPIC
833 2615 876 2684 είς
900 2612 973 2689 ἐμὸν
995 2611 1118 2677 ἕττιισα
1143 2610 1269 2677 κύλτνν.

210 2718 268 2781 nbi
291 2716 478 2783 scholiasta}
504 2720 618 2783 κινοῦσι
642 2720 731 2781 τοῦτο
755 2716 848 2798 μέχρι
876 2720 929 2780 τοῦ
954 2721 1004 2781 νῦν
1027 2715 1152 2795 μιίλιτα
1178 2718 1211 2780 al
1235 2720 1400 2792 γυναῖκες.

211 2822 438 2901 Καλλίμαχος·

458 2924 521 3005 τρίς
546 2925 700 2990 κύλτσισιν
724 2925 909 2992 ύΠιττύσνσι
932 2931 1097 3004 γυναῖκες.

207 3032 264 3096 sed
290 3029 539 3107 ἘΝΙττύιιισιν,
562 3036 600 3095 ut
622 3033 749 3116 opinor,
773 3031 907 3096 dixerat.

255 3240 405 3326 Superest
436 3243 556 3307 vitium
587 3245 621 3306 in
645 3243 804 3326 superiore
829 3240 917 3308 loeo:
949 3242 1087 3319 ἒύινμῦς
1110 3239 1241 3308 ύῦλιικσν
1263 3240 1402 3321 ἀλφίτην

206 3347 285 3434 (leg.
311 3346 494 3428 ύλφιτηρῦν)
521 3346 667 3428 διαφύγη
690 3346 761 3426 τρὸς
785 3346 838 3413 τὸν
858 3345 1010 3425 ἐξηγητὴν
1035 3347 1126 3412 latos
1150 3348 1263 3424 ἒριιτῖιν
1286 3345 1318 3409 τί
1340 3345 1409 3424 χρὴ,

208 3454 332 3537 ποιεῖν]
369 3452 503 3537 Proprie
534 3453 572 3517 de
595 3453 742 3518 muribus
772 3452 928 3518 voeabula
959 3458 1035 3518 sunt
1058 3458 1097 3517 ut
1125 3451 1211 3536 apud
1241 3449 1401 3514 Romanos

207 3557 326 3632 rodere,
359 3557 515 3633 arrodere,
532 3559 708 3639 persedere,
740 3559 786 3622 sie
808 3560 842 3621 in
866 3556 1000 3623 Graecia
1027 3556 1172 3636 τρώγειν,
1202 3553 1398 3632 διατρύγειν,

208 3664 444 3741 ταρατρύγειν,
469 3660 541 3726 elia.
578 3661 689 3746 Itaque
711 3660 842 3728 Graecis
869 3665 1027 3727 usitatum
1057 3667 1105 3726 est
1128 3660 1231 3723 dieere
1262 3655 1315 3720 ἒύν
1338 3660 1400 3733 μῦς

207 3768 340 3832 ύύλακνν
363 3763 539 3846 διατρύγη,
563 3786 627 3830 non
651 3765 815 3846 διαφύγητ
847 3767 931 3831 nihil
953 3769 1040 3831 enim
1070 3771 1190 3830 comest
1219 3762 1274 3827 sed
1297 3762 1400 3826 acutis

207 3871 357 3935 dentibus
376 3871 514 3955 perforat
533 3874 669 3933 tantum.
694 3871 780 3936 Audi
797 3868 966 3937 Comioum
983 3871 1070 3955 apud
1089 3867 1287 3936 Clementem
1305 3865 1396 3931 Alex,

207 3976 310 4039 δίναν.
335 3997 408 4063 pag.
434 3974 510 4039 842.
862 4040 868 4053 ,

435 4080 468 4155 ἢν
492 4085 553 4158 μῦς
577 4080 694 4161 διορύξη
717 4079 822 4157 βωμὸν
844 4078 917 4143 ύντα
941 4080 1065 4154 τύλινσν

435 4185 487 4249 καὶ
511 4185 605 4261 μηδὲν
628 4183 703 4249 ἄλλ’
727 4183 807 4263 ἔχων
830 4183 983 4265 διατρύγη
1008 4185 1155 4249 θύλακον.

206 4294 241 4353 et
264 4293 477 4373 postpauca:
510 4291 541 4353 τί
565 4290 594 4353 δὲ
619 4288 671 4353 καὶ
697 4290 855 4366 ύανμιιςύν
882 4291 907 4353 εί
932 4290 946 4353 ὁ
970 4294 1049 4367 μῦς,
1074 4288 1170 4371 φησὶν
1192 4287 1206 4350 ὁ
1230 4284 1324 4361 Βίων,
1347 4286 1399 4351 τὸν

206 4394 340 4458 ύύλακιν
364 4393 523 4476 διὲτραγεν
551 4397 612 4474 οὐχ
640 4396 727 4475 εὑρὼν
751 4391 785 4473 ί,
809 4418 839 4460 τι
864 4393 988 4488 Φύγης,
1007 4399 1096 4460 τοῦτο
1124 4394 1186 4476 γὰρ
1208 4391 1246 4458 ῦν
1270 4386 1303 4465 ἦν
1327 4392 1400 4455 ύαν-
