3340 5014
680 358 708 403 tn
733 358 933 405 arcrcuonun.
1335 343 1398 407 169

253 519 437 590 dlrsurdmn
470 527 520 587 est
551 517 636 607 quod
660 517 781 605 legitur
805 539 834 605 p.
850 523 925 586 403.
954 522 994 584 ti
1018 518 1161 598 τοιύμων
1184 521 1241 601 μὲν
1265 520 1318 587 xxi
1342 524 1398 587 nl·

207 630 335 713 μύτων
357 628 493 705 ἀθλητὴν
516 626 776 705 οὶνοονοοορύνιςον.
813 626 894 692 l'era
918 625 1011 692 lectio
1033 646 1094 692 nun
1109 624 1250 693 difficilis
1264 629 1396 694 incentu

208 748 272 804 cst:
298 732 504 802 scribendum
529 741 577 799 est
602 731 655 799 κού
678 739 821 814 μυχῶν
845 739 877 799 el
901 731 1086 798 observabis
1109 732 1311 820 corruptelae
1334 736 1400 800 ori·

209 843 316 929 ginem
342 838 558 906 manifestam.
592 838 753 927 Denique,
776 859 848 904 cram
865 836 939 903 finis
959 837 1038 904 milri
1052 837 1398 927 aliquandoquaereo·

209 948 270 1015 dns
292 954 360 1022 est,
385 944 483 1012 rerba
503 945 573 1026 ὅροῖν
592 953 625 1010 ct
637 944 730 1025 δρᾶν,
743 943 828 1030 quod
842 946 1030 1032 saepissime
1048 943 1247 1025 factumest,
1265 945 1399 1013 coniusa

209 1062 285 1121 sunl
310 1073 341 1140 p.
356 1055 432 1118 410.
459 1054 472 1115 l
500 1050 681 1128 ἐσείσθησαν
703 1052 776 1131 πρὸς
798 1057 842 1116 τοὶ
860 1049 1035 1130 μιγνύμενοι
1056 1051 1260 1132 σύμτοοντες,
1280 1053 1324 1119 τοὶ
1343 1055 1400 1133 μὲν

208 1160 335 1245 ddum
359 1159 384 1223 ni
404 1155 571 1234 συνιέντες,
593 1156 636 1222 τοὶ
655 1156 821 1239 ύρύμενοο
842 1157 873 1222 δὲ
892 1158 917 1223 οἱ
939 1157 1047 1224 πολλοὶ
1068 1158 1288 1242 θαυμάζοντες.
1320 1158 1400 1242 Quis

210 1265 342 1353 negabit
354 1264 397 1331 rol
413 1264 588 1346 δρώμενον
607 1282 717 1329 rerum
738 1261 829 1329 essel
854 1261 973 1329 Eodem
991 1262 1085 1329 modo
1098 1269 1217 1351 pili.
1232 1270 1274 1333 dd
1294 1270 1401 1332 τοῦτον

209 1368 286 1440 elom
310 1372 412 1438 ἐκεῖνον
435 1369 478 1436 τοὶ
502 1374 553 1437 νῦν
572 1369 723 1452 ὁρώμενοι,
745 1388 911 1456 perperam
933 1369 1052 1455 legitur
1072 1370 1209 1452 δρώμενον
1233 1371 1264 1437 in
1286 1371 1401 1439 Codice

211 1475 461 1544 vindobonensi.
514 1464 585 1542 allia
620 1473 766 1563 exempla
803 1493 906 1563 nuper
942 1475 1163 1543 Weckleinius
1205 1474 1334 1563 collegit
1369 1477 1402 1543 in

213 1585 321 1652 lluseo
346 1582 500 1650 Rhenano
527 1581 588 1647 rol.
614 1580 898 1668 xxt11.p.tsu.
948 1580 1053 1647 Unum
1077 1581 1259 1669 exemplum
1285 1581 1402 1650 addam

211 1710 251 1758 ex
283 1690 436 1780 lliooysio
476 1686 750 1755 Halicarnassensi
783 1687 839 1754 ΙΙΙ.
886 1690 943 1763 19,
977 1685 1031 1753 ubi
1064 1684 1262 1755 describitur
1294 1708 1403 1775 pugna

212 1797 431 1863 Curiatiorum
455 1803 488 1862 et
513 1793 733 1859 Horatiorum:
758 1791 1089 1877 audiebantur-purat
1110 1802 1269 1876 συνεχεῖς,
1295 1797 1328 1861 ού
1347 1796 1404 1875 μὲν

211 1907 285 1987 πρὸς
308 1903 352 1969 τὰ
381 1899 517 1984 δρώμενά
548 1923 591 1966 το
630 1900 697 1965 κον)
729 1899 910 1980 ύρύμενοο
941 1901 995 1983 ὑφ’
1027 1899 1193 1982 ἑκατέρων,
1218 1903 1251 1967 ού
1276 1900 1308 1967 δὲ
1331 1901 1404 1983 πρὸς

211 2010 256 2077 τοὶ
279 2006 437 2089 μέλλοντά
461 2030 498 2073 τε
520 2006 573 2073 κού
598 2004 846 2084 ύτοττευύμενοο.
896 2004 1036 2094 Apparet
1058 2006 1199 2073 insiticia
1219 2027 1289 2074 esse
1309 2007 1405 2074 verina

211 2140 257 2185 τε
280 2114 349 2182 xci
374 2113 569 2196 δρώμενον,
601 2110 658 2178 sed
689 2111 867 2178 absurdum
900 2132 1028 2200 quoque
1059 2119 1108 2179 est
1140 2112 1224 2201 quod
1249 2113 1405 2180 continuo

212 2222 380 2309 sequitur:
405 2215 440 2295 ἦν
468 2219 565 2287 analo
596 2218 639 2285 rai
667 2216 855 2302 εἷκοοζύμενύ
878 2243 914 2284 τε
938 2219 990 2284 κού
1016 2216 1196 2300 δρύμενοο
1219 2227 1278 2286 τῶν
1300 2243 1404 2300 νιγνο·

211 2327 327 2411 μένων·
352 2347 426 2393 nam
460 2325 639 2413 requiritur
668 2324 849 2407 ὃρύμενοο
882 2344 940 2391 nec
971 2324 1142 2410 quisquam
1167 2324 1339 2393 contendet
1363 2326 1406 2392 cd

212 2434 353 2518 δρύμενοι
378 2440 465 2500 recte
485 2433 599 2519 opponi
622 2450 713 2517 posse
731 2439 794 2505 τοῖς
814 2428 1020 2510 γιγνομένοις.
1067 2429 1200 2498 Scilicet
1223 2430 1304 2517 sigla
1325 2429 1406 2499 lece·

213 2549 293 2609 runt
326 2550 362 2607 ut
392 2546 548 2627 perpetuo
583 2534 860 2603 contunderentur
891 2545 964 2612 ΑΡ,
998 2545 1065 2613 ΕΡ,
1098 2546 1151 2604 01>
1183 2545 1216 2604 et
1243 2547 1309 2606 ΔΡ.
1358 2537 1405 2604 Ex

159 2666 168 2685 ¹
213 2666 331 2734 magua
370 2645 460 2733 copia
495 2642 737 2730 exemplorum,
781 2662 863 2729 quae
889 2640 968 2708 milri
993 2644 1023 2707 in
1051 2651 1201 2730 promptu
1237 2652 1306 2723 est,
1343 2643 1408 2709 duo

212 2751 408 2820 adscribam.
440 2750 575 2835 Legitur
598 2747 681 2835 apud
703 2748 949 2816 Demosthenem
970 2746 1043 2815 adr.
1070 2747 1232 2816 (lunonem
1256 2770 1283 2836 p.
1306 2753 1406 2817 1269:

213 2859 317 2928 ἆνούω
340 2857 403 2940 γὰρ
427 2855 566 2940 Βύκχιύν
594 2879 630 2921 σε
659 2877 746 2932 τινοι,
770 2851 802 2929 ὃς
827 2858 914 2936 τοιρ*
939 2854 1188 2934 iniuriarum
1213 2856 1266 2923 κού
1288 2858 1408 2936 'Apes-o·

213 2963 331 3049 νερύτνν
361 2963 414 3030 τὸν
450 2964 521 3036 τοὺς
555 2961 738 3046 ύφύοολμοὺο
768 2960 985 3045 διεφθαρμένον
1021 2960 1073 3028 κού
1105 2962 1255 3038 τοιούτους
1292 2962 1408 3046 ἑτέρους

213 3069 417 3155 Τριβαλλοὺς
439 3069 614 3148 ἐσωνυμύοον
638 3066 734 3150 ἔχειν.
781 3064 831 3134 Nil
862 3066 1038 3154 quidquam
1064 3066 1117 3135 hic
1141 3068 1305 3155 significat
1335 3074 1410 3152 τωρ*

215 3179 291 3259 ὑμῖν
306 3186 339 3244 et
358 3175 482 3244 arridet
500 3194 577 3241 sane
597 3172 644 3241 ri
652 3197 775 3256 puoso.
812 3170 957 3241 Alterum
978 3173 1160 3261 exemplum
1183 3176 1312 3242 inuenio
1325 3173 1410 3263 apud

216 3281 414 3374 Aeschylum
440 3282 472 3347 in
496 3278 690 3366 Circephoris
715 3299 762 3346 rs.
786 3282 864 3346 529.
911 3279 1028 3348 Narrat
1057 3278 1183 3347 Clrorus
1205 3280 1312 3349 Oresti
1337 3281 1411 3372 Cly·

214 3398 447 3459 taemnestram
473 3388 506 3453 iu
530 3388 655 3454 somnio
679 3385 739 3452 sibi
765 3385 866 3452 risam
894 3393 966 3453 esse
987 3387 1149 3474 peperisse
1172 3385 1345 3455 draconem
1378 3394 1411 3454 et

445 3495 476 3560 ἐν
499 3494 706 3577 στορνύνοισι
729 3492 839 3567 οτοοιδύς
863 3492 1030 3574 ύρμύσοοι
1054 3493 1151 3572 δίκην.

215 3601 331 3672 Nescio
354 3598 514 3689 quomodo
539 3600 678 3666 Pcrsono
704 3599 829 3686 placere
854 3601 993 3685 potuerit
1017 3601 1208 3681 ύρμνῑσοοι.
1251 3597 1409 3685 Equidem

217 3707 379 3799 praefero:
404 3705 611 3789 οὶρμύσονι,
637 3706 735 3773 sicuti
760 3706 793 3772 in
820 3705 933 3793 Eurip.
959 3705 1082 3794 llippol.
1110 3726 1155 3773 rs.
1171 3708 1272 3772 1189:

446 3815 560 3884 οούτοιῒς
584 3812 614 3878 ἐν
636 3811 824 3895 ύρβύλοοισιν
847 3810 1036 3894 οἱρμύοοος
1059 3811 1163 3891 odda,

218 3926 252 3988 et
275 3920 308 3987 iu
335 3916 447 3988 Oreste
469 3938 514 3984 rs.
536 3921 623 3984 πᾶν

448 4018 466 4099 ἦ
486 4022 564 4090 κύον)
582 4022 682 4103 νοούοοο
705 4021 882 4104 οὶρμύσοιι
902 4023 1001 4097 oddar
1024 4023 1140 4099 θέλητε

218 4139 253 4200 et
277 4131 309 4198 in
336 4129 469 4198 Bacclns
495 4149 541 4197 rs.
567 4133 652 4198 231:

447 4236 501 4304 κού
525 4240 612 4319 σφᾶς
636 4235 773 4318 σιδηροῖς
796 4233 977 4317 οὶρμδσιιρ
999 4235 1029 4302 ἐν
1049 4233 1185 4318 ἄρκυσιν.

223 4343 356 4432 llcliqua
383 4343 416 4409 in
452 4340 619 4408 Heliodoro
645 4352 817 4428 corrupta,
851 4360 933 4428 quae
964 4351 1041 4409 sunt
1073 4362 1208 4409 numero
1240 4362 1317 4410 sane
1349 4364 1412 4410 non

222 4449 358 4536 exiguo,
386 4448 568 4538 propediem
593 4448 795 4516 exararinabo.

291 4570 537 4651 Amrlclodomi,
563 4569 596 4638 d.
624 4574 665 4637 li
689 4589 732 4638 m.
757 4569 834 4638 Nou.
864 4572 958 4637 1872.
