3296 5022
617 355 659 403 nn
683 352 948 403 rmornasscru.
1340 331 1383 400 45

183 532 258 597 aire.
303 530 416 615 Itaque
446 529 473 591 si
504 526 713 591 Athenienses
747 527 826 591 bene
857 525 934 589 novi
967 544 1062 590 nemo
1094 546 1205 592 eorum
1239 523 1383 610 palmam

184 636 307 703 serebat
328 638 364 701 in
385 634 504 709 hortis,
537 652 618 717 quae
639 631 753 697 husee
775 630 898 713 φανεροῦ
923 629 1031 711 ζημία,
1069 630 1139 712 Quo
1162 636 1255 718 pacto
1279 633 1383 719 igitur

186 745 201 809 θ
224 742 327 824 Φοίνιξ
349 741 388 806 de
410 739 519 805 arbore
542 738 689 823 delapsus
711 739 820 819 χαμαὶ
847 739 966 803 κεῖσθαι
988 735 1114 824 potuit?
1148 736 1247 803 Nullo
1270 740 1381 822 paeto,

186 854 219 917 et
242 845 457 935 quaerendum
480 844 557 931 quid
579 847 613 909 in
637 852 815 911 ΦΟΙΝΙΚΛ
838 844 948 911 lateat.

232 953 296 1021 Sed
317 958 478 1040 praeterea
495 951 554 1015 hoo
572 971 697 1036 quoque
719 951 934 1036 quaerendum
954 953 1015 1015 erit
1034 950 1118 1017 unde
1138 952 1181 1016 sit
1199 955 1275 1016 nata
1294 952 1385 1015 tanta

187 1064 361 1146 scripturae
400 1058 611 1143 discrepantia
648 1058 682 1121 in
716 1057 839 1122 verbis:
875 1057 945 1122 οὔτε
982 1054 1080 1121 ἕλοθαν
1116 1056 1132 1131 ἢ
1167 1058 1292 1135 φοίνικα
1323 1061 1384 1120 τῶν

188 1166 298 1248 χαμαὶ
324 1161 468 1242 κειμένων
496 1161 676 1227 οὶνελέσθαιε
700 1183 815 1249 nempe
837 1184 895 1249 pro
919 1161 1062 1241 κειμένων
1084 1162 1248 1230 Parisinus
1271 1163 1308 1228 B.
1331 1186 1384 1227 πε·

190 1271 353 1338 ττωαθτων
380 1268 487 1334 habet.
530 1267 644 1333 Dicam
674 1268 753 1354 quid
781 1271 931 1355 suspicer.
968 1269 1079 1356 Neque
1102 1270 1246 1347 κειμένων
1274 1272 1386 1358 genui·

190 1400 271 1445 num
301 1382 349 1443 cst
378 1395 479 1461 neque
512 1373 728 1440 πεπωκότων.
767 1371 973 1441 Coniecturae
1006 1376 1065 1441 hae
1096 1380 1171 1440 sunt
1197 1397 1307 1442 eorum
1331 1379 1387 1462 qui

191 1489 333 1553 veterem
355 1481 527 1548 lectionem
549 1482 583 1545 in
607 1480 723 1547 detrito
750 1481 833 1547 libro
857 1502 1025 1569 agnoscere
1051 1502 1114 1548 non
1136 1487 1292 1568 poterant.
1327 1481 1388 1548 Ve-

191 1612 265 1656 rum
296 1609 362 1655 esee
394 1586 529 1653 arbitror
563 1590 622 1650 τῶν
649 1595 919 1666 χαμαιΠΕΤΩΝ
953 1587 1137 1663 ἀνελέσθαι,
1169 1588 1253 1673 quod
1287 1608 1388 1674 quum

193 1699 250 1763 vix
280 1697 443 1781 appareret
471 1690 553 1757 alter
583 1693 788 1757 semestres
818 1693 923 1772 dedit,
956 1693 1055 1771 alter,
1085 1696 1162 1780 quie
1191 1694 1300 1776 χαμαὶ
1332 1718 1386 1759 πε·

192 1800 344 1868 πτωκέναι
368 1819 426 1886 pro
446 1796 580 1879 χαμᾶζε
603 1798 764 1865 coloseum
783 1805 847 1878 est,
872 1800 1041 1866 substituit
1063 1798 1219 1877 κειμένων.
1251 1800 1390 1865 Derides

193 1905 347 1994 appellari
375 1904 514 1973 οθττικιοθ
542 1903 685 1971 solebant
714 1915 927 1987 χαμαιπετῆ,
962 1912 1000 1971 ut
1030 1906 1115 1992 apud
1144 1906 1325 1973 Lucienum
1347 1902 1389 1972 'in

193 2013 365 2096 scopam
398 2031 465 2096 cap.
493 2008 545 2075 13.
582 2009 642 2088 ἥκω
667 2011 738 2089 ὑμῖν
769 2010 899 2092 κομίζων
930 2012 982 2076 καὶ
1006 2017 1093 2092 τοροῦ
1119 2012 1312 2095 τροφαλίδας
1335 2012 1387 2078 καὶ

195 2117 293 2190 isaiae
324 2124 553 2199 χαμαιπετεῖς.
601 2116 758 2203 Reooquit
784 2119 881 2185 homo
903 2120 1030 2205 ineptus
1052 2119 1135 2205 quod
1159 2119 1244 2205 apud
1265 2120 1390 2185 Atticos

193 2225 333 2314 legerat,
365 2243 501 2309 quorum
523 2242 612 2289 mors
636 2222 872 2311 Theophrastus
894 2227 1038 2311 scripsit:
1063 2225 1133 2291 οθτε
1156 2226 1256 2290 ε’λοθαν
1281 2223 1298 2300 ἢ
1322 2224 1389 2304 φοί·

196 2354 264 2396 νικα
288 2334 346 2395 σῦν
369 2335 649 2410 χαμαιπετῶν
673 2328 845 2395 ἀνελέσθαι.

241 2543 322 2608 Ibid.
347 2540 400 2607 κα)
425 2541 642 2621 ἀπαγορεῦσαι
661 2550 699 2624 τῇ
723 2542 847 2620 γυναικὶ
872 2543 953 2620 μήτε
976 2541 1059 2615 ἅλας
1083 2543 1287 2624 χρωννθειν
1309 2543 1391 2619 μήτε

196 2648 358 2729 ἐλλύχνιον
392 2648 474 2724 μήτε
509 2645 631 2723 κύμινον
664 2684 707 2695 -
738 2648 826 2712 ἄλλα
863 2648 969 2727 λέγειν
1003 2646 1049 2714 ὅτι
1080 2650 1123 2715 τοῦ
1153 2650 1250 2730 μικροὶ
1284 2653 1391 2714 ταῦτα

195 2754 301 2821 πολλοὶ
324 2755 370 2824 ἔτι
394 2757 448 2819 τοῦ
471 2753 637 2837 ἐνιαυτοῦ]
673 2751 737 2819 Pro
758 2753 919 2835 χρωννθειν
942 2759 1098 2822 sententia
1119 2756 1271 2822 suadente
1296 2756 1389 2820 scrib.

200 2860 358 2944 κιχροθναι.

244 3071 326 3138 Ibid.
358 3077 416 3137 σῦν
446 3070 637 3151 μικρολόγων
666 3072 803 3144 καὶτὰς
831 3070 1037 3153 οἴοχυοοθθκαι
1069 3070 1131 3140 έςιν
1154 3073 1227 3139 ἰδεῖν
1251 3072 1395 3153 εῦοωτιθ·

199 3202 258 3252 σας
275 3179 327 3244 καὶ
348 3185 434 3250 κλεῖς
454 3175 613 3264 isaiam]
628 3178 782 3245 articulus
802 3180 909 3245 abesse
927 3199 990 3246 non
1008 3183 1112 3266 potest
1132 3179 1184 3245 nai
1202 3187 1289 3245 Tne
1310 3189 1395 3252 κλεῖς

199 3283 341 3362 θωμέναο.
375 3283 413 3349 In
435 3289 570 3369 utroque
592 3282 737 3349 Parisino
759 3284 875 3351 diserte
893 3285 945 3349 καὶ
968 3284 1027 3357 τὰς
1052 3292 1137 3360 κλεῖς
1158 3288 1315 3372 σπείραισιν
1337 3291 1394 3352 est.

245 3495 327 3562 lbid.
352 3496 404 3560 καὶ
422 3495 457 3560 σθ
481 3494 573 3571 μέσον
597 3501 652 3568 τῆς
675 3495 790 3575 ἡμέρας
810 3497 1070 3583 duodecumas]
1103 3498 1232 3562 Editor:
1259 3497 1394 3574 „medio

200 3604 251 3668 dic
273 3603 403 3667 θοθαθναο
424 3600 599 3688 ονοοπιικθ.”
623 3601 677 3667 sed
700 3621 762 3667 non
785 3608 833 3667 est
856 3623 892 3667 ea
914 3607 1001 3669 notio
1022 3604 1114 3669 verbi
1137 3603 1292 3668 ὑποδῦναι.
1335 3602 1397 3669 Re·

111 3730 119 3749 ⁸
199 3730 278 3775 voca
301 3715 440 3775 veterem
456 3710 645 3794 scripturam
666 3706 912 3785 ῦποΛνομένονςι
937 3709 1048 3772 calceos
1066 3709 1210 3773 οαιοοθοαθ
1235 3715 1268 3774 et
1285 3708 1396 3774 discal-

200 3802 281 3881 ceati
304 3814 442 3902 agebant
463 3834 538 3899 prae
562 3812 688 3879 sordida
710 3815 907 3898 parcimonia
928 3812 1088 3879 videlicet.

246 4023 322 4112 Gap.
346 4023 403 4089 XI.
428 4023 604 4104 Βδελυρθαο.

247 4132 298 4198 καὶ
330 4128 487 4209 ἡττημένῳ
518 4128 549 4194 δὲ
581 4126 727 4206 μενοὶλκν
765 4126 849 4203 δίκην
883 4129 1005 4195 οὶπιθντι
1044 4133 1105 4197 ἀπὸ
1138 4137 1191 4197 τοῦ
1224 4134 1394 4215 irase-spico

202 4238 408 4320 προοελθΕΙΝ
443 4244 515 4301 ΚΑΙ
551 4236 758 4322 συνησθῆναι]
815 4236 954 4303 Putasne
995 4236 1249 4326 Theophrastum
1289 4240 1395 4305 solnm

202 4344 301 4412 semel
334 4345 502 4410 descivisse
534 4342 573 4409 ab
602 4344 748 4408 omnium
779 4344 917 4413 σἰττικιςθ
938 4343 1139 4439 loquentium
1169 4347 1396 4414 consuetudine

202 4457 372 4549 perpetua,
396 4456 428 4516 et
448 4450 565 4514 dixisse
588 4450 762 4529 προσελθεῖν
785 4450 1037 4541 respuentem
1060 4473 1117 4539 pro
1135 4455 1305 4535 προσελθων
1327 4477 1395 4519 συν·
