3330 5012
287 357 352 421 528
681 371 914 419 ocsunmrrouus
943 370 1077 419 cnrrrcsa
1181 437 1186 441 .

289 537 538 605 Vatcleuaerius
563 540 595 604 iu
621 537 762 606 illatribe
787 561 816 626 p.
840 545 905 607 235
930 536 1067 604 feliciter
1091 554 1196 603 veram
1225 534 1395 604 lectionem
1419 554 1471 603 re·

287 645 371 732 perit
391 650 425 710 et
446 642 644 712 emendavit:

535 749 595 829 οὐχ
617 744 655 822 σἰτ
680 747 806 822 πθθασ
829 753 857 815 κ’
882 749 993 832 ἔχωντι
1016 748 1069 813 ταί
1093 748 1228 828 τριθριεσ.

287 852 380 919 Facit
403 871 440 920 ea
471 853 653 940 corruptela
687 861 722 917 ut
747 854 856 921 miuus
877 853 974 920 etiam
999 850 1142 919 dubitem
1166 849 1244 936 quid
1269 852 1312 917 sit
1337 849 1473 918 reddeu-
1648 872 1649 951 q

281 955 364 1024 dum
394 956 593 1046 Thucydidi,
623 956 710 1045 apud
733 978 829 1044 quem
866 960 901 1024 t.
928 961 968 1024 10
992 977 1089 1024 sensu
1114 975 1215 1023 vacua
1239 954 1334 1022 verba
1359 954 1473 1042 legun·

287 1070 358 1128 tur:
385 1062 442 1127 ὑπὸ
466 1062 527 1135 τοὶς
549 1062 655 1137 πύλας
677 1061 779 1130 ἵππιον
800 1088 835 1129 τε
865 1063 983 1137 πόδες
1007 1063 1152 1129 πολλοί
1176 1062 1228 1127 καί
1253 1062 1410 1142 ανθρώπων
1432 1065 1472 1134 tir

287 1165 425 1245 ἐξιόντων
449 1168 761 1249 ὑποφαίνονται.
804 1165 1048 1234 Emendaudum
1072 1165 1199 1234 videtur
1217 1166 1360 1237 σποδὸς
1383 1181 1472 1232 πολ·

287 1273 668 1356 λίρ-ὑπσφαίνεσαι.
716 1270 881 1359 Euripidis
906 1270 1001 1338 verba
1029 1272 1163 1339 suntin
1188 1271 1264 1337 loue
1287 1289 1335 1338 vs.
1362 1275 1426 1338 aot

493 1380 610 1458 καρποῦ
634 1376 661 1443 δ’
685 1377 758 1458 ὑπὲρ
782 1385 841 1456 γῆς
864 1374 949 1453 ἥκετ’
973 1377 1131 1453 θριπαίθοιν
1154 1376 1247 1457 etp:

289 1480 399 1548 Nonne
431 1489 573 1568 praestat
608 1480 773 1564 σπθρσοί
815 1480 906 1562 Quod
938 1484 1157 1568 Agamemnon
1188 1479 1227 1546 ad
1260 1498 1369 1546 senem
1394 1476 1473 1545 dicit

289 1586 382 1652 initio
403 1585 587 1673 iphigeniae
605 1585 788 1653 Aulidensis
805 1586 962 1664 πεύσει,
979 1588 1032 1653 cui
1050 1605 1147 1654 senex
1161 1581 1331 1672 respondet
1342 1584 1473 1661 σσσθθιι,

288 1711 362 1759 cum
389 1692 497 1759 ruinas
528 1691 653 1759 facilem
685 1691 929 1778 explicationem
961 1690 1096 1769 lrabeat,
1120 1688 1188 1757 fere
1211 1690 1360 1775 suspicor
1382 1708 1474 1776 prae·

289 1805 376 1862 sture
399 1800 585 1864 σπεῦσον.
633 1794 682 1863 cf.
710 1796 839 1863 Porsen.
864 1796 995 1864 tavers
1020 1818 1050 1883 p.
1065 1800 1140 1862 utu.
1190 1795 1334 1882 Denique
1355 1792 1473 1880 Sopho·

289 1900 348 1968 clis
372 1901 491 1969 senarii
516 1910 592 1966 sunt
616 1900 701 1988 apud
725 1900 898 1968 Stobaeum
926 1906 999 1969 109.
1025 1906 1055 1967 2.

492 2007 536 2084 ριίι
561 2013 700 2086 σπεῖρε
723 2015 849 2079 πολλοῖς
872 2011 924 2073 τὸν
946 2006 1086 2088 παρθντα
1109 2008 1241 2087 δαίμονα

493 2110 661 2190 erysimum
684 2110 748 2192 ρσίρ
771 2113 816 2181 ἔτι
840 2114 1005 2193 θρηνεῖσθαι
1030 2114 1160 2194 πρέπων.

291 2214 454 2283 Scribam:
479 2218 524 2294 ub
550 2215 675 2298 ’παιρο
700 2225 845 2294 πολλοῖς,
868 2217 966 2283 sicuti
989 2218 1074 2305 apud
1091 2217 1279 2304 Euripidem
1302 2217 1420 2303 iegitur
1440 2218 1473 2282 in

291 2319 496 2409 Supplicibus
519 2340 566 2387 rs.
592 2324 653 2388 581

537 2427 617 2493 οὔτοι
641 2426 678 2505 ρι’
701 2428 836 2508 ἐπαίρεις
859 2426 915 2497 dira
941 2430 1077 2507 θυμῶσαι
1101 2430 1213 2511 Φρὲνας

538 2540 602 2606 τοῖς
624 2539 700 2599 τοῖσι
724 2533 878 2613 adportare„

290 2655 486 2725 quamquam
512 2637 601 2703 locus
625 2656 664 2705 ne
688 2639 735 2704 sic
759 2639 889 2725 quidem
916 2647 1105 2725 personatus
1129 2648 1188 2705 est.

335 2744 371 2810 fn
402 2741 641 2830 superioribus,
680 2765 708 2830 p.
738 2748 796 2810 161
831 2743 911 2809 duos
943 2745 1005 2809 iant
1046 2742 1184 2809 indicavi
1217 2741 1320 2821 focos,
1357 2736 1494 2831 quibus'

289 2848 414 2915 librarii
437 2847 651 2914 confuderunt
676 2847 899 2935 imperfectum
926 2859 959 2914 et
981 2847 1343 2935 plusquamperfectum.
1388 2847 1475 2914 Satis

289 2951 402 3019 crebro
437 2954 483 3018 sic
513 2961 660 3030 erratur,
694 2955 738 3018 ita
770 2966 877 3020 tarucu
922 2962 956 3018 ut
993 2951 1342 3040 plusquamperfectum
1380 2949 1474 3039 paulo

290 3056 492 3143 frequentius
531 3057 635 3122 locum
671 3056 764 3124 cedat
802 3055 990 3143 imperfecto
1024 3077 1120 3143 quarn
1156 3066 1279 3123 contra.
1328 3057 1381 3124 Fit
1415 3056 1475 3123 boc

291 3171 399 3228 tamen
424 3159 593 3248 aliquoties
615 3171 649 3228 et
671 3181 745 3229 ecce
767 3162 831 3228 duo
851 3162 918 3246 jam
943 3181 982 3228 ex
1008 3160 1174 3228 Heliodoro
1193 3160 1264 3227 loci.
1302 3163 1336 3230 P.
1352 3166 1429 3229 uuo.
1455 3166 1475 3228 t

290 3274 444 3347 narratur
475 3267 634 3333 somnium
668 3267 751 3352 quod
788 3265 956 3334 Glrariclea
988 3266 1083 3333 vidit:
1118 3269 1266 3352 apparuit
1299 3268 1328 3334 ei
1353 3265 1476 3354 species

290 3366 373 3449 viri,
399 3390 481 3458 quae
510 3378 569 3438 τῶν
598 3373 768 3453 ὀφθαλμῶν
799 3374 880 3454 αὐτῇ
903 3373 955 3438 τὸν
978 3370 1075 3444 δεξιὸν
1098 3370 1282 3453 ἐξῄρητο,
1308 3372 1371 3457 qu'o
1392 3371 1476 3437 facto

289 3474 460 3543 confestim
485 3475 707 3564 expergefacta
730 3485 791 3543 est.
826 3476 938 3543 Nonne
957 3496 1069 3543 verum
1093 3485 1142 3545 est
1165 3474 1367 3558 ἕξρρεῖτιί
1392 3475 1475 3542 atili

290 3603 321 3669 p.
340 3585 416 3648 291.
441 3585 495 3648 21.
522 3590 633 3649 narrat
658 3581 812 3650 Calasiris
830 3602 892 3648 non
918 3583 1062 3667 ignotum
1084 3581 1186 3648 fuisso
1204 3579 1389 3648 Charicleae
1407 3600 1477 3648 ora·

289 3685 399 3755 culum
423 3686 583 3775 quoddam
604 3687 644 3754 de
668 3707 703 3755 sc
725 3688 793 3775 ipsa
818 3686 858 3753 ab
884 3685 1029 3773 Apolline
1048 3685 1307 3754 consultantibus
1329 3684 1472 3753 editum:

289 3793 323 3859 οὐ
345 3790 409 3875 γὰρ
433 3792 598 3871 lyedeco
623 3802 662 3868 τῆ
694 3792 862 3877 Χαρικλείᾳ
893 3793 1081 3873 θχρησμθσ.
1129 3792 1188 3858 ute
1211 3811 1338 3879 quoquo
1359 3792 1477 3860 rescri-

290 3896 364 3964 bunt
389 3899 582 3976 ἠγνοεῖτο.

335 4001 429 4069 Nunc
451 4000 655 4070 conferemus
677 4012 708 4088 p.
723 4006 799 4068 tot.
826 4008 866 4069 31
890 4004 974 4085 βαρὺ
996 4004 1053 4083 μὶν
1082 4003 1134 4069 καί
1158 4009 1267 4080 τοῦτο,
1298 4004 1379 4078 πλὴν
1401 4003 1477 4069 olna·

291 4109 348 4177 θςιν
372 4109 407 4188 γ’
431 4107 541 4183 οίλνθὲς
572 4112 694 4186 μᾶλλον
724 4109 741 4183 ἢ
773 4111 808 4173 τὸ
838 4107 936 4190 ἕτερον
959 4117 991 4175 ct
1016 4129 1045 4194 p.
1066 4112 1144 4175 tut.
1172 4112 1214 4175 96
1237 4110 1321 4191 βαρὺ
1344 4108 1401 4189 μὲν
1424 4107 1477 4174 καί

291 4212 396 4285 ἄλλοις
419 4214 567 4293 αἱσχρθν,
603 4214 683 4288 πλὴν
713 4196 803 4279 οίλλθι
827 4215 898 4279 τίνα
929 4214 1040 4280 σκοπὸν
1064 4212 1131 4294 ἔχει
1155 4218 1190 4281 τὸ
1214 4214 1363 4293 πλοίσρια.
1413 4212 1478 4280 td-

292 4314 406 4382 hibebo
429 4315 487 4382 hos
508 4316 593 4384 locos
618 4328 652 4383 ut
684 4318 797 4384 vitium
823 4318 928 4385 cluant
960 4339 977 4385 c
1005 4319 1194 4399 Charitone,
1219 4321 1274 4407 qui
1300 4340 1332 4407 p.
1353 4322 1409 4385 97.
1438 4321 1476 4384 15

292 4420 340 4488 siu
363 4420 531 4510 scripsisse
562 4430 713 4510 putatur:
747 4423 870 4505 συνίημι
898 4424 930 4491 δὲ
961 4422 1007 4492 θτι
1030 4425 1152 4508 βαρεῖ
1171 4450 1219 4505 με
1244 4425 1316 4509 πρὸς
1341 4423 1477 4507 ὑποψίαν
