3296 5022
628 384 827 431 consacraneus
850 384 967 431 terma.
1328 368 1388 430 401

207 568 280 618 nem
305 549 442 617 indicari
465 552 623 637 suspicor.
672 550 721 618 (il.
747 550 851 619 Senot.
877 552 918 618 od
937 561 1061 637 portum
1085 550 1246 618 mianum
1267 550 1333 616 siue
1352 547 1394 613 ud

206 655 322 720 eduum
350 662 426 722 cett.
473 654 551 722 inde
583 657 671 722 uenit
703 658 737 722 in
770 665 930 735 mentem,
962 675 1003 723 an
1036 656 1117 723 lorte
1139 657 1172 722 in
1196 675 1273 722 axes
1296 653 1394 720 lateat

205 780 316 834 mous:
340 759 462 827 certius
484 767 590 827 tamen
614 761 669 851 qui
693 760 836 837 dederit,
861 760 955 827 laciet
980 770 1123 849 gratum.

637 864 704 932 Sul.
729 865 769 945 V,
804 869 868 932 tta
893 885 962 952 sqq.

408 965 526 1034 vilibus
549 970 707 1055 ancipites
729 971 822 1058 scapi
846 979 1006 1057 ponentur
1029 971 1167 1046 amicis,

410 1072 528 1139 boletus
550 1073 698 1152 domino;
807 1122 811 1131 .

251 1173 410 1242 Similiter
432 1177 589 1245 liertiads
613 1179 672 1258 ΙΙΙ,
698 1183 754 1258 60,
778 1186 819 1246 u:

387 1290 464 1348 sunt
488 1282 545 1348 tihi
571 1284 680 1361 boleti,
703 1287 818 1370 scopos
841 1304 900 1371 ego
924 1305 1017 1350 sumo
1041 1283 1165 1352 suillos.

252 1383 314 1451 Sed
338 1386 455 1453 misere
479 1386 632 1473 languent
657 1409 709 1454 me
733 1388 837 1456 indice
863 1409 944 1475 quae
967 1398 1169 1476 sequuntur:

618 1494 673 1559 sed
694 1494 802 1579 quales
824 1493 975 1560 Claudius
996 1494 1063 1561 edit

341 1606 412 1662 onte
434 1596 527 1663 illum
549 1598 675 1676 usuris,
696 1609 766 1684 post
789 1619 880 1685 quem
902 1599 955 1667 cil,
977 1599 1116 1685 amplius
1138 1598 1212 1665 edit.

252 1698 371 1787 Sponte
401 1702 487 1797 enim
520 1712 653 1790 apparet
681 1703 808 1770 donico
839 1722 901 1769 non
931 1713 1093 1770 uenenatas
1116 1702 1232 1790 apponi
1257 1700 1390 1779 deletos,

209 1812 245 1872 ut
267 1806 392 1892 opinor.
442 1804 568 1886 Quanto
592 1807 709 1874 salsius
734 1809 933 1894 scripsisset:

387 1908 513 1977 Vilibus
536 1914 694 1999 ancipites
709 1911 808 1999 ‘iungi
834 1922 993 1999 ponentur
1016 1913 1131 1979 amicis
1252 1936 1256 1943 ·

388 2014 514 2082 boletus
537 2016 685 2096 domino,
711 2018 751 2083 sit
774 2019 899 2106 pontem
924 2019 1027 2107 (·esl)
1053 2017 1210 2085 claudius
1233 2016 1321 2095 edit;

207 2119 326 2185 omisso
350 2139 445 2187 versu
476 2124 643 2208 sequenti,
675 2122 715 2189 ad
746 2122 928 2209 exemplum
953 2122 1199 2210 epigrammatis
1221 2121 1317 2188 amici
1343 2121 1394 2186 sui

207 2222 363 2290 Martialis
384 2225 412 2303 Ι,
436 2230 490 2302 21,
515 2227 637 2293 laudati
662 2229 725 2293 iam
751 2228 790 2293 ab
815 2227 1016 2295 Heinrichio:

319 2327 371 2395 dic
395 2328 494 2406 milri,
518 2332 591 2418 quis
614 2330 705 2397 iuror
728 2331 798 2397 esti
823 2332 917 2398 turba
941 2341 1108 2420 spectante
1138 2340 1249 2399 vocata

319 2434 407 2501 solus
430 2433 570 2513 boletos,
593 2435 791 2513 Caeciliana,
816 2456 920 2504 voras,

320 2537 397 2625 qnid
422 2538 557 2626 dignum
585 2549 674 2607 tanto
699 2540 755 2606 tilti
782 2552 893 2607 ventre
916 2539 1056 2627 gulaque
1080 2538 1237 2627 precabor

319 2641 483 2724 Boletum,
510 2645 633 2732 qualem
660 2644 1015 2723 Claudioseleucia.

250 2745 402 2814 Gonieras
431 2750 528 2817 etiarn
566 2749 643 2816 haec
668 2748 770 2816 Orion
795 2751 903 2816 Amor.
929 2749 961 2826 Ι,
994 2748 1129 2815 linit:
1166 2748 1217 2813 vir
1244 2756 1321 2813 tuus
1344 2754 1394 2812 est

206 2851 318 2938 epulas
334 2852 500 2921 nobiscum
521 2854 670 2921 aditurus
687 2853 826 2921 easdem.
867 2853 986 2920 Ultima
1005 2862 1167 2920 camatero
1186 2854 1244 2930 rit,
1265 2869 1396 2939 precor,

206 2958 265 3024 illc
288 2961 366 3026 uiro.

251 3063 378 3132 Falsam
403 3084 472 3133 esse
496 3065 663 3133 Ribbeckii
688 3066 908 3134 coniecturam
934 3064 1159 3152 proponentis:

410 3170 538 3237 Baletus
561 3170 710 3250 domino,
736 3169 826 3256 iungi
851 3177 1029 3256 purgentur
1056 3169 1171 3236 amicis

410 3275 529 3342 vilibus
551 3276 709 3361 ancipites
734 3295 791 3342 nec
816 3274 927 3361 quales
950 3281 1028 3342 cett.

206 3378 270 3443 iam
306 3378 540 3446 demonstravit
580 3379 774 3446 dieinerzius
806 3380 950 3446 Susrosn
983 3380 1087 3446 verbis
1122 3401 1151 3446 e.
1185 3378 1293 3446 Cicttd.
1335 3382 1396 3453 ll,

205 3481 355 3571 idemque
381 3491 513 3571 apparet
538 3505 576 3552 ex
600 3485 834 3571 epigrammate
857 3484 951 3551 modu
973 3485 1114 3551 laudato.

631 3588 700 3657 Sat.
726 3589 788 3668 vt,
823 3595 884 3656 lli
908 3610 978 3677 sqq.

342 3693 425 3775 Quid
449 3696 574 3781 privata
598 3714 713 3772 nouus,
738 3694 815 3780 quid
841 3693 954 3763 iecerit
974 3694 1094 3782 Eppia,
1119 3693 1238 3761 curasl

342 3802 467 3887 respice
491 3800 606 3869 rivales
629 3800 774 3868 deornm.
823 3801 976 3868 Claudius
1000 3800 1076 3868 audi

343 3925 426 3991 quae
449 3905 571 3973 tulerit.

252 4010 363 4097 inepte
387 4012 455 4097 ipsa
480 4011 581 4098 lippia
605 4009 726 4077 dicitur
749 4011 870 4078 domiso.
919 4011 952 4076 tn
975 4011 1172 4097 praegressis
1192 4016 1320 4085 autem,
1342 4009 1398 4075 uhi

208 4125 363 4182 narratur
386 4116 487 4203 Eppia
513 4116 672 4183 senatoris
696 4136 777 4182 uror
801 4117 953 4183 comitata
977 4134 1046 4182 esse
1072 4115 1220 4200 Sergium
1243 4112 1396 4200 gladiato·

208 4239 297 4297 rem,
329 4221 496 4288 moechum
522 4241 636 4300 suurn,
660 4222 693 4287 in
718 4225 920 4312 Aegyptum,
953 4220 1150 4288 describitur
1174 4220 1249 4308 qnid
1274 4221 1399 4307 prinmo

207 4325 334 4405 mdiu,
360 4328 414 4394 cui
438 4325 553 4393 deinde
576 4329 750 4414 opponitur
772 4329 979 4414 imperatoris
1004 4346 1084 4394 uxor
1104 4325 1290 4404 Messalina,
1315 4328 1398 4414 sece-

207 4430 267 4510 rit,
291 4433 368 4517 quid
393 4433 503 4500 domate
527 4434 593 4500 cius
616 4433 732 4498 tulerit.
781 4432 828 4499 Gi.
857 4453 903 4499 vs.
930 4438 988 4500 85:
1022 4433 1193 4500 immemor
1218 4431 1270 4499 itta
1290 4431 1400 4498 domtus
