3340 5014
673 354 703 405 ιιι
726 354 926 406 uucmuoumr.
1334 338 1399 404 137

204 526 365 593 cautiores
397 545 459 595 ncn
490 493 571 595 satis
601 536 753 595 accurate
785 527 1001 616 perpendere,
1034 546 1117 615 quae
1151 530 1218 596 siut
1251 525 1396 613 singulo·

204 651 279 698 rum
304 630 532 700 vocabulorum
558 634 732 720 primariae
751 632 1015 719 significationes.
1062 635 1195 702 invenio
1218 659 1248 725 p.
1261 637 1338 701 343.
1352 637 1395 702 49

204 737 340 819 βοίλλειν
366 738 457 822 ξίφος
478 748 511 806 el
534 763 566 829 p.
588 745 667 806 318.
694 745 715 806 6
743 749 782 824 τῇ
814 745 941 824 κεφαλῇ
972 739 1154 822 ἐγχειρίδιον
1185 737 1394 820 ἐπιβάλλειν,

204 843 289 931 quod
313 844 510 934 perridicule
539 844 663 913 dictum
690 856 750 913 est.
799 846 842 912 lle
875 845 1014 936 potando
1037 854 1125 913 recle
1149 845 1271 912 dicitur
1293 842 1395 912 ἕλκειν

205 973 236 1040 p.
257 955 336 1017 333.
369 955 428 1028 43,
464 949 518 1017 sed
551 952 625 1038 quis
657 971 811 1039 umquam
841 962 971 1042 praeter
1002 950 1206 1018 Heliodorum
1233 950 1315 1018 dixit
1340 952 1396 1028 ndu

205 1056 350 1123 Ἐλλάδα
382 1061 532 1136 γλῶτταν
565 1055 709 1137 είλκντε,
748 1057 832 1145 quod
870 1057 991 1144 legitur
1026 1080 1057 1148 p.
1080 1062 1157 1124 267.
1192 1057 1255 1124 tot
1299 1055 1398 1123 Errat

206 1181 333 1248 quoque
368 1181 443 1228 eum
475 1164 679 1250 sequioribus
713 1163 860 1231 scribens
893 1187 927 1254 p.
949 1167 1025 1229 368.
1054 1167 1105 1229 ’49
1146 1164 1163 1238 ἦ
1195 1165 1254 1229 νον)
1290 1160 1396 1243 ίεοιρία

205 1275 388 1335 πλεονεκτεῖ
415 1269 475 1343 τοὶς
498 1267 616 1343 ἄλλοις.
663 1270 731 1337 Nou
753 1278 803 1337 est
826 1269 928 1336 multo
953 1268 1069 1335 melius
1094 1270 1236 1335 activum
1262 1268 1396 1335 verbum
1496 1348 1501 1355 p

207 1374 409 1453 καταιδίοαι,
429 1397 460 1463 p.
474 1379 552 1441 394.
569 1380 628 1452 33,
654 1379 731 1442 338.
751 1380 836 1463 4931
857 1380 935 1444 379.
960 1379 1013 1443 18.
1038 1372 1198 1452 Ἐπίδοξοο
1210 1394 1269 1465 pro
1284 1373 1398 1454 ἔνδοξοι

207 1478 329 1545 dicitur
361 1502 391 1568 p.
406 1485 482 1546 333.
512 1482 574 1558 33,
608 1484 684 1547 401.
716 1485 759 1546 33
783 1490 816 1548 et
840 1485 916 1547 410.
950 1484 1007 1559 44;
1035 1481 1159 1546 rectius
1186 1479 1322 1546 sortasse
1346 1477 1397 1545 ἐπί

207 1582 295 1662 lifes
319 1605 349 1672 p.
364 1589 442 1651 346.
472 1589 529 1663 18,
555 1591 631 1653 337.
659 1590 703 1654 38
727 1595 758 1652 et
783 1589 862 1654 383.
888 1591 941 1652 43.
989 1583 1051 1651 Sed
1077 1594 1204 1653 constal
1226 1602 1396 1674 perperam

207 1689 331 1756 dictum
356 1710 426 1757 esse
445 1691 628 1772 διοιδονμίνιρ
654 1714 686 1780 p.
709 1696 785 1758 337.
813 1697 863 1757 11.

253 1795 343 1877 Quod
369 1795 488 1882 legitur
512 1819 543 1886 p.
565 1802 641 1864 339.
668 1801 710 1863 tu
740 1796 865 1877 οετιρρὸς
889 1795 1161 1876 deopertam,
1194 1816 1227 1883 p.
1251 1801 1329 1863 348.
1356 1800 1397 1861 13

206 1903 332 1983 οεοιρρὸο
366 1903 419 1968 καί
454 1902 713 1982 κατετμνγμίνον
747 1903 982 1984 ὑποβλέψατα,
1029 1925 1060 1992 p.
1086 1906 1162 1969 407.
1199 1906 1241 1968 24
1277 1899 1399 1981 ίμειέία

207 2005 351 2090 τεοιρρίς,
372 2006 519 2074 ostendet
542 2009 619 2094 quid
641 2011 826 2095 requiratur
846 2007 931 2094 apud
943 2007 1129 2093 „burianum
1151 2006 1400 2093 inimaginibus

208 2116 246 2179 b:
268 2114 304 2178 τὸ
326 2113 483 2192 μειδίαμα
505 2113 615 2191 σεμνὸν
637 2115 690 2179 καί
715 2113 886 2190 λεληθὸς
909 2110 1008 2193 ι’ίοπερ
1031 2114 1066 2179 τὸ
1090 2113 1206 2188 ίκείνιρο
1228 2111 1309 2184 ἔται.
1358 2113 1399 2180 ut

209 2217 400 2285 Heliodorus
423 2219 502 2286 satis
526 2218 648 2285 indicat
670 2219 913 2286 rescribendum
937 2240 1007 2286 esse
1025 2219 1137 2299 σεμνὸν
1155 2220 1208 2285 κα)
1233 2217 1398 2300 recepit

207 2331 241 2391 el
262 2323 426 2391 Lucienus
449 2326 482 2390 in
508 2326 681 2390 diocribus
699 2330 751 2391 ts:
775 2324 912 2408 τετκρίτι
932 2326 1048 2405 γίλιοτι
1065 2325 1170 2407 μικρὸν
1191 2325 1399 2405 ὑπομειδιῶτα

208 2439 241 2497 et
263 2427 378 2496 leuitt.
407 2430 478 2496 Tel.
504 2434 532 2496 1.
556 2438 714 2511 πεοιρρυῖαι
737 2432 796 2505 τίοι
822 2430 965 2513 παρειοίς.

253 2535 352 2602 Νοιιιο
375 2544 521 2601 veterum
546 2536 592 2601 sic
616 2533 744 2602 locutus
768 2546 836 2617 est,
861 2546 895 2603 ct
921 2533 1110 2602 Heliodorus
1129 2535 1259 2623 scripsit
1277 2558 1308 2625 p.
1323 2538 1400 2603 370.

209 2646 252 2710 46
283 2643 432 2722 οίοχολεΐν
467 2642 527 2715 τοὶς
556 2650 667 2722 χεῖρας
698 2651 731 2708 el
766 2665 798 2732 p.
819 2647 897 2709 398.
928 2648 966 2708 15
999 2646 1050 2707 τὸν
1081 2647 1147 2708 νοῦν
1178 2640 1401 2725 ἦσχολνρμίνοο.

210 2746 502 2837 Hepmbeusiouem
530 2745 624 2812 babet
651 2769 683 2836 p.
699 2752 774 2814 373.
798 2753 840 2815 43
863 2747 979 2828 λύχνος
1003 2745 1178 2829 εἰσεφέρετο
1201 2747 1401 2827 ίεραπαινίδι.

210 2853 314 2920 Sicuti
347 2852 504 2919 Homerus
522 2854 634 2933 σχεδὸν
656 2860 791 2939 usurpat
807 2872 845 2920 eo
857 2872 971 2929 sensu,
984 2873 1047 2940 quo
1065 2852 1277 2919 Athenienses
1286 2852 1401 2932 ἐγγὺς,

211 2961 257 3026 sic
281 2958 471 3025 Heliodorus
501 2959 602 3038 ἔγγὺς
633 2978 691 3047 pro
713 2957 825 3039 σχεδὸν
849 2957 964 3039 hebet,
990 2980 1019 3024 ν.
1040 2979 1070 3026 e.
1096 2983 1126 3050 p.
1152 2964 1230 3027 283.
1257 2963 1277 3025 3
1302 2958 1402 3040 ἔγγὺς

209 3066 336 3133 ιὶνίατον
369 3071 402 3130 el
434 3085 464 3153 p.
486 3067 562 3129 349.
596 3067 639 3131 30
667 3065 767 3144 ἔγγὺς
798 3068 1051 3146 λιποψνχοῦεαν.
1100 3065 1186 3133 Nove
1205 3064 1328 3131 dicium
1353 3072 1402 3131 esl

211 3195 243 3263 p.
257 3175 335 3237 383.
358 3174 401 3236 30
433 3170 467 3236 οὒ
489 3168 553 3251 γοίρ
576 3193 624 3244 τις
648 3166 748 3250 ἕτεροι
771 3171 965 3250 ίαλαμεύοει
996 3171 1183 3253 Χαρίκλειαν
1206 3180 1238 3238 el
1262 3194 1403 3237 καταπν-

211 3275 308 3353 ςιέδνρν
327 3298 360 3365 p.
376 3278 452 3342 381.
477 3277 520 3340 22
543 3282 576 3341 el
596 3279 655 3355 πῦρ
679 3276 729 3341 ἐπὶ
754 3277 813 3350 τοὶς
838 3278 953 3353 σκηνὰς
978 3277 1172 3356 ἐμβαλόντες
1203 3299 1232 3366 p.
1257 3281 1336 3343 348.
1360 3279 1402 3342 43

212 3393 244 3451 et
266 3385 417 3464 Φονεροῦν
441 3404 471 3470 p.
488 3385 565 3447 393.
594 3384 634 3446 18
654 3389 687 3448 et
711 3386 789 3448 410.
816 3387 878 3460 33,
895 3382 1071 3470 ‘multaque
1094 3383 1169 3449 alia.

258 3488 347 3569 Quae
383 3485 531 3552 recensui
561 3487 661 3561 vitia,
692 3486 752 3553 snb
787 3507 850 3553 ιιιιιι
882 3499 1057 3578 conspectu
1091 3490 1214 3578 posita,
1242 3488 1310 3575 jam
1337 3487 1403 3554 sola

213 3594 294 3661 satis
317 3593 428 3678 gravia
460 3590 635 3657 lectoribus
668 3592 880 3659 ridebuntur:
911 3604 1086 3679 supersunt
1116 3601 1224 3659 tamen
1251 3591 1403 3679 permulti

212 3716 356 3775 errores,
380 3716 517 3783 quorum
545 3695 748 3764 Heliodorum
775 3700 876 3765 multo
901 3700 1005 3785 magis
1025 3698 1145 3786 pudere
1166 3698 1291 3776 debuit,
1311 3718 1404 3772 nam,

214 3822 410 3893 quamquam
435 3820 529 3889 saepe
553 3805 699 3890 peccarit
723 3805 755 3869 in
781 3803 919 3889 singulis
942 3803 1106 3872 vocabulis
1137 3805 1310 3891 eligendis,
1335 3823 1404 3871 sae·

215 3911 289 3998 pius
310 3912 409 3975 eliam
434 3909 579 3995 peccavit
602 3910 635 3975 iu
667 3911 736 3997 ipsa
763 3912 995 3996 compositione
1019 3910 1200 3978 verborum.
1250 3910 1320 3977 Nou
1345 3910 1406 3976 im·

215 4013 365 4081 morabor
388 4012 579 4092 levioribus,
603 4016 697 4102 quale
726 4025 776 4083 est
800 4015 883 4103 quod
908 4017 983 4083 ἀλλ’
1007 4015 1056 4085 οὖν
1079 4042 1119 4096 γε
1143 4016 1256 4083 scribit
1282 4036 1312 4103 p.
1327 4020 1405 4083 333.

215 4125 254 4187 31
293 4129 326 4186 et
359 4124 479 4186 3037
511 4127 544 4186 et
576 4120 624 4187 bis
654 4121 765 4188 eadem
803 4122 917 4208 pagina
950 4126 1027 4189 393.
1053 4128 1094 4190 43
1121 4122 1283 4204 καίτοιγε,
1318 4122 1404 4189 nulla

216 4225 327 4292 rocula
363 4226 561 4311 interpositu.
621 4226 682 4293 Sed
719 4229 792 4313 quis
826 4226 938 4294 credet
979 4230 1040 4294 uisi
1074 4227 1231 4314 exemplis
1273 4227 1407 4296 edoctus

218 4332 414 4417 ignoravisse
441 4331 644 4398 Heliodorum
668 4332 845 4400 discrimen
874 4333 1099 4401 adverbiorum
1125 4337 1157 4401 οὐ
1180 4344 1210 4401 et
1231 4334 1297 4413 μήί
1321 4335 1407 4421 Lego

217 4458 248 4525 p.
262 4444 337 4507 333.
362 4444 425 4506 etc
448 4437 540 4506 δεινὸν
564 4434 609 4506 ὅτι
633 4439 685 4519 μὴ
704 4438 740 4518 ἐξ
761 4440 984 4521 ἐπιτάγματος
1003 4440 1172 4519 ὑπήκουσεν
1185 4440 1407 4522 ἑποινροοίμιρν·
