3254 5034
432 325 434 329 ’
540 355 733 406 rnrmcourcs
757 356 794 404 rr
816 357 944 405 corrice.
1295 345 1334 405 tl

148 524 315 594 Auecdotis
339 544 367 611 p.
395 529 478 604 109,
504 529 564 603 23,
588 534 639 603 et,
666 537 700 594 ut
725 526 821 605 solet,
845 524 1043 593 confidenter
1061 527 1191 604 Νηθειν,
1218 527 1339 614 inquit,

149 636 182 700 οὐ
210 633 302 711 μθιον
334 640 426 698 νεῖν.
476 631 618 718 Ecquem
650 640 765 699 testem
791 641 824 699 ct
847 642 1014 700 auctorem
1039 632 1171 699 laudati
1196 631 1339 699 Nullum.

149 738 353 805 bescrthitcr
381 757 399 802 a
426 736 553 804 photio:
585 740 736 814 Νιθθειν
760 740 792 805 οὗ
815 739 904 817 ριθνον
927 747 1010 806 νείν
1033 741 1090 816 την
1112 736 1230 821 κρθιιην.
1278 736 1340 804 No·

149 847 253 911 rimus
291 843 455 909 hominem
489 851 521 909 ct
554 843 694 909 bominis
727 844 890 911 inscitiam
923 865 960 912 ac
992 846 1208 912 temeritatem
1233 844 1342 910 omnia

147 951 242 1016 elium
267 959 381 1037 aperte
403 949 517 1015 vitiosa
550 950 599 1038 (ut
622 951 835 1031 ἐγρηγθρησαν
860 971 916 1036 pro
940 952 1147 1034 ἐγρηγόρεσαν
1171 949 1256 1038 apud
1281 950 1340 1017 Xe·

148 1054 357 1145 oopbontem)
383 1054 500 1141 cupide
523 1056 710 1142 accipientis
737 1066 772 1123 ut
795 1057 962 1123 tltticistas
988 1058 1070 1125 male
1095 1065 1214 1124 ureret.
1247 1055 1340 1123 Hunc

147 1162 253 1248 ipsum
284 1161 449 1227 bominem
479 1163 627 1249 suspicor
650 1182 668 1228 a
694 1158 878 1251 Phrynicho
901 1163 1055 1248 castigari
1080 1163 1134 1228 uhi
1158 1164 1190 1227 in
1217 1160 1340 1227 Praela-

148 1268 232 1333 tione
268 1266 402 1334 scribit:
435 1271 467 1333 οὖ
498 1266 642 1333 λανθάνει
666 1267 698 1333 δὲ
720 1293 773 1343 σε.
808 1266 907 1350 θίσπερ
933 1267 994 1334 οὐδ’
1016 1268 1097 1335 ἄλλο
1119 1293 1150 1335 τι
1173 1274 1231 1335 τῶν
1255 1268 1342 1335 κατα

147 1374 315 1453 παιδείαν,
348 1370 386 1447 τίς
417 1396 496 1446 τινες
527 1375 797 1451 ἀποπλανηθέντες
828 1381 884 1448 τῆς
915 1375 1055 1455 οίρχοοίαι
1085 1382 1190 1455 Φωνης
1214 1375 1267 1441 καί
1291 1375 1342 1441 ἐπὶ

147 1479 200 1554 τὴν
231 1480 376 1558 ἀμαθίαν
405 1479 663 1562 καταφεύγοντες
693 1479 844 1563 πορίζονσι
866 1479 1027 1561 μάρτυρας
1053 1478 1130 1565 (leg.
1155 1480 1340 1568 μαρτυρίας)

147 1584 233 1657 τινὰς
267 1589 325 1651 τοῦ
354 1588 543 1667 προειρῆσθαι
575 1586 633 1651 θπθ
655 1587 715 1651 τῶν
733 1586 874 1667 θρχαίιον
896 1584 993 1650 τοίσθε
1018 1585 1078 1658 τοὶς
1101 1584 1226 1664 Φωνοίς·
1252 1589 1342 1662 θροεῖς

147 1691 177 1757 δὲ
200 1694 234 1758 οὐ
258 1692 336 1773 πρὸς
355 1692 398 1756 τοὶ
418 1690 652 1773 θιηριαρτηροένα
672 1693 854 1775 θΦορῶμεν,
878 1691 967 1758 ἄλλα
987 1692 1059 1771 πρὸς
1079 1691 1121 1757 τθι
1143 1690 1342 1770 δοκιμώτατα

147 1802 204 1862 τῶν
224 1797 381 1879 ἀρχαίων.
430 1793 518 1876 Quae
542 1796 637 1863 verba
663 1798 886 1884 unusquisque
910 1794 1133 1862 lubentissime
1156 1815 1213 1862 sua
1235 1795 1340 1863 iacict.

148 1901 230 1982 Quid
264 1914 376 1968 autem
410 1900 508 1967 iacias
537 1900 666 1967 bomine
689 1901 746 1988 qui
768 1909 927 1983 γρηγορεῑι
953 1920 1009 1987 pro
1033 1901 1231 1984 ἐγρηγορέναι
1255 1902 1341 1990 apud

147 2007 392 2096 Xenophontem
426 2009 496 2073 sine
528 2007 606 2072 uitio
628 2005 690 2092 legi
715 2006 886 2092 opinetur?
923 2006 1009 2073 ldem
1037 2006 1129 2074 iacile
1154 2005 1283 2075 inducet
1310 2009 1342 2073 in

147 2116 295 2181 animum
318 2116 413 2191 νηίειι
433 2133 490 2201 pro
509 2123 570 2181 νεῖν
588 2112 674 2199 apud
695 2112 818 2179 htticos
837 2111 937 2179 luisse
958 2114 989 2178 in
1012 2132 1085 2179 usu.
1122 2111 1212 2193 Quod
1233 2122 1343 2180 autem

149 2221 273 2287 nullum
308 2228 423 2287 testem
459 2217 629 2305 produxit,
664 2238 725 2284 oon
757 2220 817 2305 ipsi
850 2217 1101 2305 imputandum,
1134 2217 1188 2285 sed
1222 2218 1260 2284 tis
1287 2220 1344 2305 qni

147 2326 216 2392 eins
247 2325 370 2392 librum
406 2327 439 2391 in
470 2324 553 2391 banc
576 2324 691 2391 exilem
718 2323 907 2391 breuitatem
935 2323 1085 2409 plurimis
1110 2325 1244 2391 resectis
1268 2344 1344 2391 oon·

147 2438 332 2498 traxerunt.
381 2429 498 2498 Videor
525 2431 612 2496 enirn
638 2429 717 2496 mibi
742 2450 805 2496 oon
832 2430 957 2496 nescire
980 2427 1058 2516 quid
1083 2429 1201 2496 alicubi
1226 2428 1343 2496 uiderit

148 2546 178 2602 ct
208 2538 323 2604 statim
356 2538 532 2623 arripuerit
558 2545 592 2601 ut
618 2536 778 2602 tltticistis
801 2535 974 2614 obiiceret,
1009 2534 1136 2622 dequo
1163 2537 1273 2601 statim
1298 2534 1345 2600 di·

148 2660 217 2708 oam
252 2650 422 2729 postquam
455 2641 748 2709 Grammaticorum
782 2639 867 2707 locos
898 2639 1094 2719 exhibuero,
1128 2640 1182 2707 ubi
1212 2660 1286 2708 reru
1312 2648 1343 2707 et

148 2750 289 2832 genuina
313 2748 414 2815 lorma
439 2747 526 2814 salva
552 2755 583 2814 et
606 2748 777 2813 incolumis
796 2747 944 2813 evaserit.
983 2746 1164 2836 Hesychius
1182 2752 1343 2813 Νῶιταε

147 2855 286 2929 νηθοντοι.
336 2853 468 2922 Photius
500 2855 691 2932 Νθριενοσ
723 2852 929 2931 θνηθθμενος.
978 2852 1138 2919 Disertius
1161 2852 1258 2918 etiam
1286 2851 1344 2918 lle·

148 2959 304 3028 rodienus
333 2960 417 3047 apud
449 2959 558 3049 Etym.
592 2968 639 3027 M.
670 2978 700 3025 ν.
726 2962 864 3035 Ἔννηι
899 2959 1072 3039 νιίραενος
1104 2961 1143 3033 ὥς
1171 2958 1343 3039 ιιλθριενος,

150 3066 269 3151 quibus
294 3066 425 3153 Eupolis
447 3064 572 3132 accedit

336 3181 375 3255 τῇ
399 3172 480 3253 χειρί
504 3177 629 3238 νῶσαι
650 3170 904 3253 μαλθακωτθτην
928 3170 1053 3253 ιιρθιιην,

150 3285 184 3343 ut
208 3278 242 3343 in
270 3275 456 3343 melioribus
480 3276 573 3344 libris
594 3279 752 3364 scriptum
776 3288 836 3344 est.
885 3277 997 3344 Restat
1024 3277 1063 3342 iis
1087 3277 1142 3363 qui
1167 3296 1185 3342 a
1208 3297 1258 3344 me
1279 3277 1343 3343 dis·

149 3384 295 3449 sentiunt
327 3402 428 3449 unum
463 3383 678 3469 praesidium,
710 3383 798 3450 locus
830 3383 972 3449 Platonis
1007 3384 1038 3448 in
1064 3380 1196 3449 Politice
1219 3403 1250 3469 p.
1276 3387 1342 3450 289

149 3485 188 3554 G:
217 3490 289 3562 τοὺς
313 3476 380 3568 περὶ
404 3490 440 3554 τι
463 3490 651 3565 viderere
676 3490 728 3555 καί
751 3487 886 3568 ξαίνειν,
919 3508 1001 3576 qnae
1026 3486 1121 3553 verba
1148 3489 1343 3576 respondent

150 3593 190 3658 iis
221 3614 305 3681 quae
339 3593 492 3678 leguntur
522 3613 620 3680 supra
655 3615 684 3680 p.
719 3599 785 3661 282
818 3605 857 3662 A.
883 3594 935 3661 καί
966 3597 1028 3673 μην
1055 3592 1202 3671 ξαντικιίν
1225 3596 1340 3675 γεκαὶ

150 3701 316 3774 νητιιιίιν
336 3700 389 3765 καί
411 3698 519 3766 ποθντα
541 3700 585 3766 roi
608 3702 676 3783 περὶ
695 3702 751 3777 την
771 3702 889 3777 ποίησιν
909 3708 965 3777 τῆς
985 3700 1121 3774 ἐσθῆτος.
1157 3702 1229 3779 Bis,
1254 3700 1341 3767 dixe·

151 3804 198 3870 rit'
224 3806 360 3892 aliquis,
393 3814 447 3870 tua
479 3806 587 3892 opinio
620 3805 670 3871 bis
701 3805 882 3884 refutatur,
915 3825 1055 3892 ruantque
1080 3804 1169 3871 Plato
1191 3815 1224 3871 et
1246 3804 1341 3881 ιηθειν

153 3920 286 3998 trsurpat
298 3920 330 3977 et
344 3910 417 3976 inde
431 3920 541 3977 uatum
555 3912 675 3990 νητιιιιί,
690 3931 763 3979 naor
777 3912 835 3979 tibi
848 3914 876 3978 si
888 3910 1053 3978 oredimus
1066 3911 1171 3986 νητιιιη
1185 3908 1348 3995 appellari>

152 4011 294 4082 debebat.
317 4015 461 4083 concedo
473 4019 577 4094 νητικη
589 4038 659 4084 esse
671 4038 689 4084 e
699 4019 794 4095 νηθειν
809 4027 934 4096 natum,
948 4027 979 4084 ct
993 4017 1020 4082 si
1035 4024 1121 4082 recte
1131 4014 1337 4093 hebetius-ccl

152 4116 188 4184 de
208 4121 295 4187 verbi
317 4124 411 4198 νηθειν
433 4142 494 4189 usu
514 4122 634 4208 ambigi
656 4144 717 4190 non
740 4144 841 4210 posse.
867 4123 928 4188 Sed
946 4121 1022 4209 quid
1037 4123 1064 4188 si
1077 4121 1337 4189 demonstratum

152 4221 266 4293 dedero
286 4248 304 4293 a
321 4227 448 4295 Platone
461 4231 582 4305 νητιιιην
597 4248 668 4296 esse
680 4228 849 4315 scriptum.
875 4228 935 4310 Qui
950 4227 1090 4314 potoris?
1117 4230 1254 4314 inquies.
1282 4228 1339 4295 ta·

152 4329 280 4399 cillime:
303 4332 478 4420 producam
492 4344 605 4402 testem
621 4333 782 4401 idoneum.
804 4335 839 4401 ln
855 4334 958 4400 Photii
972 4335 1087 4401 benico
1098 4335 1221 4420 glossae
1235 4335 1337 4402 Plato·

153 4437 240 4505 nicae
260 4459 357 4527 quaro
380 4439 538 4527 plurimae
555 4439 721 4520 teruntur,
741 4460 821 4526 ques
842 4439 895 4508 ille
916 4440 966 4529 (ut
978 4439 1053 4509 olibi
1065 4439 1278 4530 ostendimus)
1295 4461 1334 4508 ex
