3330 5012
300 332 366 391 544
696 348 931 397 cusrrvrrrcrrus
954 349 1088 396 οιιιιοιιι

296 514 452 601 jncutaris
477 514 538 578 iste
561 533 652 579 error
675 527 724 584 est
749 537 805 605 pro
828 524 1074 602 περιγραφῇ.
1122 517 1231 603 ipsum
1254 516 1387 584 verbum
1403 541 1488 599 περι·

299 618 436 703 γράφειν
458 618 498 686 de
521 617 645 686 artifice
670 633 847 708 usurpatur
868 642 898 708 p.
921 627 1001 689 506.
1030 628 1060 689 t.

343 726 434 811 Quot
457 726 576 812 iegitur
599 726 684 812 apud
710 726 914 793 Heliodorum
937 747 967 814 p.
981 732 1058 794 506.
1079 732 1122 794 50
1146 725 1256 801 ὕδατος
1275 726 1486 809 νῖπαραχθτου

296 834 423 917 φιθλν,
453 840 580 898 reuocat
616 833 649 896 iu
682 834 871 898 memoriam
906 833 1080 920 Phryuiehi
1115 832 1220 900 iocum
1249 833 1282 898 in
1314 831 1488 899 Auecdctis

297 938 433 1005 Betteri
464 957 495 1023 p.
514 941 568 1002 20.
593 939 635 1002 23
666 937 852 1017 ’aptemur
878 939 985 1012 σκεῦός
1009 958 1059 1016 τι,
1083 934 1104 1021 ᾧ
1124 940 1149 1005 ci
1172 940 1327 1019 βαλανεῖα
1348 944 1485 1019 χρῶνται

296 1043 370 1124 πρὸς
404 1043 439 1108 τθ
471 1042 679 1124 παρέχειν.
728 1040 899 1121 Παρέχειν,
933 1050 968 1108 ut
998 1041 1109 1122 vides,
1140 1063 1198 1130 pru
1230 1042 1305 1123 ὕδωρ
1335 1041 1485 1124 παρέχειν

296 1147 361 1214 dici
387 1167 451 1213 non
475 1154 588 1232 petest.
635 1144 697 1212 Sed
722 1146 778 1231 qui
802 1165 918 1232 aquam
944 1146 1075 1233 praehet
1106 1146 1272 1214 hatueatur
1295 1147 1485 1228 παραχύτας

298 1254 426 1339 proprie
449 1250 580 1317 dicitur.
628 1248 782 1337 Lepidum
807 1250 958 1336 estquod
980 1260 1090 1318 narrat
1115 1251 1308 1319 Plutarchus
1327 1252 1360 1318 iu
1384 1251 1485 1319 hiare·

296 1354 382 1422 libus
405 1376 437 1441 p.
459 1360 524 1423 658
549 1357 595 1422 h:
621 1355 692 1428 τοὺς
724 1354 873 1437 serpetri
895 1359 1193 1439 συκοφαντήσαντας
1217 1361 1256 1431 θα
1280 1359 1323 1432 εἷς
1348 1357 1485 1439 ἔσχατον

297 1463 410 1536 κακίας
433 1458 629 1536 ἐληλακότας
659 1457 753 1534 οὕτως
782 1461 934 1539 ἐμίσησαν
956 1464 983 1527 ri
1006 1471 1133 1529 retiret
1156 1464 1209 1529 xci
1232 1462 1483 1546 ἆπετρθφκσυν,

295 1568 335 1641 ὥς
358 1567 440 1646 μήτε
463 1570 522 1647 πῦρ
546 1565 683 1644 έυαθειν,
709 1565 790 1643 μήτε
814 1567 1027 1649 θποκρθνεσθαι
1052 1568 1282 1648 πυνθανομένοις
1305 1569 1387 1649 μήτε
1416 1583 1484 1634 λου·

294 1671 396 1750 μένοις
426 1680 571 1739 κοινωνεῖν
599 1669 725 1747 ὕδατος,
759 1673 834 1736 ἀλλ’
860 1671 1051 1753 θναχκθζειν
1073 1674 1180 1754 ἐκχεῖν
1203 1675 1296 1740 έκεῖνο
1318 1674 1390 1746 τοὺς
1411 1695 1484 1738 ιτα·

295 1777 471 1859 ραχθτας
494 1779 533 1851 θα
557 1776 784 1856 μεμιασμένον,
809 1773 864 1850 ἕως
884 1775 1077 1856 ἀπήγξαντο
1094 1779 1139 1858 μή
1158 1778 1303 1862 Φέροντες
1326 1778 1362 1845 τὸ
1381 1785 1482 1857 μῖσος.

295 1881 415 1969 Nempe
439 1883 453 1947 θ
481 1881 669 1962 παραλύσας
701 1880 838 1947 dicitur.
854 1880 937 1966 quotl
966 1878 1041 1963 ὕδωρ
1065 1891 1225 1964 παραρρεῖ,
1250 1903 1312 1948 uon
1337 1882 1481 1965 παρέχει.

295 1987 486 2054 Rectissime
510 1984 590 2052 ittud
609 1993 767 2068 παραρρεῖν
788 1985 871 2071 apud
893 1985 1099 2053 Plutarchum
1121 1988 1240 2074 tegitur
1258 1989 1290 2053 in
1311 1986 1483 2054 litoralibus

295 2111 327 2178 p.
350 2095 436 2158 esea
465 2100 498 2158 et
538 2090 623 2178 apud
656 2089 819 2156 Platonem
851 2089 1036 2167 Geminum,
1073 2094 1167 2159 euius
1202 2092 1308 2160 iocum
1341 2092 1482 2160 serravit

295 2193 479 2262 Athenaeus
503 2195 571 2262 XV.
597 2215 626 2281 p.
649 2196 745 2261 6666.

429 2300 549 2381 νθττρον
572 2300 742 2383 παραχέων
765 2297 913 2382 ἔρχομαι·
939 2303 1027 2380 zeph
1047 2303 1080 2368 δὲ
1103 2303 1333 2386 παρακορήσων.

294 2404 406 2490 itaque
429 2423 491 2470 ιιοιι
516 2412 565 2471 est
593 2404 807 2472 dubitandum
836 2406 915 2492 quin
941 2405 1145 2495 Phrynichus
1168 2408 1337 2494 scripserit
1359 2430 1482 2487 παρα-

293 2516 393 2590 χεῖν.
441 2508 690 2577 Coniunduutur
722 2510 884 2578 interdum
916 2520 987 2593 χεῖν
1017 2520 1049 2578 et
1085 2510 1186 2594 ἔχειν’
1218 2511 1401 2598 exemplum
1431 2519 1482 2578 est

292 2612 378 2700 apud
401 2612 605 2681 Charitcuem
630 2635 660 2702 p.
676 2620 728 2682 45.
752 2621 787 2693 1,
810 2615 894 2701 quud
913 2615 1051 2682 Gohetus
1069 2619 1191 2684 notavit
1212 2617 1243 2681 iu
1265 2617 1381 2683 hinem.
1397 2615 1482 2684 Vlii.

293 2723 369 2785 265.
416 2718 590 2786 attactui
620 2728 764 2807 possunt.
813 2719 907 2806 Apud
940 2720 1095 2788 nchtttem
1133 2722 1262 2788 Tatium
1295 2741 1327 2807 p.
1352 2723 1479 2787 1256

291 2824 361 2889 καθ’
383 2822 497 2901 ἕκθτκν
520 2824 654 2907 διώρυχα
677 2831 777 2908 χῶμα
800 2825 963 2906 ἔχουσιν
980 2827 1169 2907 Αἰγύπτιοι,
1193 2826 1278 2893 malo
1300 2827 1480 2910 χέουσιν.

290 2927 408 2994 (lectra
438 2929 523 3009 ἔχειν
553 2950 610 3017 pro
642 2939 712 3012 χεῖν
743 2930 978 2998 restituendum
1012 2931 1092 2998 ruihi
1124 2952 1194 2999 esse
1227 2930 1355 2997 videtur
1393 2927 1481 3016 apud

292 3033 436 3119 Longum
459 3054 490 3120 p.
505 3039 582 3102 nte.
601 3041 640 3102 hl
667 3038 702 3103 έιι
726 3046 831 3115 πκνής
853 3035 1032 3118 θναβλθζον
1055 3034 1129 3117 ὕδωρ
1152 3039 1259 3118 ῥεῖθρον
1278 3035 1370 3102 ἐποίει
1393 3032 1481 3117 χεθ·

289 3162 420 3215 μενον,
443 3136 500 3206 ὅτε
524 3139 577 3205 καὶ
600 3141 713 3219 λειμὼν
729 3140 812 3206 πθνυ
830 3140 993 3223 γλαφυρὸς
1018 3140 1182 3217 ἕξετέτατο
1202 3141 1258 3223 πρὸ
1284 3143 1337 3207 τοῦ
1356 3137 1477 3219 ἄντρον.

289 3240 358 3307 Non
389 3240 488 3309 haheo
516 3242 624 3312 dicere
654 3245 731 3332 quid
762 3247 805 3312 sit
830 3247 937 3328 ῥεῖθρον
966 3245 1132 3330 χεθμενον,
1164 3246 1219 3313 sch
1250 3265 1325 3312 cum
1349 3242 1477 3310 videam

289 3344 441 3432 aquutam
475 3348 570 3415 istam
603 3351 636 3414 in
666 3351 753 3417 antri
782 3351 900 3417 vicinia
931 3350 1049 3428 inisse,
1082 3370 1234 3439 reponam
1265 3350 1488 3432 έχθμενον.Ι

289 3450 401 3518 Finem
422 3450 538 3519 taciem
564 3455 595 3521 iu
618 3455 809 3542 corrigendo
830 3454 995 3542 Euripidis
1017 3455 1198 3542 fragmento
1219 3460 1296 3522 996.
1343 3453 1479 3539 Legitur

288 3554 374 3642 apud
399 3555 563 3626 Photium:
598 3561 697 3627 Λθθιιν
718 3561 809 3644 χοαθ·
834 3560 963 3642 ἄργυρος
987 3561 1039 3627 καὶ
1063 3561 1195 3642 χρυσθς·
1220 3561 1274 3628 καὶ
1302 3559 1366 3641 νθιρ
1391 3560 1478 3638 etp·

288 3662 377 3738 πέδας
397 3664 494 3748 Φήσί·

492 3772 627 3844 Λευκιὺα
651 3772 748 3843 λθθους
772 3769 941 3853 ἔχοντες
966 3773 1117 3853 αὐχοῦσιν
1138 3772 1237 3851 μέχρι.

288 3872 388 3941 Nemo
416 3872 589 3960 intelliget.
622 3895 682 3942 cur
708 3878 943 3962 grammaticus
973 3876 1121 3943 attulerit
1152 3875 1212 3943 hoc
1235 3875 1476 3962 fragmentum,

287 3997 363 4045 cum
386 3979 475 4045 λθθιιν
496 3981 598 4061 χοθς
623 3980 831 4067 interpretari
856 3980 969 4062 veliet,
995 3982 1057 4047 nisi
1082 4001 1182 4069 quum
1208 3979 1428 4067 rescripseris:

491 4088 627 4160 Λευκοὺς
650 4088 749 4161 λίθους
771 4088 935 4170 χέοντες
960 4090 1109 4170 αὐχοῦσιν
1132 4087 1234 4168 μέγα.

289 4189 394 4257 Etiam
421 4190 496 4258 talia
520 4211 603 4277 quae
632 4200 707 4260 ante
740 4193 835 4281 pedes
866 4201 943 4261 suut
973 4193 1095 4282 posita,
1121 4194 1207 4259 uirus
1230 4190 1342 4258 tactos
1364 4189 1477 4275 ingere

289 4294 443 4379 patuisset
1298 4326 1303 4333 ·

333 4396 368 4466 P.
394 4402 469 4465 511.
495 4404 513 4465 7
546 4421 604 4487 pro
634 4406 824 4487 Κεφαλήνιιν
856 4404 1036 4491 reponenda
1069 4403 1196 4472 ridetur
1220 4403 1346 4471 sincera
1371 4399 1475 4468 turma
