3340 5014
264 304 325 372 114
671 348 677 359 -
757 328 959 376 uiscemrnm

263 496 354 562 πέντε
389 497 446 573 μὲν
476 499 586 570 Ἴωνας
618 496 669 561 καῖ
703 500 823 578 Δωριῦς
849 499 918 571 τοὺς
949 497 979 561 έν
1011 495 1104 579 ’Λεία
1128 496 1181 561 καῖ
1205 494 1355 572 νησιώτας
1377 492 1455 577 ἄχρι

264 600 390 681 Λέσβου
413 601 466 668 καί
497 601 596 670 Ῥόδον
628 607 846 682 παρακαλοῦσι
878 605 944 670 κτέ.
969 610 1002 668 et
1026 602 1139 689 paucis
1162 601 1362 688 interpositis
1382 601 1455 675 τοὺς

264 710 294 775 έν
317 706 537 790 Ἑλλησπόντῳ
560 709 612 775 καί
646 711 752 793 Θρηίκη
774 707 869 792 μέχρι
901 707 1083 791 Βυζαντίου,
1108 706 1222 774 deinde
1246 709 1289 782 είς
1310 706 1456 773 Βοιωτίαν

264 815 317 881 καί
355 815 478 881 Φωκίδα
509 814 561 881 καί
589 816 825 891 Πελοπόννησον.
857 817 892 882 έκ
914 815 946 881 δὲ
972 812 1091 890 ταύτης
1113 814 1164 881 διὰ
1186 818 1307 895 Λοκρῶν
1326 813 1376 879 cxi
1400 813 1457 887 την

264 919 418 1003 πρόσοικον
441 923 559 1002 ἤπειρον
582 917 636 994 ’ἕως
658 922 864 1001 Ἀκαρνανίας
888 920 941 987 καῖ
967 919 1186 1002 Ἀμβρακίας,
1208 928 1241 986 et
1266 916 1360 1006 paulo
1384 925 1457 1006 post

265 1027 302 1093 δι’
333 1027 473 1106 Εύβοίας
501 1028 550 1092 ἐπ’
576 1027 722 1100 Οἰταίους
742 1028 794 1094 καί
813 1028 865 1093 τὸν
881 1030 993 1102 Μηλιᾶ
1007 1026 1030 1116 Ι)
1052 1026 1165 1092 κίλπον
1185 1024 1238 1092 καί
1260 1022 1456 1102 Θεσσαλούς,

265 1152 405 1220 namque
427 1132 504 1199 baec
526 1132 621 1199 verba
636 1131 797 1210 αῦτολεξεί
817 1153 835 1198 e
856 1130 1075 1220 Psepbismate
1089 1130 1251 1217 descripta
1267 1149 1338 1195 esse
1350 1127 1456 1216 palam

267 1247 326 1306 est.
351 1238 489 1305 Fallitur
512 1247 620 1305 autem
643 1236 836 1304 Plutarchus
854 1258 953 1326 quum
975 1237 1089 1304 scribit
1113 1236 1266 1303 Periclem
1293 1236 1324 1301 in
1347 1235 1457 1301 conci·

264 1344 344 1412 lium
372 1343 512 1411 Albanas
535 1364 712 1410 convocare
737 1343 876 1411 voluisse
899 1345 1022 1417 τοίντας
1043 1341 1202 1419 Ἕλληνας
1223 1342 1294 1416 τοὺς
1319 1342 1458 1426 ὁπήποτε

264 1455 485 1525 κατοικοῦντας
508 1459 563 1527 τῆς
587 1451 734 1531 Εὐρώπης
756 1451 809 1517 καί
832 1460 889 1527 τῆς
920 1450 1044 1523 Ἀσίας.
1095 1449 1234 1516 Pericles
1257 1448 1344 1514 enim
1374 1446 1458 1513 solos

264 1557 503 1625 Atheniensium
535 1556 631 1622 socios
661 1565 690 1622 et
714 1557 829 1622 amieos
856 1565 1030 1632 convocat,
1056 1565 1091 1620 ut
1115 1562 1146 1620 et
1173 1571 1224 1620 res
1246 1554 1314 1639 ipsa
1338 1551 1458 1618 clamat

265 1672 298 1731 ct
321 1664 384 1730 iter
408 1662 606 1747 legatorum,
640 1662 695 1747 qui
727 1663 905 1728 mittuntur
933 1663 976 1734 εῖς
1005 1659 1151 1726 Βοιωτίαν
1173 1660 1225 1724 καὶ
1252 1660 1375 1725 Φωκίδα
1403 1659 1455 1726 καί

264 1768 515 1845 Πελοπόννησον,
551 1769 592 1832 ἑκ
627 1766 664 1832 δέ
700 1766 855 1843 ταύτης
886 1767 938 1833 tre
972 1773 1095 1848 Λοκρῶν
1130 1765 1181 1830 tm
1212 1766 1267 1842 την
1302 1764 1459 1848 πρόσοικον

266 1876 385 1956 ἤπειρον
406 1872 461 1945 ἕως
486 1872 693 1953 Ἀκαρνανίας
718 1873 770 1938 καί
795 1872 1017 1953 Ἀμβρακίας,
1044 1891 1118 1937 nam
1145 1869 1236 1937 facilc
1261 1871 1458 1956 intelligitur

265 1980 298 2046 in
318 1999 356 2044 eo
380 1979 495 2044 itinere
526 1977 624 2043 solem
654 1977 806 2044 Achaiam
834 1998 852 2043 a
882 1976 997 2063 legatis
1031 1996 1101 2044 esse
1135 1985 1338 2064 peragratam
1359 1986 1458 2065 atque

268 2083 343 2151 inda
365 2084 480 2149 iterum
498 2082 623 2149 traiecto
643 2088 725 2170 freto
742 2082 781 2148 ad
805 2082 923 2149 Locros
943 2091 1145 2169 perventum.
1181 2081 1301 2162 Nemo,
1326 2083 1457 2169 opinor,

267 2188 465 2259 existimabit
489 2187 733 2254 Atheniensium
757 2187 878 2274 legatos
901 2198 958 2261 aut
979 2188 1103 2256 Elidem
1125 2197 1183 2256 aut
1207 2186 1377 2254 Arcadiam
1399 2195 1458 2253 ant

268 2297 417 2383 Spartam
453 2303 509 2361 aut
542 2293 731 2361 Corinthum
764 2293 883 2360 adiisse
913 2302 947 2361 et
979 2294 1051 2361 inde
1085 2293 1219 2361 reduces
1254 2293 1305 2360 rra
1336 2299 1458 2375 Λοκρῦν

270 2401 483 2469 Acarnaniam
510 2401 641 2487 petiisse
663 2410 695 2465 et
721 2398 936 2467 Ambraciam.
986 2400 1044 2467 Hic
1065 2401 1132 2487 ipse
1155 2420 1248 2468 error
1264 2410 1458 2488 argumento

267 2528 338 2576 asse
366 2514 471 2593 potest
502 2504 713 2571 Plutarchum
745 2504 927 2572 describere
956 2504 1084 2593 aliquod
1114 2508 1321 2595 antiquitatis
1345 2527 1457 2573 monu-

269 2622 435 2691 mentum,
468 2611 564 2699 idque
598 2609 677 2676 nibil
710 2610 892 2678 aliudesse
916 2631 1013 2698 qnam
1037 2612 1072 2678 τὸ
1096 2613 1277 2694 Περικλέους
1300 2614 1458 2697 ψήφισμα

266 2723 300 2789 ἐκ
319 2730 376 2797 τῆς
395 2723 448 2786 τοῦ
471 2723 621 2801 Κρατεροῦ
641 2725 827 2798 συναγωγῆς
844 2718 1015 2784 satismibi
1037 2737 1124 2784 nunc
1137 2718 1248 2785 videor
1266 2719 1457 2787 ostendisse.

311 2825 528 2912 inspiciamus
553 2843 638 2890 nunc
662 2823 762 2890 ahum
787 2823 892 2890 locum
915 2826 946 2890 in
973 2825 1037 2891 rita
1057 2823 1190 2890 Periclis
1210 2844 1281 2911 cap.
1300 2829 1354 2893 30.
1378 2826 1458 2902 ὑπῆν

266 2928 465 3014 attolieret
491 2930 546 3019 (τῷ
569 2930 729 3020 Περικλεῖ)
754 2932 792 3004 ύς
827 2928 903 2996 ἔοικε
933 2930 986 2996 καί
1010 2930 1074 3015 ute
1102 2930 1174 3010 epla
1202 2930 1272 3005 τοὺς
1295 2941 1458 3014 Μεγαρεῖς

268 3037 443 3120 οίπέχίεια·
469 3037 567 3110 κοινύην
597 3037 629 3102 δὲ
658 3037 711 3103 καὶ
735 3036 874 3118 Φανερύιν
898 3036 1101 3116 ποιησάμενος
1126 3038 1232 3104 αίτίαν
1260 3040 1333 3104 κατ’
1357 3040 1460 3106 αύπιῦν

267 3142 495 3222 οῖποτέμνεσύαι
513 3145 568 3219 την
589 3142 671 3223 isphr
690 3141 809 3224 ύργοίδα
825 3143 944 3226 γρύφει
962 3146 1118 3226 ψήφισμα
1137 3146 1255 3226 κήρυκα
1275 3146 1458 3228 πεμφθῆναι

267 3252 340 3332 πρὸς
364 3249 476 3322 αύτούς
500 3249 552 3315 καί
577 3248 650 3329 πρὸς
674 3248 934 3327 Λακεδαιμονίους
959 3248 1011 3314 τὸν
1035 3249 1129 3316 αύτίν
1148 3255 1381 3332 κατηγοροῦντα
1397 3256 1459 3318 τῦν

267 3355 455 3436 Μεγαρέων.
480 3358 569 3421 τοῦτο
593 3354 650 3433 μέν
673 3350 721 3419 ούν
744 3355 779 3419 τῦ
802 3356 957 3436 ψήφισμα
980 3356 1160 3436 Περικλέους
1183 3356 1246 3426 isit
1267 3359 1460 3438 εὐγνώμονος

269 3463 322 3529 καί
347 3462 561 3546 Φιλανίρύπου
584 3460 795 3539 δικαιολογίας
819 3459 983 3542 ἐχόμενον·
1009 3462 1075 3527 έπεί
1100 3462 1126 3528 δ’
1150 3463 1164 3527 d
1188 3464 1343 3544 πεμφύείς
1367 3463 1460 3546 cripe}

268 3567 498 3650 Ἀνθεμόκριτος
521 3568 609 3652 αίτίρι
629 3573 687 3631 τῶν
699 3565 871 3649 Μεγαρέων
887 3568 1049 3633 οῖποίανεῖν
1066 3566 1148 3645 ἔδοξε
1168 3566 1287 3653 γράφει
1301 3572 1459 3653 ψήφισμα

269 3678 342 3741 κατ’
365 3674 467 3739 αύτῦν
490 3681 616 3754 Χαρῖνος
640 3670 790 3739 ἄσπονδον
813 3674 870 3751 μὲν
894 3668 970 3740 εῖναι
994 3673 1047 3739 καί
1072 3675 1240 3756 ἀκήρυκτον
1267 3675 1381 3758 έχύραν
1392 3725 1401 3756 ,
1426 3672 1458 3749 ῦς

270 3783 296 3849 δ’
320 3780 359 3848 ῖιν
382 3781 478 3862 ἐπιβῇ
508 3787 564 3855 τοῖς
595 3781 742 3855 Ἀττικῆς
765 3777 938 3859 Μεγαρέων
962 3779 1083 3862 ίανιίτω
1106 3780 1308 3863 ζημιοῦσθαι,
1332 3783 1404 3857 τοῦς
1427 3782 1459 3849 δέ

269 3886 445 3971 ςρατηγοὺς
475 3881 550 3951 ύταν
578 3883 709 3963 ὀμνύωσι
734 3883 787 3949 τὸν
818 3884 945 3967 παίτριον
976 3883 1059 3967 ύρκον
1082 3887 1244 3966 ἐπομνύειν
1266 3884 1313 3954 ύτι
1336 3888 1389 3954 καί
1413 3888 1458 3962 δίς

269 3993 332 4060 ave
355 3996 420 4059 ποῖν
442 3988 509 4065 έτος
533 3990 576 4064 είς
597 3993 651 4066 την
670 3993 854 4073 Μεγαρικην
873 3992 1086 4071 ἐμβαλοῦσιν·
1105 4001 1247 4077 ταφῆναι
1270 3995 1297 4061 δ’
1315 3992 1460 4074 Ἀνύεμύ·

269 4121 368 4183 κριτον
390 4097 478 4178 παραὶ
500 4097 559 4171 τοῖς
584 4097 734 4179 Θριασίας
756 4097 879 4176 πύλας,
903 4089 939 4165 αῖ
961 4102 1013 4165 νῦν
1036 4099 1174 4168 Δίπυλον
1200 4098 1413 4184 ύνομιίζονται.

271 4269 467 4282 *—

308 4367 333 4431 1)
350 4364 391 4414 Sic
408 4364 514 4415 Periclis
531 4365 645 4431 aequatos
661 4366 835 4430 loquebantur.
862 4367 999 4433 Sophocles
1017 4368 1127 4425 Philoct.
1142 4378 1159 4422 4
1177 4370 1226 4421 τὸν
1241 4368 1339 4437 Μηλιᾶ
1357 4369 1462 4421 Ποίαν-

272 4461 319 4504 τος
336 4444 405 4496 atti.
440 4444 574 4499 Scholion:
592 4445 726 4498 Ἀττικὸν
744 4445 777 4498 δέ
794 4449 827 4499 τὸ
843 4449 970 4516 Μηλιᾶ.
