3388 5010
267 336 333 402 tdt
663 352 819 402 comessum
843 352 879 400 rr
906 349 1059 399 cumauro.

317 524 387 593 Iam
408 523 442 592 in
462 522 684 612 superioribus
705 531 779 591 ante
799 520 915 589 Lucilii
938 541 1053 589 nomen
1073 514 1226 587 similiter
1242 513 1463 583 lemmaexci·
1563 608 1576 616 ἰ

271 630 360 700 disse
374 629 525 713 ridetur3
540 639 628 698 certe
641 649 679 697 ea
691 649 753 696 non
768 627 807 695 ad
821 628 958 695 colustra
970 629 1133 715 pertinere
1145 641 1337 713 persuasum
1352 620 1462 688 babeo.

271 738 380 806 Prima
401 735 498 805 verbe
521 736 681 827 ptacc-
694 734 863 824 mamm.'’)
885 754 1005 823 repono
1024 752 1064 800 ex
1075 728 1299 800 emendatione
1312 727 1462 814 Hauptii:

319 843 533 932 »msusrssp
558 842 608 909 lec
632 851 821 909 concretum
845 841 878 906 in
904 840 1065 907 mammis.

319 998 510 1019 .......
522 949 537 1038 ]
567 947 713 1016 Lucilius
743 946 800 1014 lib.
838 946 926 1015 Vlli:
956 945 1110 1014 Hiberam
1146 941 1285 1021 insulem
1323 939 1465 1009 lomento

272 1055 470 1125 omnicolore
484 1104 593 1124 .....

316 1160 499 1249 cenoman]
524 1160 681 1229 Laberius
705 1160 738 1226 in
765 1157 900 1247 Virgine
924 1180 952 1231 e.
976 1180 1007 1248 q.
1032 1179 1059 1227 s.

318 1267 365 1336 lle
398 1267 457 1335 boc
493 1266 623 1353 quidem
659 1264 886 1354 spoponderim
923 1265 1059 1334 colostra
1093 1273 1169 1332 ante
1204 1261 1331 1330 Laberii
1368 1257 1466 1327 rerba

272 1382 362 1441 recte
385 1373 466 1459 legi:
488 1372 734 1441 contunduntur
756 1373 901 1439 columna
923 1382 955 1441 et
981 1373 1116 1441 colontro
1135 1372 1170 1437 in
1189 1370 1295 1458 primo
1315 1366 1467 1434 lemmate

275 1477 331 1546 ubi
363 1479 450 1547 Leid.
482 1478 578 1547 babet
602 1480 781 1548 columnam
804 1497 967 1566 suprascr.
995 1479 1106 1547 lustro.
1155 1475 1366 1543 Albucium
1392 1472 1468 1538 mit·

274 1584 408 1653 tendum
442 1595 503 1653 est.
553 1585 667 1652 Lucilii
698 1583 857 1652 exciderit
886 1584 1023 1664 lemme,
1055 1582 1140 1671 quod
1176 1603 1195 1649 a
1225 1603 1261 1648 eo
1294 1581 1468 1667 inceperit,

276 1700 408 1779 propter
431 1693 548 1760 seriem
572 1690 756 1758 litterarum
782 1692 1001 1758 necessarium
1025 1699 1085 1758 est.
1125 1689 1245 1776 ‚ltaque
1266 1708 1393 1754 corusco
1411 1693 1468 1751 aut

275 1795 422 1865 oblustris
447 1798 500 1887 (=
522 1794 672 1873 illustris;
696 1795 738 1863 ci.
763 1817 816 1863 ore
839 1804 966 1884 obrupto
990 1797 1045 1864 lX.
1069 1796 1100 1885 t)
1121 1803 1179 1862 eut
1200 1794 1304 1863 coloro
1325 1791 1381 1881 (ci.
1395 1792 1468 1859 odo,-

276 1924 334 1970 ror
355 1903 396 1969 ab
420 1902 507 1992 odor)
532 1900 595 1989 legi
616 1904 732 1990 potuit.
780 1902 926 1969 Primum
945 1902 1075 1990 quidem
1097 1904 1208 1969 missus
1226 1918 1324 1988 quam
1343 1897 1468 1985 reliqua

279 2005 474 2075 dubitationi
504 2015 554 2074 est
589 2008 773 2075 obnoxium.
821 2008 866 2075 lle
896 2009 1003 2077 verbis
1033 2006 1074 2075 H.
1103 2008 1125 2074 i.
1160 2010 1188 2096 s.
1222 2026 1250 2074 o.
1282 2023 1344 2073 non
1377 2012 1469 2071 muto

277 2113 471 2183 sententiam
496 2114 694 2202 propositam
718 2114 861 2183 Coniect.
887 2113 931 2183 ll.
957 2119 1018 2182 71:

687 2219 804 2288 ilibera
863 2239 866 2243 ’

325 2322 431 2393 lniula
454 2323 595 2393 lomento
617 2326 812 2394 omnicolore
835 2375 894 2396 ...

326 2429 379 2497 tx.
404 2434 426 2498 8
451 2429 546 2521 (Non.
572 2435 649 2500 eto.
678 2432 730 2521 lli)

372 2562 559 2591 ννννννν
588 2538 667 2624 quin
691 2557 786 2625 ergo,
812 2539 839 2604 si
864 2547 970 2607 ostrea
994 2557 1096 2618 ceno,

370 2642 535 2731 cognorim
562 2641 717 2722 flurium,
743 2644 856 2711 limum
880 2665 918 2712 ac
942 2664 1079 2711 coenum
1104 2662 1217 2732 sapere
1241 2640 1370 2732 ipsum?

322 2749 430 2817 Libri:
454 2749 531 2837 quid
553 2770 610 2837 epo
632 2750 772 2817 sicerae
795 2761 896 2818 ostreo
920 2751 1246 2838 copnorit—-oenum,
1292 2748 1372 2827 Quin
1397 2767 1470 2835 erpo

277 2854 311 2920 in
343 2855 596 2942 interrogatione
627 2876 702 2924 oum
727 2857 832 2945 prima
856 2876 993 2945 persona
1018 2857 1248 2943 compositum,
1272 2855 1400 2923 etiamsi
1427 2853 1471 2920 sit

277 2961 454 3042 Latinum,
487 2980 549 3028 non
574 2959 701 3030 facilem
726 2961 821 3030 babet
845 2963 1105 3050 explicationem.
1154 2962 1222 3030 Non
1249 2962 1370 3029 meiere
1395 2977 1470 3026 cum

280 3068 459 3135 mutatione
482 3076 515 3135 et
540 3069 643 3155 magis
666 3071 837 3157 perspicue
861 3069 1002 3155 legetur:
1026 3070 1140 3158 quippe
1161 3090 1218 3157 opo
1239 3069 1311 3136 sine
1334 3069 1470 3133 interro·

278 3174 418 3261 palione.
468 3173 551 3241 Ante
581 3195 691 3260 repere
721 3175 902 3242 subiectum
936 3185 985 3242 est
1013 3185 1124 3245 ostreo.
1173 3176 1209 3243 ln
1233 3177 1333 3243 trium
1358 3192 1468 3241 rerum

277 3280 521 3347 enumeratione
544 3281 675 3348 tertium
694 3281 878 3348 membrum
899 3283 1027 3370 saepius
1046 3282 1131 3370 apud
1152 3282 1287 3370 Lucper
1307 3303 1344 3349 oc
1362 3279 1469 3366 iungi·

277 3394 351 3463 tur,
375 3393 412 3453 ut
436 3385 504 3453 vti.
530 3390 590 3464 lt,
615 3386 697 3454 xlv.
727 3390 762 3468 l,
786 3387 901 3456 xxix.
927 3394 982 3457 95.
1026 3388 1190 3475 Soporem,
1215 3387 1353 3476 opinor,
1372 3384 1470 3453 soloe·

278 3511 353 3561 cum
373 3501 459 3560 esset
480 3512 539 3581 pro
554 3502 724 3581 portarem.
760 3493 895 3582 Reliqua
915 3495 1018 3582 igitur
1037 3503 1125 3563 recte
1145 3497 1332 3562 constitute.
1356 3490 1470 3559 Videat

277 3607 386 3666 tamen
417 3597 524 3666 editor
547 3600 632 3687 ipse,
654 3599 710 3686 qui
732 3608 856 3667 ostreas
877 3600 956 3669 bene
976 3603 1064 3670 norit
1083 3639 1129 3653 —
1148 3621 1223 3668 nam
1249 3619 1313 3667 una
1336 3617 1469 3687 vespera

276 3705 359 3773 vidit
389 3704 527 3793 aliquem
560 3705 717 3774 ducentas
747 3706 969 3775 comedentem
1002 3717 1034 3776 et
1059 3710 1122 3776 scit
1144 3717 1268 3775 ostreas
1294 3705 1471 3774 liolsatioas

279 3809 423 3880 melioria
453 3832 523 3879 esse
553 3813 678 3900 soporis
709 3831 806 3901 quam
839 3816 1043 3883 coniecturas
1070 3853 1116 3868 -
1139 3813 1297 3904 quomodo
1320 3811 1470 3881 defendat

278 3917 469 3994 fluviatiles:
494 3938 568 3985 nam
594 3917 689 4005 uulgo
714 3939 803 3987 snare
826 3921 956 4009 sapiunt
982 3930 1039 3990 aut
1062 3923 1200 4011 sendum
1221 3922 1335 3990 maris.
1360 3920 1470 3989 iuven.

276 4022 332 4093 tv.
359 4029 436 4092 lit:
464 4024 689 4112 »Rutupinove
711 4024 797 4093 edita
821 4025 922 4095 fundo
946 4030 1089 4097 ostrea.''

323 4131 359 4197 ln
384 4128 565 4217 fragmento
591 4131 688 4199 buius
711 4130 786 4200 libri
812 4140 856 4202 to
880 4156 911 4204 v.
939 4139 997 4203 66:

369 4234 509 4314 discere,
534 4236 664 4317 labora,
689 4258 729 4307 ne
753 4258 805 4307 res
828 4248 859 4307 te
881 4241 951 4330 ipso
974 4262 1012 4309 ac
1036 4241 1121 4309 ratio
1143 4243 1213 4330 ipsa
1237 4238 1362 4309 refellet

276 4343 511 4410 correctionem
542 4361 646 4413 meam
679 4343 755 4412 olim
781 4344 899 4415 iactam
925 4348 1054 4415 omissis
1078 4347 1143 4415 illis
1166 4369 1201 4415 re
1224 4356 1255 4415 et
1279 4348 1367 4433 ipso,
1392 4364 1470 4433 quo·

276 4467 348 4516 rum
373 4445 511 4517 alterum
536 4470 574 4518 ex
598 4450 818 4540 dittograpbia
843 4461 956 4522 natum
980 4461 1030 4523 est
1053 4453 1108 4543 (ci.
1133 4453 1222 4522 doni.
1247 4454 1286 4523 ll.
1308 4454 1384 4543 96),
1407 4471 1470 4520 non
