3276 5006
604 357 646 402 ru
671 355 936 405 runornnrsruu.
1322 337 1365 401 63

220 526 296 612 Cap.
321 525 470 590 XXVIII.
495 527 702 604 Κακολογόας.

219 635 234 694 ο“
258 632 289 696 δὲ
313 631 483 709 κακολόγος
505 631 658 710 ἐρωτηθεὶς
684 633 749 706 „'0
774 629 858 695 δεῖνα
882 631 929 701 τός
949 629 1041 704 ἐςιν”;
1065 629 1246 714 respondet:
1272 640 1364 707 „Kc-

175 736 271 816 όάπερ
294 738 321 802 οἱ
345 740 603 815 γενεαλογοῦντες
635 741 750 814 πρῶτον
781 733 844 799 άπὸ
874 740 927 800 τοῦ
952 734 1057 813 γόνους
1088 735 1183 799 αὐτοῦ
1210 731 1362 814 άρξομαι·

49 864 53 870 ’
174 842 285 908 τούτου
315 842 329 906 ό
356 843 412 917 μὲν
442 842 544 920 πατὴρ
576 837 610 915 ἐξ
641 841 742 921 doxis
777 841 897 914 Σοιοόας
928 841 1087 916 ἐκαλεῖτο,
1119 839 1241 917 ἐγένετο
1271 841 1303 906 δὲ
1335 842 1365 904 ἐν

174 957 238 1020 τοῖς
259 946 442 1026 ςρατιάταις
463 946 656 1024 Σασόςρατος
677 944 780 1019 ἐπειδη
798 953 853 1009 ΔΕ
871 946 913 1018 εἷς
933 945 1004 1017 τοὺς
1025 941 1163 1019 δημόταις
1180 943 1364 1030 ἐνεγράφη]

176 1052 228 1116 Sic
251 1051 426 1117 Palatinus.
464 1050 629 1135 Scriptura
651 1049 753 1124 ἐπειδὴ
781 1058 836 1114 ΔΕ
862 1050 969 1115 doctos
991 1050 1136 1115 homines
1165 1051 1200 1113 in
1221 1050 1366 1114 fraudem

176 1156 321 1233 induxit,
347 1157 437 1240 qnasi
456 1153 576 1239 aliquid
598 1154 729 1219 deesset.
764 1152 875 1238 Itaque
897 1154 936 1219 de
955 1175 1012 1220 suo
1032 1154 1237 1219 addiderunt:
1262 1153 1365 1226 insilis

177 1262 207 1326 δέ
236 1262 277 1333 εἷς
309 1260 378 1331 τοὺς
409 1258 545 1337 δημότας
569 1257 727 1338 ἐνεγράφη
756 1259 975 1345 (Σαοόδημος).
1011 1259 1083 1325 Non
1114 1262 1260 1343 poterant
1288 1259 1366 1323 infe·

175 1366 279 1432 licius.
321 1361 429 1444 Quint
472 1363 606 1428 milesne
636 1366 772 1449 scriptus
801 1369 849 1428 est
879 1385 915 1428 ac
945 1364 1102 1431 militarit
1132 1369 1302 1449 antequam
1332 1368 1366 1428 in

176 1470 346 1535 tribulium
368 1468 493 1533 tabulas
516 1471 660 1552 receptus
681 1465 782 1533 esset?
817 1468 951 1534 Necesse
974 1469 1008 1534 id
1031 1473 1079 1533 est
1102 1470 1130 1532 si
1154 1470 1244 1553 prius
1270 1487 1366 1553 quam

176 1573 333 1645 militaret
367 1572 561 1652 Σαοίςρατος
597 1579 630 1637 et
660 1578 829 1657 postquam
863 1555 906 1646 εός
937 1575 1007 1646 τοὺς
1037 1572 1175 1650 δημόταις
1207 1571 1365 1653 ἐνεγράφη

177 1684 305 1763 coeptus
339 1682 387 1742 est
420 1677 597 1753 zuritanae
633 1675 795 1761 appellari.
854 1676 928 1741 Alio
962 1697 998 1741 ac
1031 1675 1137 1743 multo
1173 1675 1367 1762 simpliciore

177 1784 272 1850 modo
294 1785 468 1868 scripturae
489 1785 609 1849 vitium
629 1781 700 1847 tolli
721 1788 841 1867 potest:
866 1782 1067 1849 scribendum
1086 1819 1131 1832 -
1151 1784 1271 1856 Σατόας
1292 1782 1366 1847 ἐκοι-

178 1895 282 1962 λεῑτο,
313 1888 435 1967 ἐγένετο
462 1889 494 1952 δὲ
518 1888 634 1960 ἐντοῖς
666 1888 851 1967 ςρατιάταις
876 1887 1071 1967 Σαοόςρατος
1094 1887 1199 1963 ἐπειδὴ
1230 1889 1272 1959 εἰς
1295 1887 1366 1960 τοὺς

178 1993 315 2070 δημόταις
340 1992 596 2073 ΠΑΡενεγράφη.
632 1993 791 2078 Postquam
813 1993 901 2055 νκοόὶο
927 1993 1043 2056 ortibus
1064 1995 1098 2056 ιἰι
1121 1994 1270 2057 οιίιόόοόονι
1291 1993 1367 2057 irre-

171 2099 237 2182 psit
265 2097 432 2169 militarit,
453 2102 485 2162 et
516 2117 555 2161 ex
585 2095 675 2163 Sosia
705 2097 808 2162 factus
836 2103 884 2161 est
910 2095 1108 2163 Sosistratus.
1146 2097 1231 2178 Quid
1260 2100 1368 2164 notius

178 2203 326 2279 Athenis,
360 2202 437 2286 quid
459 2202 654 2287 frequentius
680 2221 777 2286 qnam
801 2206 1087 2284 παρεγγραφῆναι,
1120 2226 1368 2284 ταρεγγεγραμ·

179 2308 281 2385 μόνος,
314 2304 579 2387 παρέγγραπτοςό
615 2306 706 2386 Quod
739 2312 787 2371 est
819 2307 953 2372 Athenis
986 2311 1128 2393 paratius
1158 2307 1367 2375 maledictum

179 2432 277 2498 quam
299 2408 381 2487 ξένος
402 2411 454 2474 καὶ
478 2408 743 2491 παρόγγραπτοςό
774 2411 945 2476 Aeschines
964 2413 1001 2475 dc
1022 2412 1057 2475 F.
1078 2412 1114 2475 L.
1135 2433 1208 2499 pag.
1230 2412 1289 2492 38,
1312 2414 1365 2479 10.

180 2522 327 2598 Κλεοφῶν
357 2514 389 2579 δέ
419 2516 433 2579 ό
462 2516 615 2596 λυροποιός
644 2553 687 2563 -
719 2514 959 2596 παρεγγραφεὶς
991 2517 1125 2596 αἰσχρῶς
1155 2518 1284 2591 πολότης
1312 2519 1364 2583 καὶ

180 2621 366 2703 διεφθαρκὼς
397 2630 472 2701 νομῇ
496 2621 667 2700 χρημάτων
690 2619 741 2683 τόν
768 2620 872 2697 δῆμον.
912 2620 1007 2705 Apud
1030 2621 1165 2685 eundem
1189 2622 1267 2687 ibid.
1291 2642 1365 2708 pag.

182 2727 242 2804 51,
267 2724 321 2791 46.
345 2723 490 2805 άνόροποι
514 2724 753 2804 παρέγγραπποι
782 2722 997 2809 [γεγενημένοι
1022 2724 1187 2811 πολῖται],
1220 2724 1366 2790 additum

181 2831 340 2919 glossema
359 2832 534 2896 cretionem
551 2831 702 2895 vitiosam
725 2828 872 2894 reddidit.
905 2827 1005 2892 Erant
1023 2829 1109 2892 enim
1128 2827 1367 2910 παρέγγραπτοι

182 2944 214 3003 et
242 2936 341 3002 multi
363 2934 507 3020 quidem,
539 2934 593 2999 sed
623 2953 685 2998 non
716 2939 805 2998 erant
833 2931 1070 3013 παρέγγραπτον
1100 2944 1238 3000 πολῖται.
1273 2934 1369 3018 Apud

183 3040 434 3126 Theophrastum
464 3040 572 3105 mendi
601 3040 691 3124 origo
713 3041 746 3102 in
772 3039 815 3110 εἰς
838 3038 908 3110 τοὺς
934 3038 1100 3113 δημόΤΑΟ
1123 3038 1367 3119 ΠΛΡενεγράφη

183 3146 275 3212 facile
297 3146 507 3232 cognoscitur.
543 3143 614 3209 Non
637 3148 684 3207 est
704 3163 801 3208 ovum
824 3163 884 3209 oro
906 3142 1045 3207 similius
1064 3162 1160 3227 quam
1178 3142 1247 3209 loco
1269 3143 1370 3210 'Pheo-

185 3251 308 3337 phrasti
338 3248 504 3314 emendato
526 3247 644 3314 similis
673 3253 721 3313 est
742 3248 831 3314 locus
852 3248 1074 3313 Demosthenis
1096 3249 1126 3312 όν
1153 3257 1192 3330 τῇ
1217 3250 1289 3314 κατ’
1311 3251 1369 3315 Ai-

185 3356 293 3436 σχόνον
327 3355 499 3437 καινολογίᾳ
533 3355 570 3416 dc
607 3354 719 3416 Οονοοιο
748 3375 822 3441 pag.
854 3351 933 3430 314,
959 3353 998 3417 2:
1034 3354 1137 3428 ἐπειδὴ
1168 3355 1196 3419 δ’
1224 3355 1267 3427 εἰς
1297 3354 1369 3428 τοὺς

185 3459 323 3537 δημότας
347 3457 521 3539 ἐνεγράφης
554 3458 771 3535 ὁπωσδήποτε,
802 3459 838 3524 ἐῶ
861 3458 925 3537 γάρ
946 3456 1037 3523 τοῦτό
1059 3483 1119 3537 γε,
1143 3459 1246 3533 ἐπειδη
1271 3459 1298 3523 δ’
1322 3455 1371 3525 οὖν

185 3565 358 3646 ἐνεγράφης
387 3563 492 3634 εόόέοις
522 3565 557 3627 τό
587 3561 735 3631 κάλλιςον
764 3560 892 3640 ἐξελέξω
922 3569 981 3626 τῶν
1011 3560 1104 3641 ἔργον
1135 3562 1371 3641 γραμματεύειν

185 3670 237 3736 καὶ
262 3670 421 3748 ὑπηρετεῖν
443 3674 505 3739 τοῖς
529 3667 696 3747 άρχιδόοις,
721 3686 858 3752 namque
880 3668 966 3744 μετά
989 3668 1155 3747 σχήματος
1178 3666 1261 3732 nihil
1283 3666 1372 3733 eliud

185 3776 264 3841 dicit
287 3793 384 3858 qnam
406 3771 509 3845 ἐπειδη
532 3771 557 3835 δ’
581 3774 623 3844 εἷς
647 3772 717 3844 τοὺς
742 3770 878 3849 δημότας
902 3771 1172 3852 ΠΛΡενεγράφης.

230 3877 327 3943 Initio
356 3877 419 3942 loci
450 3877 547 3942 verba
577 3875 716 3956 καθάπερ
749 3876 775 3940 ct
799 3879 1059 3953 γενεαλογοῦντες
1087 3876 1232 3941 Editores
1263 3895 1371 3961 asqq.

186 3985 348 4069 separant,
373 3986 463 4066 quasi
485 4003 524 4046 ex
546 3980 757 4067 Theophrasti
773 4000 905 4066 persona
927 3981 1121 4059 dicerentur,
1146 3981 1201 4046 sed
1223 3981 1373 4046 maledici

186 4089 286 4172 ipsius
317 4087 394 4151 haec
425 4091 500 4150 sunt
521 4090 569 4150 ita
593 4085 801 4151 exordientis:
834 4083 973 4164 καθάπερ
995 4086 1021 4149 ol
1046 4089 1372 4163 γενεαλογοῦντες-

187 4189 331 4270 ἄρξομαι.
377 4189 476 4255 Plane
505 4188 664 4276 gemellus
693 4194 741 4254 est
773 4189 861 4254 locus
894 4187 1042 4255 Isocratis
1074 4189 1141 4270 περ)
1175 4189 1373 4264 ’Λντιδόοεοις

187 4294 301 4379 5193.
325 4294 482 4373 βούλομαι
506 4294 538 4361 δέ
560 4295 626 4375 περὶ
650 4303 706 4370 τῆς
728 4300 786 4359 τῶν
809 4292 909 4372 λόγων
931 4293 1076 4368 παιδείας
1097 4291 1196 4376 ι’νόπερ
1215 4296 1240 4360 οἱ
1264 4320 1373 4374 γενεα·

188 4406 353 4479 λογοῦντες
377 4406 491 4480 πρῶτον
514 4399 640 4465 διελθεῖν
662 4399 735 4479 πρὸς
759 4400 854 4477 ὑμᾶς.
888 4400 1063 4484 Aptissima
1090 4421 1165 4466 cum
1193 4402 1245 4467 his
1266 4407 1375 4469 contu·
