3388 5010
256 330 322 394 222
750 347 952 394 ursocccrmm

256 526 305 585 est
332 515 455 582 Aeliani
481 519 499 595 η
526 516 649 593 τοικίλη
673 517 790 600 ίτορία,
815 515 981 603 aliquanto
1003 518 1093 605 peior
1115 522 1132 596 η
1156 524 1215 585 τῶν
1234 516 1315 601 ζῴοιν
1333 519 1448 602 ίςορία,

258 621 314 689 sed
337 623 482 689 onrrrium
509 621 704 688 deterrimus
727 622 808 689 liber
831 623 897 704 τερ)
917 624 1081 704 Προνοίας,
1109 622 1193 688 unde
1212 624 1364 711 permulti
1387 624 1447 690 looi

256 727 341 816 apud
367 728 500 796 Suidam
525 730 669 815 excerpti
694 738 879 815 supersunt.
927 730 1059 817 lneptae
1083 727 1296 796 affectationis
1318 730 1449 797 morbus

256 843 289 901 et
314 835 439 901 insania
464 844 614 922 appareat
642 834 692 900 rel
715 854 753 901 ex
779 835 838 900 hoc
864 855 927 901 uno
951 834 1131 922 fragmento
1154 834 1241 923 apud
1265 834 1398 903 Suidam
1419 856 1447 903 r.

258 940 463 1023 Σοβαρύς·
496 946 640 1008 Τοιοῦτον
670 940 889 1026 νίναζονγραφιῖι
915 944 954 1015 ύς
978 943 1057 1015 είκδς
1080 943 1154 1008 κούκ
1177 932 1240 1008 rino
1263 940 1374 1024 τρίτου
1396 940 1449 1008 τὸν

257 1046 464 1130 ταραβλύτα
499 1048 551 1115 καί
587 1046 752 1130 Φιλοκερδῆ
785 1048 837 1112 καί
874 1045 1034 1129 κερδαλέον
1067 1047 1264 1128 βραδύτατον
1300 1047 1371 1129 τρίς
1404 1048 1448 1114 τοὶ

257 1155 414 1235 κρείττονα
444 1152 670 1234 λιχνιοδέςατον
702 1152 733 1220 δὲ
764 1154 836 1234 τρδς
868 1154 1078 1236 τανοιλεύρίαν
1109 1160 1168 1221 τῶν
1196 1152 1449 1235 ἐντυγχανόντων

257 1259 552 1344 ἐκβεβακχευμένον
576 1256 622 1324 ὅτι
645 1259 788 1338 μύλιτα.
813 1261 889 1325 αλλ’
913 1258 1027 1337 ἐξούλης
1050 1259 1102 1325 καὶ
1128 1260 1263 1342 προώλης
1286 1275 1448 1340 τροτηλα-

257 1369 368 1441 κισύεδς
399 1369 430 1441 te
462 1367 596 1446 κύρακας
627 1364 727 1449 ᾤχετο
750 1365 943 1441 κατοίλληλα
966 1367 1140 1450 τοδτίχειρα
1163 1374 1219 1442 τῆς
1243 1366 1408 1447 βδελυρίας
1433 1366 1447 1432 ί

256 1472 463 1556 ἀποτρύσαιος
495 1472 547 1538 καί
580 1468 638 1539 οἷον
668 1473 814 1556 οίτοφροὶς
845 1471 1070 1551 ύτοισνίμενος,
1103 1469 1134 1546 te
1165 1473 1297 1555 οίνιίρσια
1320 1471 1449 1554 δικοίζονν

255 1580 368 1654 οδδίκονς
400 1580 533 1653 πολλοὺς
564 1577 766 1662 κατεδίκαζεν
788 1578 856 1645 ὅτιν
879 1580 912 1645 ού
936 1579 1091 1657 δεδοικὼς,
1118 1580 1173 1646 ούκ
1194 1579 1318 1658 ἀλέγων
1339 1576 1447 1659 'atpat-

256 1712 343 1759 ςειαν
365 1686 431 1753 οὐδὲ
454 1685 592 1766 Νέμεσιν
615 1683 829 1768 ἑμδιαζύμενος
852 1686 941 1751 αλλοδ
960 1689 1066 1750 ταῦτα
1086 1684 1239 1766 τεκμήρια
1260 1685 1374 1766 ἐναργῆ
1391 1692 1447 1762 τῆς

256 1793 466 1876 ταρταρύδονς
498 1793 550 1859 καὶ
582 1793 770 1860 τανταλείον
801 1794 897 1858 αὐτοῦ
928 1792 1094 1872 τιμωρίας,
1120 1787 1151 1866 te
1175 1792 1262 1858 κακοὶ
1284 1790 1378 1858 πόλλ’
1402 1789 1449 1874 ἔρ-

257 1901 377 1977 δεσκεν,
409 1892 440 1973 ὃς
467 1898 553 1965 κακοὶ
581 1897 675 1964 πόλλ’
704 1897 901 1965 οίτοτίσεται.
949 1897 1028 1979 Quis
1053 1916 1205 1984 umquam
1233 1895 1313 1964 vidit
1337 1895 1448 1964 absur-

258 2006 380 2073 diorem
406 2004 577 2071 verborum
602 2014 634 2070 et
656 2003 815 2070 delectum
836 2012 868 2070 et
889 2004 1152 2090 compositionem
1171 2003 1286 2070 οίττικοί
1307 2011 1338 2070 et
1359 2003 1449 2087 ύτερ·

257 2112 374 2181 οίττικα
405 2120 437 2179 ot
469 2108 600 2191 δμηρικοί
629 2118 660 2176 et
693 2109 813 2196 plebeia
846 2108 885 2175 de
910 2110 1006 2174 trivio
1029 2118 1136 2175 sumta
1164 2102 1345 2196 promiscue
1368 2111 1449 2176 mis·

256 2219 370 2287 centis.
419 2217 459 2284 Et
490 2215 691 2303 Lexiphanes
720 2215 849 2302 quidem
873 2214 954 2281 nihil
978 2213 1072 2292 dicit,
1099 2212 1252 2281 helianus
1276 2214 1447 2283 mirificam

256 2327 389 2396 δείνωσιν
420 2325 453 2389 in
487 2321 538 2388 his
569 2320 740 2389 verborum
768 2321 926 2408 portentis
950 2321 1103 2408 opinatur
1127 2320 1241 2388 inesse.
1286 2322 1327 2388 llt
1350 2321 1449 2388 huius

256 2431 411 2518 ἀφέλειαν
444 2427 657 2495 Philostratus
689 2426 866 2515 praedicatl
913 2426 979 2494 llno
1013 2436 1119 2493 tamen
1151 2428 1231 2494 vitio
1262 2426 1449 2496 liberandus

257 2546 322 2606 est:
353 2557 415 2603 noo
448 2534 656 2615 οίιιοισοίριονος
687 2533 835 2622 scripsit,
864 2532 949 2622 quod
982 2531 1154 2600 barbarum
1178 2542 1247 2611 est,
1279 2532 1334 2602 sed
1358 2536 1450 2601 ατοι·

258 2654 409 2724 σΟμενος.

304 2750 429 2816 llortuc
450 2746 653 2834 Heliogabalo
674 2745 846 2824 helianus,
872 2757 907 2812 ut
921 2743 1136 2812 Philostratus
1157 2754 1268 2812 narrat
1282 2764 1353 2832 pag.
1369 2750 1448 2822 624.

259 2856 389 2943 scripsit
419 2855 608 2935 κατηγορίαν
639 2857 692 2919 τοῦ
716 2851 872 2930 Γύννιδος,
906 2871 1045 2938 namque
1068 2871 1105 2918 eo
1129 2849 1283 2918 vocabulo
1307 2852 1450 2939 impense

258 2958 496 3037 delectabatur,
528 2966 564 3024 ut
596 2957 680 3045 apud
706 2957 838 3025 suidam
860 2979 891 3024 r.
919 2964 1121 3025 Χλοῦναιε
1147 2959 1161 3025 ί
1184 2957 1317 3038 χλούνης
1337 2983 1373 3024 τε
1397 2958 1450 3024 καί
1488 2950 1496 2961 ’

259 3067 361 3147 γύννις
385 3064 647 3144 καταγοητενύείς
671 3064 723 3131 καὶ
747 3060 805 3130 οἷον
829 3065 860 3129 ἕν
883 3064 986 3145 δεσμῷ
1010 3087 1068 3130 τινι
1092 3062 1225 3145 ἀφύκτῳ
1242 3064 1395 3144 τεδηύείς,
1419 3072 1453 3130 et

259 3175 293 3239 iu
326 3192 355 3239 ν.
388 3170 546 3245 Γύννιςε
572 3172 685 3247 ἕκτης
710 3171 811 3247 ηδονῆς
837 3164 871 3245 ἣν
897 3171 1007 3245 ἐκεῖνος
1032 3167 1118 3250 ύμνει
1142 3172 1156 3236 l
1179 3170 1311 3251 χλούνης
1335 3195 1371 3236 τε
1397 3172 1450 3237 καί

258 3277 373 3358 γύννις.
422 3276 455 3344 Si
486 3277 560 3364 quis
592 3297 629 3343 ex
653 3297 690 3343 eo
714 3277 925 3363 quaesivisset
948 3277 962 3342 ί
985 3275 1121 3359 χλαίνης
1146 3274 1223 3362 quid
1247 3283 1348 3353 esset,
1373 3274 1449 3342 hae·

259 3384 357 3450 sisset
387 3383 509 3469 opinor.
557 3382 676 3449 Eadem
710 3383 849 3467 οίφελείιρ
882 3383 987 3448 utitur
1015 3383 1047 3448 in
1075 3380 1227 3469 Epicratis
1251 3380 1450 3449 Ιίιιοοίοοιιινι

260 3490 359 3557 veluti
384 3490 417 3555 lu
442 3488 497 3555 Ill.
522 3489 657 3567 ἕμαντδν
678 3486 864 3570 περιόψομαι
889 3487 1234 3571 τροτελούμενον,
1258 3487 1342 3575 quod
1364 3485 1448 3575 apud

262 3595 458 3686 Aeschylum
484 3594 605 3682 legerat
630 3593 789 3660 Pronoelh.
814 3598 892 3660 447.

533 3701 602 3782 δρῶν
627 3700 760 3779 ἕμαντδν
785 3697 838 3767 ὦδε
864 3698 1132 3781 προυσελούμενον.

261 3819 293 3877 et
317 3810 350 3875 iu
377 3808 449 3875 Vll.
475 3815 531 3884 τῆς
555 3808 700 3888 Ὀτύρας
725 3801 773 3872 σύν
798 3804 1042 3880 κατελύσας
1067 3807 1126 3895 (sic
1147 3805 1207 3891 leg.
1233 3825 1290 3892 pro
1311 3829 1451 3885 καταγε·

182 3996 186 4001 ,
261 3914 379 4005 λιίσοις)
403 3914 436 3981 τί
460 3909 812 3999 ceremonensem
838 3909 1062 3998 Aristophanis
1087 3910 1168 3979 Ριιοο
1192 3915 1275 3980 710:
1390 3917 1393 3923 '

465 4016 514 4101 αἶρ’
538 4018 577 4086 δν
599 4019 764 4098 βλαβῆναι
788 4017 840 4085 διδ
863 4018 971 4100 χρόνον
995 4018 1028 4084 τί
1049 4042 1096 4084 σοι
1120 4018 1211 4097 δοκῶ,

465 4122 487 4191 ὦ
512 4124 631 4190 δέσποθ’
654 4127 769 4207 Ἑρμῆ,
792 4133 848 4201 τῆς
873 4125 1016 4205 Ὀτύρας
1040 4124 1239 4201 κατελύσας;

308 4229 419 4298 Obiter
444 4233 549 4298 exime
569 4230 721 4296 nuendum
746 4251 784 4298 ex
804 4230 947 4318 Epistola
969 4231 1037 4298 llll.
1059 4232 1164 4314 εύρινοι
1183 4230 1246 4314 ἄρα
1265 4228 1355 4304 ίντινς
1374 4226 1451 4307 ἦσαν

262 4340 297 4405 αἱ
321 4335 426 4412 κύνες·
451 4338 483 4404 ού
506 4335 571 4418 γὰρ
594 4333 629 4412 ἦν
650 4336 745 4403 αύτδν
767 4337 839 4404 ίδεῒν
862 4338 939 4405 ἀλλ’
964 4338 1085 4422 ᾔσθοντο
1107 4339 1212 4404 αὐτοῦ.
1259 4335 1376 4418 Εύρινοι
1394 4353 1452 4422 pro

263 4443 373 4528 εύρινες
406 4441 541 4511 tortasse
572 4442 676 4529 ipsius
709 4442 832 4510 heliuni
863 4462 955 4511 error
983 4452 1052 4523 est,
1077 4442 1133 4512 seo
1157 4463 1213 4531 pro
1234 4442 1356 4528 ᾔσθοντο
1379 4460 1451 4509 sen·
