3340 5014
483 855 912 948 OBSERVATIONES
938 856 1183 948 cnlrlonn

811 1093 847 1139 IN

681 1281 983 1361 HELIODORUM.

607 1544 756 1592 scnrnsn·
778 1526 808 1590 S.
834 1527 873 1590 Α.
897 1524 1041 1590 ΝΑΒΕΒ.

726 1789 922 1832 -εμ-

272 2041 369 2108 Jnvci
392 2038 500 2107 redire
531 2040 563 2105 in
596 2041 787 2106 memoriam
819 2038 908 2107 iilius
939 2041 1112 2126 temporis,
1138 2059 1238 2127 quum
1263 2048 1338 2108 anie
1362 2042 1420 2111 hos

227 2145 343 2230 viginti
368 2164 470 2213 annos
501 2146 689 2211 amicissimi
722 2145 783 2211 viri
815 2144 961 2213 Kiehlius
984 2155 1017 2213 et
1039 2144 1200 2212 Mehierns
1220 2165 1347 2214 meeum
1368 2168 1418 2216 ce·

223 2258 340 2338 pereni
372 2250 542 2317 eonsilium
574 2251 745 2338 colligendi
768 2258 801 2317 et
823 2250 955 2330 edendi,
978 2251 1006 2317 si
1031 2250 1109 2339 quid
1134 2250 1219 2317 dccii
1246 2253 1278 2318 in
1307 2262 1417 2321 nostre

222 2356 328 2444 patria
359 2357 422 2423 riri
455 2356 495 2423 de
524 2355 615 2422 bonis
646 2357 764 2425 litteris
795 2359 1019 2446 scripsissem,
1050 2356 1133 2445 qnod
1167 2366 1295 2428 nostrae
1318 2380 1417 2429 corne

222 2461 426 2529 committere
451 2463 578 2530 velient.
626 2463 673 2530 Ex
696 2483 733 2530 eo
752 2473 915 2550 tempore,
936 2463 1099 2549 egregiam
1120 2483 1211 2550 opem
1236 2463 1416 2534 ferentibus

221 2565 441 2634 celeberrimis
454 2568 635 2656 philologis,
657 2570 712 2657 qui
733 2578 803 2657 posi
826 2589 926 2635 unum
940 2569 1143 2655 alterumque
1161 2588 1283 2636 annum
1296 2590 1413 2658 magne

221 2681 313 2760 parte
336 2674 520 2760 gravissimi
551 2675 659 2741 oneris
691 2695 758 2751 nos,
777 2674 943 2754 levarunt,
975 2695 1048 2741 mox
1072 2681 1175 2740 totum
1203 2675 1234 2740 in
1259 2673 1413 2741 humeros

221 2798 296 2845 suos
319 2779 573 2858 transtulerunt,
599 2801 655 2869 per
688 2780 834 2847 undecim
859 2799 960 2867 annos
983 2781 1191 2869 Mnemosyne
1220 2778 1339 2867 prodiit
1363 2781 1412 2847 sie

221 2892 258 2950 ιιι
280 2904 340 2952 nee
364 2905 422 2952 nos
446 2887 588 2973 suseepti
613 2885 738 2952 consilii
764 2887 941 2974 poeniteret
970 2895 1003 2953 ει
1028 2887 1162 2952 lectores
1184 2884 1302 2952 habere
1325 2884 1412 2953 ride·

221 2999 352 3068 rentur,
376 2990 460 3078 quod
484 3012 559 3058 eum
582 2992 691 3058 irneiu
711 3000 953 3078 cognoscerent.
994 2990 1079 3059 Nihil
1099 3000 1150 3058 εει
1173 3012 1233 3059 eur
1256 2993 1411 3061 reticeam

219 3095 303 3183 quod
328 3117 440 3164 omnes
454 3098 678 3165 consensioni:
703 3097 909 3186 Mnemosyne
929 3109 1039 3165 nostre
1056 3105 1197 3165 veterem
1218 3097 1410 3165 Batavorum

219 3201 252 3266 in
275 3200 446 3290 philologia
471 3202 597 3269 leudem
622 3202 750 3287 egregie
776 3211 878 3269 ιιιιειε
904 3213 962 3269 εει.
1010 3202 1152 3269 Tandem
1180 3202 1232 3270 ἰΙΙε
1257 3224 1317 3272 vox
1337 3223 1411 3270 con·

220 3306 316 3373 licuit
349 3316 381 3374 ει
420 3306 487 3394 jam
522 3328 578 3395 per
610 3327 722 3373 novem
755 3326 857 3373 annos
890 3309 1002 3375 inuitis
1029 3307 1211 3375 desiderate
1235 3307 1411 3379 obmotuit.

219 3412 331 3498 iisqne
365 3421 539 3501 antequam
570 3414 701 3480 initium
735 3412 850 3479 inciam
881 3413 1062 3490 scribendi,
1096 3415 1245 3502 ingratus
1276 3415 1357 3494 sim,
1384 3416 1412 3482 si

219 3518 365 3584 omiitnrn
407 3518 633 3608 Mnemosynen
666 3518 807 3585 salutare
838 3518 1034 3599 redivivam,
1079 3530 1233 3608 tanquam
1267 3531 1409 3587 veterem

219 3626 375 3701 amicam,
401 3643 483 3711 quae
508 3646 605 3693 rrovos
625 3632 719 3691 necin
742 3625 1024 3711 paironoS,1ceiis
1047 3624 1210 3691 ominibus
1233 3634 1266 3693 ει
1286 3624 1414 3692 iiiiebus

220 3727 445 3815 plaudeniibus
476 3738 547 3818 posi
575 3729 766 3797 diuturnum
792 3730 959 3798 silentium
989 3730 1057 3818 jam
1083 3731 1201 3797 iterum
1226 3751 1244 3796 e
1270 3730 1411 3797 tenebris

218 3834 307 3901 exire
330 3836 458 3919 gestiat.
508 3835 547 3903 [Ιι
579 3833 657 3902 mihi
690 3833 807 3902 alicius
838 3844 886 3902 εει
919 3837 1058 3901 nuncius
1089 3835 1223 3901 consiiie
1255 3834 1296 3901 nb
1321 3837 1412 3902 novis

220 3939 401 4006 rrinrnviris
422 3942 555 4027 agitari,
580 3952 616 4007 ni
640 3941 868 4033 Mnemosynen
895 3943 1143 4021 resuscitarent,
1166 3951 1336 4030 postquem
1358 3963 1411 4010 res

218 4045 259 4111 ad
278 4046 401 4112 exilum
415 4047 483 4133 spei
496 4047 635 4114 adducta
648 4046 836 4125 ridebninr,
855 4048 1007 4114 continuo
1020 4048 1184 4136 quaesivi,
1196 4067 1237 4113 sn
1250 4047 1409 4134 quaedam

220 4152 288 4239 ipse
312 4171 437 4239 quoque
467 4150 612 4218 conferre
640 4174 785 4240 nossem,
810 4153 913 4219 dociis
936 4153 1072 4219 nuribus
1104 4162 1137 4220 ει
1161 4154 1300 4242 pristino
1325 4153 1414 4223 Mne·

220 4276 370 4347 mosynes
400 4257 494 4323 iande
527 4277 589 4323 non
624 4259 753 4351 peniius
788 4258 932 4345 indigne.
979 4256 1135 4346 Legeram
1168 4269 1200 4327 ει
1234 4258 1411 4347 relegeram

221 4382 323 4447 nuper
341 4362 488 4429 Erotieos
504 4361 657 4441 Graecos,
675 4385 814 4452 quornm
834 4364 1014 4433 studiorum
1034 4365 1162 4433 irucius
1171 4364 1239 4453 jam
1258 4365 1412 4434 inanimo

221 4476 270 4533 esi
294 4467 433 4535 erudiris
456 4468 535 4535 viris
560 4470 687 4537 tradere
710 4468 931 4559 explorandos.

1239 4581 1269 4626 ro
