3242 5014
528 1239 1071 1333 lloMuuscA.

552 1562 559 1575 ⁶
588 1580 730 1632 soarrsru
754 1561 790 1630 O.
814 1561 855 1630 G.
880 1561 998 1630 Ooaur.

651 1855 942 1892 m...-

792 2096 818 2166 1.

497 2314 680 2379 ’AnPenH
714 2330 800 2378 arun
834 2311 1002 2378 Houaaurr

495 2435 599 2482 rmus
633 2419 936 2483 Araxumsmoauu
968 2435 1098 2483 rumoso.

248 2625 366 2692 Multis
387 2628 471 2693 mihi
494 2628 579 2712 apud
606 2625 787 2692 Homerum
809 2626 888 2691 iocis
910 2626 1170 2691 animadvertisse
1193 2625 1302 2690 videor
1321 2645 1391 2688 eru-

202 2730 288 2797 ditos
302 2731 532 2798 Alexandrinos
548 2729 787 2796 Grammaticos
802 2736 837 2795 ct
855 2727 990 2795 Criticos
1004 2731 1148 2795 heroicas
1157 2732 1191 2794 ei
1202 2729 1392 2794 Homericae

202 2839 317 2901 aetatis
335 2836 576 2922 simplicitatem
594 2840 627 2900 et
646 2834 814 2899 candorem
832 2838 865 2899 ei
880 2836 1112 2912 sinceritatem,
1132 2853 1233 2918 quum
1249 2835 1283 2896 in
1302 2834 1392 2919 regia

204 2940 462 3019 Ptolemaeorum
481 2945 515 3005 ot
533 2943 567 3004 in
584 2938 707 3004 aulicas
726 2940 947 3004 assentationis
965 2937 1083 3003 foetore
1101 2940 1185 3002 inter
1202 2943 1391 3023 purpuratos

202 3052 341 3112 aetatem
363 3049 513 3134 agareni,
532 3064 595 3109 non
614 3046 692 3109 satis
714 3044 832 3128 ubique
853 3045 987 3109 sensisse
1002 3049 1061 3109 aui
1080 3047 1114 3108 in
1129 3048 1272 3128 tempore
1290 3062 1390 3107 resor-

203 3151 292 3217 datos
302 3172 381 3216 esse.
402 3150 586 3215 Plurimum
598 3149 706 3213 aberat
717 3154 755 3212 ui
767 3149 874 3214 irrisis
884 3150 954 3213 viia
964 3147 1057 3214 molli
1067 3154 1101 3214 ci
1112 3147 1247 3214 delicau
1256 3148 1391 3213 heroum

202 3254 447 3321 Homericorum
462 3256 498 3320 ri
509 3254 629 3335 ἀφελὲς
642 3253 695 3318 καὶ
707 3254 855 3319 sanciris
867 3255 955 3319 omni
965 3253 1037 3319 fuco
1047 3258 1080 3318 ei
1092 3253 1287 3320 affectatione
1298 3251 1390 3338 plano

202 3378 342 3424 vacuum
365 3359 466 3426 libero
486 3361 592 3424 animo
609 3361 778 3423 aestimare
796 3362 932 3442 possent.
967 3356 1016 3423 Ex
1035 3380 1110 3425 suae
1127 3361 1241 3424 aeteus
1259 3357 1390 3423 modulo

200 3465 349 3548 antiquos
382 3464 493 3529 heroes
526 3463 757 3539 metiebantur,
793 3483 833 3527 ex
867 3484 925 3529 suo
954 3468 987 3528 ei
1016 3462 1198 3548 scpualium
1227 3483 1320 3527 sensu
1350 3462 1389 3525 de

202 3564 384 3632 Homericis
412 3569 507 3632 rebus
536 3569 738 3653 personisque
763 3567 964 3644 iudicabant,
1000 3567 1084 3632 unde
1107 3587 1203 3651 quam
1225 3584 1389 3650 perversae

201 3669 241 3734 da
270 3670 348 3735 locis
377 3672 568 3755 quibusdam
600 3673 763 3757 opiniones
793 3677 880 3737 ortae
909 3672 974 3737 sini
995 3670 1212 3756 compluribus
1234 3668 1389 3754 exemplis

200 3774 364 3840 ostendere
384 3778 486 3841 iuvat.
520 3776 624 3843 Nemo
647 3779 793 3841 veiorum
815 3773 1009 3841 Griticorum
1029 3796 1067 3841 eo
1088 3778 1169 3841 vitio
1190 3774 1284 3861 plane
1307 3773 1388 3838 liber

200 3884 266 3942 esi:
290 3880 493 3946 Aristarchus
515 3885 614 3947 eiiam
637 3881 671 3942 in
694 3879 745 3943 his
768 3878 873 3945 mulio
894 3884 944 3945 cst
966 3882 1097 3945 caeteris
1118 3882 1223 3945 sanior
1230 3926 1239 3957 ,
1262 3879 1319 3944 sed
1340 3883 1386 3943 ia-

199 4004 274 4049 men
313 3992 348 4049 ei
386 3987 454 4072 ipsa
494 3983 641 4050 nonnihil
682 4002 922 4067 nonnumquam
964 3989 1082 4068 peccat.
1139 3983 1203 4050 Sed
1240 3985 1385 4049 omnium

199 4086 395 4171 plurimum,
429 4094 459 4155 si
489 4089 566 4174 quid
595 4088 703 4164 video,
739 4090 773 4151 in
804 4107 840 4152 co
863 4107 978 4174 genere
1000 4091 1137 4176 impegit
1159 4089 1385 4173 Aristophanes

197 4190 403 4278 Byzantinus.

242 4296 407 4364 Proferam
425 4302 568 4384 primum
593 4298 769 4383 insigniora
790 4296 946 4382 quaedam
969 4301 1151 4365 testimonia
1173 4306 1206 4366 ei
1228 4298 1381 4385 exempla

197 4398 311 4487 Odyss.
336 4402 373 4467 0.
400 4401 454 4467 19.
