3200 5066
257 320 323 390 376
755 333 942 382 Puerorum.

258 511 334 575 eunt
364 507 463 571 etiem
489 504 553 571 ulia
574 505 727 573 nonnulla
748 504 887 570 recentia
908 523 945 567 ac
966 505 1092 567 novicia
1114 508 1187 588 poet
1209 507 1373 591 seriptum
1398 508 1461 573 Pe-

259 615 396 678 sisinum
419 619 448 675 A
479 615 513 676 et
541 610 752 677 Bodleianum
783 609 915 674 demum
940 612 1032 683 nata,
1064 628 1145 693 quae
1167 609 1285 675 horum
1307 614 1460 697 ipsorum

260 717 379 780 indicio
400 714 645 802 redarguuntur.

308 819 346 884 ln
375 820 532 885 Alcibiade
553 818 578 883 I.
602 839 677 906 pag.
703 816 777 883 105.
797 836 827 883 n.
858 815 1049 883 Bodleinnus
1080 824 1187 885 servat
1213 820 1297 885 hauc
1319 823 1462 906 scriptu-

263 943 352 993 ram:
376 922 474 1005 ὥσπερ
498 923 562 1005 γὰρ
584 924 624 989 σὺ
647 923 779 994 ἐλπίδας
803 919 887 1000 ἔχεις
911 921 942 984 ἐν
964 932 1004 1004 τῇ
1025 922 1134 999 πόλει,
1159 922 1236 988 οὕτω
1256 926 1350 1003 κάγὼ
1370 928 1461 1004 need

266 1032 311 1098 coi
336 1029 448 1110 ἐλοιίζιο
472 1028 601 1108 μίνιςον
620 1028 814 1104 δυνήσεσθαι,
838 1046 919 1111 quae
936 1027 1034 1094 verba
1050 1032 1084 1093 et
1099 1028 1263 1116 eleganter
1280 1034 1464 1116 compositu

266 1142 300 1204 et
328 1134 402 1201 luce
431 1133 565 1200 clariore
593 1139 678 1198 sunt.
724 1132 862 1198 Exortus
884 1136 933 1196 est
953 1135 1060 1198 nescio
1081 1136 1172 1218 quis,
1205 1137 1262 1219 qui
1286 1138 1464 1220 superioris

266 1240 331 1307 loci
352 1258 477 1305 memor
498 1242 571 1324 poet
592 1237 690 1304 verba
711 1237 742 1301 ἐν
765 1246 805 1318 τῇ
829 1235 917 1303 πόλει
935 1239 1070 1302 inseruit
1084 1238 1291 1321 [ἐνδείξασθαι
1310 1240 1358 1305 ὅτι
1378 1243 1463 1321 αὐτῇ

270 1343 388 1416 παντὸς
418 1341 503 1420 ἄξιος
529 1339 573 1418 εί,
604 1339 812 1420 ἐνδειξάμενος
847 1341 879 1408 δέ
902 1341 983 1406 edile
1006 1336 1040 1416 d,
1060 1365 1090 1407 σι
1113 1345 1147 1407 οὐ
1170 1347 1354 1424 παραυτίκα
1376 1347 1467 1419 δυνῆ·

268 1449 412 1534 needed,
434 1468 498 1534 quo
518 1467 624 1534 penno
644 1451 679 1513 in
699 1454 826 1513 textum
848 1451 975 1531 recepto
997 1467 1093 1534 aegra
1114 1454 1191 1514 sunt
1208 1452 1336 1516 omnia:
1356 1451 1465 1516 solute

269 1560 319 1623 est
340 1558 374 1621 et
395 1558 543 1639 corrupta
572 1555 762 1638 compositio
791 1556 824 1617 et
844 1550 968 1616 labmat
990 1556 1164 1618 sententia:
1197 1554 1281 1620 nihil
1302 1560 1354 1619 eet
1375 1575 1466 1639 pree·

271 1667 357 1726 terea
378 1660 444 1724 ἘΝ
469 1666 509 1740 τῦ
532 1657 622 1724 πόλει
645 1658 846 1723 ἐνδείκνυσθαι
869 1660 901 1721 ei
924 1655 1006 1722 οὐδὲν
1029 1653 1048 1721 ί
1055 1703 1064 1736 ,
1087 1680 1119 1723 σι
1140 1660 1174 1723 οὐ
1199 1660 1248 1739 (id
1269 1666 1320 1725 est
1338 1659 1464 1745 πάντα)

271 1765 418 1834 δυ’νασίαι
440 1783 503 1828 non
525 1768 574 1828 eet
595 1761 682 1827 idem
705 1762 789 1847 quod
811 1760 957 1828 δύνασθαι
979 1760 1118 1839 elyseus.
1156 1762 1273 1849 Spuria
1297 1786 1366 1830 esse
1385 1766 1467 1830 haec

273 1877 306 1938 et
327 1871 467 1936 insiticia
487 1866 680 1934 Bodleianus
700 1865 782 1931 liber
807 1865 946 1937 declarat
966 1869 1000 1930 et
1021 1867 1139 1951 absque
1159 1869 1218 1935 illo
1241 1871 1356 1935 fuisset
1377 1876 1467 1955 pote
1579 1950 1580 1955 ἵ

272 1981 323 2043 rat
353 1974 482 2040 {rausa
509 1971 619 2038 sedulo
650 1971 794 2036 Platonis
827 1969 943 2036 lectore
978 1975 1073 2037 certis
1100 1974 1230 2039 indiciis
1260 1974 1467 2060 deprehendi.

272 2076 469 2145 Huiusmodi
488 2081 599 2142 eutem
618 2075 871 2160 interpolationis
890 2076 1074 2161 exemplum
1092 2077 1314 2143 decentissime
1325 2081 1471 2143 iuniores

274 2185 479 2272 potissimum
501 2186 534 2247 et
555 2186 670 2247 natura
690 2179 799 2266 paullo
821 2180 1000 2246 timidiores
1022 2183 1143 2265 optime
1163 2183 1333 2249 admonere
1350 2186 1471 2269 poterit
1582 2196 1583 2211 ¹

275 2294 313 2355 ut
343 2292 475 2354 caveant
507 2291 540 2351 et
560 2286 621 2351 hoc
654 2290 751 2372 agant
781 2304 821 2349 ne
850 2284 964 2370 putida
991 2286 1251 2373 magistellorum
1273 2289 1472 2354 emblemata

276 2414 333 2482 pro
355 2391 529 2458 Platonicis
550 2390 661 2477 legent
683 2389 898 2472 habeantque,
922 2393 955 2453 et
976 2392 1183 2457 meminerint
1206 2393 1241 2458 id
1264 2393 1350 2478 quod
1372 2396 1473 2458 veris-

277 2502 359 2566 sime
381 2498 464 2563 dixit
485 2495 646 2561 Martinus
668 2492 789 2559 Schanz
813 2491 910 2580 (δοιοί.
929 2517 955 2556 z.
982 2495 1153 2560 Gcschicdte
1172 2497 1224 2560 dec
1244 2498 1368 2562 Platon.
1396 2503 1473 2562 ste

277 2612 321 2668 tce
341 2622 416 2689 pag.
430 2599 506 2688 30):
532 2600 615 2678 „ne
637 2599 873 2681 Hauptcufeate
894 2599 946 2662 deo
963 2598 1193 2665 Plutocritilcera
1207 2603 1287 2666 vird
1305 2604 1411 2667 ν’νανννσν
1422 2606 1475 2668 die

278 2709 361 2783 ιονά,
384 2707 435 2770 die
456 2705 553 2770 ον’νίονι
576 2704 719 2768 emim
742 2703 866 2767 eadee
888 2704 1143 2769 amended.

324 2916 562 2983 Admoveumus
583 2914 686 3000 igitur
707 2917 740 2977 ct
761 2913 824 2996 ipsi
847 2933 981 2978 manum
1008 2918 1095 3000 operi
1118 2920 1150 2981 et
1172 2917 1355 3000 periculum
1378 2921 1476 2985 facie

280 3041 355 3088 mue
378 3040 417 3086 an
439 3019 520 3085 forte
552 3016 673 3082 alienae
700 3036 815 3082 manus
841 3017 1095 3085 additamentum
1120 3021 1353 3106 deprehendere
1373 3025 1477 3109 posui·

281 3146 356 3193 mus
385 3124 517 3190 latitans
538 3125 573 3187 in
595 3120 701 3204 lepido
722 3119 809 3185 dioto
833 3119 971 3187 Socratis
993 3144 1067 3211 pag.
1096 3124 1170 3190 113.
1190 3143 1219 3191 o.
1243 3126 1280 3190 τὸ
1303 3130 1357 3192 τοῦ
1382 3128 1477 3207 Eder-

282 3231 370 3297 πίδου
401 3226 464 3309 ἄρα
494 3225 680 3303 συμβαίνει,
715 3222 738 3289 ὦ
767 3226 979 3304 Ἀλκιβιάδη·
1010 3233 1064 3294 σοῦ
1092 3230 1169 3295 ratde
1192 3230 1372 3305 κινδυνεύεις
1395 3233 1478 3297 ἄλλ’

283 3337 336 3402 οὐκ
359 3334 435 3411 ἐμοῦ
458 3331 639 3408 ἀκηκοέναι,
666 3329 727 3394 οὐδ’
751 3330 811 3408 ἐγώ
835 3332 899 3408 εἰμι
922 3333 936 3396 ὃ
959 3338 1064 3398 ταῦτα
1089 3335 1189 3412 alyne
1212 3337 1303 3400 ἀλλὰ
1326 3334 1386 3413 σύ,
1417 3338 1479 3414 ἐμὲ

282 3441 314 3509 δὲ
346 3441 434 3522 αἰτιᾷ
464 3437 579 3517 μίτον.
628 3434 731 3500 Nemo
762 3435 839 3500 haee
869 3456 970 3521 neque
1001 3439 1080 3503 olim
1110 3440 1239 3527 legebat
1263 3462 1367 3527 neque
1391 3463 1480 3507 nunc

282 3547 366 3634 legit
387 3546 464 3630 quin
487 3543 636 3608 continuo
658 3542 842 3606 meminerit
864 3542 1015 3608 versiculi
1037 3544 1222 3630 Euripidei:

420 3646 604 3713 Ἱππόλυτον
626 3644 744 3727 αὐδᾷςι
769 3682 813 3695 -
837 3651 891 3710 σοῦ
914 3645 998 3723 τάδ’,
1024 3650 1077 3714 οὐκ
1098 3650 1173 3727 ἐμοῦ
1197 3649 1312 3723 κλιίεις.

283 3760 352 3824 sive
374 3754 459 3840 apud
481 3750 645 3819 Gallicum
666 3755 812 3836 poetam:

397 3859 580 3943 Hippolyte!
598 3856 713 3936 pronde
729 3855 850 3918 Dieuc!
873 3894 916 3904 —
934 3857 1001 3921 c'ect
1020 3860 1064 3922 cci
1082 3860 1135 3944 qui
1155 3860 1213 3924 ίαν
1230 3860 1351 3925 nonme

284 3965 368 4054 quod
383 3970 452 4030 tem
463 3961 626 4049 splendide
638 3979 734 4045 quam
746 3961 910 4044 perspicue
922 3961 1045 4029 dictum
1058 3972 1114 4029 est.
1140 3964 1219 4043 Quis
1230 3967 1336 4053 igitur
1346 3967 1401 4032 vel
1412 3990 1484 4034 me

284 4073 400 4140 diceris
406 4071 539 4155 scriptor
550 4068 601 4132 his
610 4065 782 4132 addidisset
790 4065 961 4150 insipidam
969 4068 1263 4152 interpretationem
1271 4070 1364 4136 hene:
1377 4077 1483 4138 OTA'

285 4177 346 4258 ἐμοί
370 4177 433 4252 εἰμι
455 4175 470 4239 ί
492 4177 598 4239 ταῦτα
621 4171 724 4248 λέγων
746 4169 835 4234 ἀλλὰ
859 4170 907 4234 σύ.
955 4170 1017 4236 Fae
1039 4173 1126 4238 idem
1148 4176 1182 4238 in
1205 4194 1351 4241 somene
1374 4175 1485 4242 Gelli-

283 4300 337 4349 co:
361 4281 491 4346 laudato
513 4278 640 4345 Raoinii
662 4274 819 4343 versiculo
842 4274 921 4341 edde
940 4275 1126 4343 huiusmodi
1145 4270 1241 4362 qnid,
1275 4282 1368 4346 cuius
1385 4302 1486 4348 aures

282 4408 319 4454 ee
341 4387 542 4451 sustinebunt
564 4379 693 4450 audire?
717 4379 837 4446 Suntne
865 4380 996 4445 fortasse
1019 4381 1069 4447 illi
1092 4385 1125 4447 in
1150 4385 1314 4455 scribendo
1339 4390 1486 4474 castiga-
