3242 5014
276 348 341 413 182
556 378 560 384 ·
781 362 952 411 Housman.

459 527 537 595 ἕσσα
560 531 585 595 οἱ
609 529 789 608 ἐγγυάλιξα
813 534 972 605 κυνώπιδος
993 530 1095 597 εὲνειιοι
1118 531 1233 611 sedete.

275 638 375 722 patri,
405 641 443 702 ut
471 637 578 712 vides,
607 636 650 699 τοδ
681 632 752 700 ἕδνα
774 636 919 714 dederat,
951 658 1026 723 ergo
1049 644 1081 701 et
1103 661 1123 699 α
1138 646 1227 721 patre
1248 638 1374 720 reposcit
1394 658 1463 703 non

275 742 417 807 facturus
436 744 465 807 si
487 760 524 806 ea
544 760 627 805 nora
648 743 763 805 coniux
784 761 841 824 pro
861 741 933 805 dote
953 742 992 806 ad
1010 745 1164 807 maritum
1180 741 1347 807 attulisset.
1372 742 1463 822 Quid

276 847 431 913 attinebat
453 864 700 911 commemorare
721 843 812 909 lliad.
837 854 877 909 Λ.
902 845 978 909 243.
1001 849 1145 932 ingentia
1167 850 1273 931 sponsi
1296 848 1394 912 dona:

1020 953 1125 1015 πολλοὶ
1148 951 1174 1015 δ’
1197 951 1288 1015 ἔδωκε

412 1055 501 1135 πρῶθ’
525 1052 633 1118 ἕνατδν
656 1052 732 1131 βοῦς
755 1054 857 1131 δῶκεν,
883 1054 992 1118 ἔπειτα
1015 1057 1046 1119 δὲ
1069 1055 1150 1135 χίλι’
1176 1055 1289 1129 deden,

411 1155 510 1236 αἶγας
532 1159 606 1235 θμοῦ
631 1159 683 1223 καὶ
707 1157 768 1235 tta,
796 1157 838 1222 τώ
861 1161 886 1223 οἱ
909 1157 1037 1227 ἄσπετα
1060 1161 1263 1235 ποιμαίνοντο.

274 1266 303 1330 si
326 1284 363 1330 ea
385 1267 492 1329 omnia
513 1266 624 1329 statim
647 1283 722 1327 cum
743 1282 840 1326 uxore
862 1263 902 1327 ad
925 1284 1000 1326 eum
1022 1263 1164 1327 reditura
1181 1263 1335 1329 fuissent?
1357 1264 1461 1332 Nulla

276 1373 324 1434 cst
357 1369 515 1434 dubitatio
545 1369 623 1453 quin
650 1368 728 1432 haec
757 1387 880 1452 quoque
910 1368 1047 1432 formosa
1075 1367 1183 1451 puella
1212 1390 1273 1433 non
1295 1371 1369 1447 sibi,
1401 1372 1459 1435 sed

273 1474 357 1557 patri
373 1496 442 1549 ενο,
465 1472 562 1538 fiterit
583 1472 787 1553 ἀλφεσίβοια.
823 1470 892 1536 Iam
915 1471 1052 1556 reliquos
1073 1471 1207 1537 Homeri
1226 1473 1310 1539 locos
1329 1477 1459 1559 inspici·

276 1595 385 1643 amus:
416 1578 637 1664 Agamemnon
668 1575 787 1640 Achilli
816 1582 855 1640 ut
884 1579 919 1640 in
947 1580 1060 1663 magni
1090 1576 1234 1642 beneficii
1262 1577 1331 1643 loco
1356 1577 1460 1644 filiam

276 1682 410 1748 ανὲεδνον
433 1682 601 1766 pollicetur
608 1702 617 1759 3
652 1680 853 1765 Othryoneus
875 1702 894 1745 a
916 1682 1045 1745 Priamo
1067 1685 1237 1764 paciscitur
1258 1681 1457 1763 Κασσάνδρην

275 1786 430 1861 ώνὲεδνον,
463 1788 491 1851 si
519 1786 625 1851 hostes
655 1785 694 1850 ab
724 1784 784 1849 Ilio
814 1786 990 1869 repulisset.
1037 1785 1122 1864 Quid
1144 1791 1225 1850 esset
1247 1807 1284 1850 ea
1304 1807 1339 1852 re
1360 1788 1460 1852 sordi-

277 1893 349 1957 dius
371 1892 586 1974 abiectiusque
613 1892 640 1954 si
663 1891 707 1954 sic
729 1911 806 1952 αοοο
827 1897 921 1971 capto
942 1893 1008 1953 suis
1031 1887 1120 1960 ἕδνοις
1144 1884 1351 1974 spoliaretur?
1395 1890 1460 1957 Sed

276 1997 498 2082 Agamemnon
524 1994 607 2058 nihil
628 1993 687 2057 cibi
709 1994 777 2058 dari
799 1992 955 2078 postulat,
980 1999 1012 2056 et
1035 1992 1235 2079 Othryoneus
1258 2000 1307 2058 sat
1328 1994 1459 2061 Priamo

276 2120 333 2185 pro
363 2098 430 2163 filia
460 2099 572 2163 datum
602 2098 723 2162 iudicat
752 2101 780 2161 si
806 2119 881 2162 eum
902 2097 1012 2162 hostili
1034 2105 1125 2162 metu
1147 2099 1321 2164 liberasset.
1368 2098 1460 2179 Quod

278 2203 318 2269 ad
339 2202 531 2270 Nausicaam
553 2204 631 2267 dicit
653 2203 801 2288 Ulysses:

482 2303 512 2380 ts
539 2306 572 2372 κε’
596 2312 625 2371 σ’
650 2306 769 2371 ἐέδνοισι
793 2307 904 2384 βρίσας
929 2303 1033 2371 οἶκόνδ’
1058 2306 1237 2384 οδγοθγνται.

278 2433 341 2479 non
362 2411 537 2500 significat:
564 2416 645 2497 „qui
667 2418 700 2476 te
722 2412 811 2476 donis
834 2420 984 2475 ιιιοοοαθιιοιν
1003 2413 1135 2476 domum
1155 2412 1307 2489 duxerit’',
1331 2413 1385 2478 sed
1403 2417 1459 2498 qui

278 2517 368 2584 donis
404 2518 542 2602 reliquos
574 2537 683 2601 procos
717 2519 912 2600 superaverit
945 2536 1053 2581 omnes
1086 2537 1183 2600 eoque
1216 2518 1314 2581 fuerit
1345 2519 1457 2602 potior.

277 2623 370 2700 Esto,
395 2622 511 2687 duent
532 2622 664 2706 aliquis,
689 2626 737 2686 est
758 2621 816 2685 illa
837 2623 1055 2705 interpretatio
1077 2628 1209 2685 naturae
1233 2643 1408 2707 congruens
1427 2628 1460 2687 et

277 2727 373 2792 refert
402 2729 602 2811 antiquitatis
631 2747 753 2789 morem
785 2731 816 2788 et
847 2724 1002 2801 colorem,
1035 2726 1229 2808 quadratque
1258 2728 1293 2788 in
1323 2730 1461 2790 caeteros

278 2851 387 2897 omnes
411 2851 489 2915 quos
511 2833 686 2916 apposuisti
707 2831 808 2905 locos,
833 2829 888 2892 sed
910 2829 986 2912 quid
1008 2829 1161 2893 faciemus
1179 2828 1314 2894 Homeri
1333 2830 1459 2895 verbis:

550 2932 588 3005 ώς
611 2936 638 2998 κ’
663 2933 756 3004 αὐτὸς
780 2934 1019 2997 ἐεδνώσαιτο
1044 2933 1194 3011 θύγατρα.

277 3058 379 3105 noune
408 3039 442 3103 id
473 3044 537 3103 est:
568 3036 606 3103 ἕν’
640 3037 732 3108 αὐτὸς
755 3038 769 3100 οι
793 3038 895 3113 πατὴρ
921 3046 1034 3101 AOTC
1057 3035 1130 3099 ἕδνα
1153 3038 1207 3110 τὴν
1232 3038 1388 3116 θυγατέρα
1412 3040 1461 3103 ἕα-

279 3140 362 3216 δοθνὲ
407 3142 465 3206 Est
486 3143 563 3206 haec
586 3142 730 3227 vulgaris
752 3143 848 3206 huius
869 3140 932 3204 loci
953 3144 1190 3224 interpretatio,
1220 3164 1298 3226 quae
1321 3148 1353 3206 et
1375 3149 1462 3208 vete-

253 3296 259 3307 .
277 3247 366 3311 ribus
388 3247 536 3311 omnibus
558 3247 696 3331 placuit:
721 3247 897 3310 ἐεδνώσαιτο
922 3247 1007 3309 enim
1030 3248 1276 3330 interpretantur
1298 3268 1363 3312 esse
1386 3243 1460 3312 ἕδνα

281 3349 436 3424 ἐπιδώσει,
468 3350 692 3429 οὶτοπροικθσει,
723 3352 877 3431 χρήματα
908 3350 1005 3413 δώσει.
1052 3351 1138 3414 Audi
1166 3358 1199 3415 et
1220 3351 1459 3415 Aristarchum:

279 3454 384 3533 ιινρθοις
408 3456 464 3532 μὲν
495 3452 588 3521 ἕδνα
618 3456 662 3523 ε’ςθ
687 3456 729 3519 τοδ
753 3455 893 3531 διδόμενα
918 3455 975 3518 ὑπὸ
997 3459 1050 3517 τοῦ
1075 3459 1250 3530 γαμοῦντος
1274 3465 1312 3536 τῇ
1337 3478 1461 3532 γαμου-

278 3559 371 3641 μὲνρ,
405 3570 495 3626 NTN
527 3561 558 3625 δὲ
589 3566 826 3638 καταχρνςικώς
856 3567 957 3622 κεῖται
983 3560 999 3631 ἡ
1023 3557 1106 3633 λέξις
1139 3559 1207 3623 οὶντδ
1231 3564 1283 3622 τοῦ
1306 3561 1462 3639 χρήματα

279 3665 480 3731 ἘΠΙΔΟΙΗ.
527 3665 623 3731 Vides
655 3663 813 3730 Oriticum
843 3666 877 3728 in
910 3666 1072 3749 angustias
1094 3663 1258 3726 redactum
1280 3664 1406 3728 haerere
1429 3670 1463 3728 et

279 3770 340 3835 sibi
361 3791 424 3835 non
449 3776 598 3835 constare.
634 3770 670 3833 ln
695 3772 825 3835 caeteris
848 3770 996 3833 omnibus
1019 3770 1053 3832 τὸ
1078 3768 1208 3838 διηνεκές
1233 3776 1265 3831 ct
1288 3773 1379 3832 acute
1393 3789 1463 3853 per-

278 3876 372 3958 spicit
395 3880 427 3937 et
449 3880 574 3937 strenue
597 3874 747 3938 vindicat.
796 3873 948 3950 Φέβεσθαι
971 3896 1081 3955 suaper
1104 3877 1151 3935 est
1172 3874 1303 3953 φεύγειν
1327 3877 1360 3937 et
1378 3873 1461 3951 βοθλ·

277 3993 341 4043 λειν
376 3978 489 4041 eminas
513 3979 619 4063 scrire
649 3984 681 4043 ct
710 3980 858 4058 μώχοιιρα
889 3979 984 4041 culter
1013 3982 1045 4041 et
1076 3982 1165 4053 σῶμα
1200 3979 1336 4041 cadaver.
1383 3976 1464 4057 Quis

276 4082 389 4148 ferret:
419 4088 511 4158 σῶμα
542 4084 645 4161 κυρίοις
676 4085 733 4161 μὲν
765 4085 798 4146 τὸ
830 4089 938 4163 ψυχῆς
967 4081 1158 4161 ἕτερημένον,
1190 4089 1280 4146 ΝΤΝ
1303 4083 1335 4147 δὲ
1359 4106 1463 4147 κατα-

275 4192 427 4264 χθθςικώς
454 4187 488 4248 τὸ
521 4186 686 4269 ἕμψνχονὲ
733 4187 794 4252 Sed
818 4191 999 4250 etiamnunc
1023 4186 1221 4251 admirabilis
1244 4185 1373 4273 linguae
1396 4187 1464 4253 Hc

274 4292 412 4355 meritae
440 4295 616 4357 constantia
645 4294 687 4356 τιδ
720 4294 804 4355 αὐτοὶ
836 4294 902 4371 περὶ
928 4298 985 4354 τῶν
1011 4293 1110 4354 αὐτῶν
1134 4294 1263 4365 τιθεθσνς
1288 4292 1462 4377 apparebit.

273 4394 413 4474 θτατδρ
436 4394 588 4460 ἐεδνοῦσαι
611 4401 665 4469 τὴν
689 4395 844 4475 θυγατέρα
869 4404 916 4461 est
941 4397 953 4459 ώ
978 4398 1081 4475 πατὴρ
1106 4397 1171 4475 περὶ
1197 4403 1255 4461 τῶν
1280 4394 1384 4474 ἕδνων,
1408 4399 1463 4478 ἐφ’
