3276 5006
551 382 595 429 no
618 381 752 431 snossrn
773 382 1000 433 insenuerunt.
1106 415 1107 419 η
1320 362 1371 428 ,93

181 553 383 619 substituetis
405 549 536 629 τάγαθά
560 556 593 616 et
615 552 751 617 absurde
771 556 928 619 sententis
949 553 1066 619 exibit:
1092 553 1203 620 eodem
1224 552 1320 619 modo
1342 554 1371 618 si

181 677 239 742 pro
261 655 379 735 τάγάθ’
402 655 433 719 ἐν
455 662 558 735 χεροῖν
580 654 704 738 ἔχοντες
728 660 929 743 supposueris
950 656 1101 734 σάγαθό.

226 865 263 930 In
287 863 396 930 Floril.
420 864 474 931 lv.
501 864 554 929 34.
579 858 724 931 Rhisnus
746 868 793 930 its
814 868 916 931 canit:

679 969 791 1047 βιότοιο
814 971 871 1049 μὲν
894 966 925 1044 ός
948 973 979 1034 κ’
1003 972 1141 1047 ἐπιδευὴς

315 1079 480 1158 πριοφῖοται
503 1074 679 1156 μακάρεσσι
704 1075 729 1140 δ’
753 1076 804 1140 ἐπὶ
829 1074 929 1157 ψόγον
952 1077 1035 1141 αἰνόν
1057 1075 1163 1143 θάπτει

315 1178 509 1262 άχνάαενος.
535 1187 758 1246 coeTePHN
782 1179 808 1244 δ’
830 1181 940 1261 άρετὶρν
963 1179 1016 1244 καὶ
1040 1181 1132 1259 θυμόν
1155 1180 1265 1263 άτθζει.

225 1286 311 1374 Ergo
341 1307 381 1350 ne
410 1283 555 1351 Rhianus
586 1284 716 1370 quidem
743 1286 862 1350 soiebst
885 1291 941 1351 sut
963 1284 1166 1374 intelligebat
1188 1286 1266 1372 quid
1288 1289 1372 1354 inter

45 1430 53 1437 ·
180 1390 211 1466 ός
242 1397 275 1457 et
304 1390 451 1472 σφέτερος
480 1392 653 1455 interesset.
701 1389 812 1475 Neque
842 1388 1034 1469 Phsnoeles,
1067 1389 1213 1475 quise,
1240 1389 1300 1457 14.
1324 1395 1371 1461 its

180 1500 282 1563 ssnit:

317 1609 435 1684 Θρῇκες
459 1598 487 1665 δ’
512 1602 551 1672 es
573 1597 709 1673 ἐδάησαν
722 1601 844 1666 -⁶Ac
866 1599 1003 1679 άλόχονς
1026 1598 1154 1680 ἔστιζον.

226 1711 332 1784 Avus,
364 1708 420 1792 qui
451 1725 470 1770 s
493 1706 662 1790 nepotibus
683 1706 747 1769 στάς
767 1726 866 1771 msnu
888 1706 1016 1770 dnoitur
1040 1702 1100 1782 75,
1126 1704 1169 1770 14
1193 1704 1372 1791 appelletur

180 1812 310 1883 πάππος
330 1811 387 1876 ὑπό
410 1818 644 1876 ΟΦΕΊἚΡΩΝ
662 1808 791 1887 ἐκγόνων
808 1809 1117 1892 χειραγωγούμενος.
1153 1808 1370 1899 InEpigrnm·

180 1923 266 1984 mete
298 1916 338 1981 <le
367 1912 491 1983 Chobi,
509 1921 542 1981 et
563 1914 678 1981 Bitone
703 1914 785 1992 120,
810 1913 870 1981 23.
895 1915 990 1980 modo
1014 1915 1132 1980 dieitur
1152 1916 1273 1995 μητέρα
1291 1916 1368 1981 “HN

178 2022 317 2100 άγότιρν,
347 2020 443 2085 modo
474 2019 626 2097 ἐτίμησαν
656 2019 776 2101 μητέρα
798 2020 853 2094 τὴν
877 2028 1121 2086 ΕΦΕΤΕΡΗΝ.
1168 2019 1260 2087 Nihil
1282 2040 1369 2106 pror-

179 2148 233 2193 sus
255 2129 338 2191 inter
360 2126 437 2191 hese
459 2127 609 2191 interesse
633 2129 819 2211 opinentur,
844 2124 926 2190 nihil
948 2127 1099 2191 sentiunt.

223 2337 260 2403 ln
295 2335 404 2402 Floril.
438 2334 491 2400 IV.
526 2334 579 2402 47.
613 2333 818 2402 Cornelianus
847 2336 942 2401 dicit:
974 2338 1063 2400 τοῦτο
1092 2336 1156 2415 γάρ
1186 2336 1364 2401 αὐτῶνκαὶ

178 2441 267 2521 μόνον
289 2450 328 2524 τῇ
352 2441 519 2521 προαιρέσει
542 2440 684 2521 πρόσεςιν
706 2440 844 2518 άγαθόν,
868 2435 940 2521 όπερ
961 2440 1006 2509 ἐς)
1026 2439 1157 2517 μόγιςον
1172 2446 1231 2506 τῶν
1248 2447 1367 2507 κακῶν.

177 2547 363 2613 insanientis
379 2547 491 2641 'ontio
520 2545 667 2611 rideatur
690 2565 756 2610 esse
780 2550 813 2609 et
835 2565 944 2610 seeum
965 2547 1156 2632 pugnantis,
1180 2545 1235 2610 sed
1257 2545 1368 2612 floscu-

177 2650 230 2717 lus
261 2656 309 2717 est
339 2650 378 2716 de
409 2649 556 2715 Isoorstis
586 2649 678 2714 horto
708 2649 890 2734 decerptus,
923 2652 978 2734 qui
992 2728 995 2735 α
1009 2650 1133 2715 dixerst
1159 2651 1206 2737 (in
1228 2651 1369 2731 Εασρσνο

176 2765 246 2841 esp.
277 2754 308 2820 2.
339 2756 374 2819 in
407 2753 517 2819 Floril.
551 2750 611 2830 38,
644 2753 712 2835 42.)
734 2754 848 2820 τούτων
872 2753 899 2818 δ’
922 2754 1018 2828 αθτιος
1043 2755 1056 2818 ό
1080 2753 1209 2831 Φθόνοι,
1234 2750 1255 2837 θ’)
1278 2759 1368 2822 τοῦτο

180 2859 273 2939 μόνον
289 2858 408 2937 άγαθόν
431 2857 590 2939 πρόσετιν,
614 2853 659 2924 ότι
684 2857 813 2937 μθγιςον
836 2860 930 2924 κακόν
951 2868 1015 2931 τοῖς
1039 2856 1163 2939 ἔχουσάν
1186 2859 1258 2926 ἕπον.

223 3068 260 3134 In
283 3068 391 3134 Floril.
416 3065 469 3132 IV.
496 3065 570 3132 103.
594 3064 738 3147 sinoponus
760 3069 830 3143 τοὺς
844 3106 886 3117 -
900 3071 930 3133 ἐν
950 3067 1084 3150 τεράτων
1103 3070 1187 3152 λόγῳ
1206 3068 1366 3143 ἐόντας-

178 3172 329 3252 μεγάλαν
359 3172 531 3254 χρημάτων
563 3171 716 3252 ὠνεόμενοι
729 3212 771 3223 -
784 3173 851 3256 περὶ
874 3173 917 3239 τά
940 3173 1173 3241 σπουδαιότατα
1196 3175 1248 3240 καὶ
1277 3173 1365 3263 [ΤΛ]

177 3277 295 3359 σμικρά
318 3276 469 3360 άχθονται
493 3278 722 3352 άναλόσκοντες.
770 3278 926 3367 Expunge
948 3280 1120 3346 articulum
1143 3279 1206 3358 τά,
1231 3283 1284 3346 oui
1299 3280 1370 3345 nul·

176 3382 228 3449 lus
249 3386 284 3448 in
306 3372 366 3448 tell
388 3404 423 3449 re
446 3382 534 3448 locus
558 3388 615 3448 est.
653 3383 819 3450 Praecedit
836 3385 986 3463 μεγάλων
1005 3384 1177 3466 χρημάτων
1196 3385 1369 3465 ὠνεόμενοι,

179 3488 243 3553 diei
266 3508 329 3554 non
350 3493 474 3575 poterat
496 3493 555 3553 τῶν
574 3489 726 3566 μεγάλαν
748 3488 937 3569 χρημάτων,
961 3492 1006 3555 sio
1030 3495 1165 3565 πολλοῦ,
1185 3490 1368 3568 ἐλάττονος,

178 3593 331 3673 ἕλαχότον
350 3601 464 3659 πωλεῖν
484 3598 516 3658 et
537 3595 673 3658 άνεῖσθαι
694 3595 828 3671 dieitur,
848 3594 906 3659 ubi
926 3594 1081 3661 articulus
1096 3595 1172 3683 eddi
1181 3615 1243 3660 non
1255 3598 1368 3680 potest.

220 3801 258 3868 ln
280 3803 390 3869 Bionis
413 3803 499 3870 dioto
522 3802 560 3868 V.
586 3801 639 3869 66.
665 3825 696 3889 p.
724 3802 806 3881 124,
834 3802 875 3868 18
897 3804 1038 3870 Meinelr.
1062 3805 1076 3869 ό
1100 3805 1131 3870 il
1155 3803 1249 3882 Βόιον,
1270 3801 1369 3885 άσπερ

176 3914 236 3974 τῶν
267 3908 387 3989 θηρίων,
419 3908 518 3991 tussi,
550 3910 637 3988 παρά
667 3908 723 3983 τὴν
756 3914 852 3988 λῆψιν
880 3911 897 3984 ἡ
921 3906 1005 3983 δῆξις
1025 3909 1166 3986 γόνεται,
1192 3907 1250 3973 κάν
1266 3894 1368 3986 ’μέσον

177 4017 231 4079 τοῦ
259 4011 359 4094 όφεως
389 4011 648 4089 ἕπιλαμβάνΗΙΟ
681 4012 846 4093 δνχθιὶσει,
876 4013 930 4077 ἐάν
955 4013 1000 4094 (δὲ
1024 4013 1109 4099 edd.)
1133 4017 1187 4078 τοῦ
1208 4014 1369 4097 τραχήλου

177 4116 262 4183 οὐδὲν
284 4116 405 4193 τείσει,
429 4139 469 4182 ne
493 4118 537 4182 sit
558 4115 681 4183 soloeos
703 4119 803 4182 oratio
825 4118 1026 4183 scribendum
1049 4116 1299 4196 ε’πιλαμβάιΗΙ.
1318 4142 1370 4203 ορ

169 4223 356 4306 pretendere
378 4223 465 4287 onim
487 4241 550 4286 non
572 4220 805 4301 ἐπιλαμβάνειν
828 4223 946 4288 dieitur
971 4223 1027 4289 sed
1049 4222 1335 4301 ἐπιλαμβάνεσθαι.

222 4428 260 4495 In
285 4430 473 4520 Diotogenis
496 4429 693 4519 Pythagorei
716 4434 913 4521 fragmento,
937 4433 1058 4521 legitur
1080 4432 1118 4497 v.
1144 4432 1197 4499 69.
1222 4436 1298 4501 aisa
1320 4459 1368 4522 τις
