3254 5034
742 344 842 393 ranrn.
1343 326 1383 388 'tl

187 520 299 579 antem
325 510 410 578 unde
434 509 535 577 irater
557 523 741 599 comparet,
766 533 830 600 qno
851 514 977 581 Milonis
998 520 1128 579 sumtus
1142 511 1242 599 possit
1254 519 1383 579 susten-

189 625 278 696 lare,
311 617 407 682 iidem
439 625 516 683 sunt
547 619 578 683 in
610 639 747 704 qnorum
782 619 862 686 liures
895 640 968 686 mox
999 639 1075 686 enm
1098 638 1172 684 oum
1198 617 1323 704 legione
1347 618 1380 683 in

187 722 323 790 hiberna
345 722 566 809 proiecturum
587 744 659 790 esse
680 724 807 791 llarcus
829 727 1014 812 nuperrime
1028 733 1241 811 cognoverat,
1267 743 1382 809 nempe

187 829 263 894 isti
294 828 455 905 Nervii,
487 837 523 894 ut
552 828 691 896 audiunt
721 832 750 895 in
777 831 835 919 up.
861 836 898 908 8,
931 836 961 897 2.
1008 830 1076 917 ligo
1108 850 1182 897 rero
1208 829 1379 916 legendum

185 940 283 1019 puto:
320 935 441 999 cuius
472 934 885 1003 inconsiderantiam
909 974 954 986 —
984 946 1022 1002 et
1046 957 1118 1022 ego
1142 935 1381 1013 sustinebo,

186 1050 230 1104 ut
264 1050 426 1127 potero,
468 1048 571 1107 ettu
604 1050 646 1108 ut
685 1045 818 1128 possis
848 1052 911 1109 est
944 1051 1107 1108 tuorum
1143 1051 1377 1108 Nerviorum.

184 1143 296 1211 Nervii
319 1155 427 1213 autem
451 1147 480 1212 si
503 1155 651 1213 carerent
674 1150 790 1213 ceteris
814 1148 926 1224 rebus,
951 1148 1069 1234 quibus
1082 1148 1223 1230 Quintus
1235 1145 1377 1214 ossicium

182 1250 330 1346 debitum
363 1251 577 1338 persolveret,
615 1254 674 1338 ipsi
702 1254 816 1321 saltem
841 1262 990 1341 poteraut
1017 1254 1167 1321 milliari
1193 1255 1312 1321 bestias
1340 1273 1377 1318 ae

185 1356 365 1424 belluarum
396 1358 547 1425 dentibus
573 1359 798 1446 unguibusque
825 1359 979 1446 discerpti
1008 1361 1164 1446 snrrguine
1192 1369 1224 1427 et
1254 1359 1378 1446 gemitu

182 1461 357 1549 suffragari
383 1463 501 1530 lliloni.
526 1463 571 1541 Gi.
598 1463 665 1531 Gir.
693 1467 724 1529 in
751 1467 897 1533 l‘isnnem
923 1470 940 1552 §
964 1471 1017 1532 89.

230 1569 383 1636 Eiusdem
407 1570 560 1656 epistolae
585 1573 637 1656 §8
664 1571 706 1636 ita
732 1581 883 1658 corrupta
907 1582 976 1649 est,
1004 1580 1038 1636 ut
1059 1570 1135 1658 quid
1157 1572 1266 1638 Cicero
1278 1573 1381 1657 serip-

181 1678 265 1741 serit
296 1683 384 1742 certo
416 1675 633 1742 derrronstrari
666 1685 813 1764 nequeat.
861 1677 897 1742 ln
933 1696 968 1743 re
993 1677 1116 1744 ineerta
1140 1675 1280 1742 donabor
1303 1675 1379 1743 dare

179 1781 268 1868 quod
293 1781 453 1869 probabile
477 1782 579 1849 uideri
604 1783 714 1869 possit.
758 1782 809 1848 Ile
834 1781 991 1849 Felicis
1014 1789 1272 1849 testamento
1292 1789 1376 1848 tum

180 1891 318 1973 magis
352 1908 531 1974 querere
571 1888 658 1977 (libr.
696 1888 887 1976 querare)
913 1889 947 1954 si
973 1889 1096 1955 snies.
1133 1888 1241 1970 Quas
1267 1888 1375 1954 enirn

180 1993 354 2061 tabulas
377 2014 418 2059 se
442 1994 608 2081 putarit
630 1993 875 2078 obsignare,
898 1994 937 2058 in
959 1993 1115 2079 quibus
1134 1995 1377 2061 semunciam

182 2100 276 2181 (libr.
308 2101 510 2187 inunniis)
539 2098 798 2166 firmissime
829 2109 901 2166 lom
927 2097 1013 2191 (libr.
1043 2099 1376 2184 firmissimum),

180 2213 375 2272 tenueras
405 2205 490 2294 (libr.
522 2207 777 2297 tenesuero)‚
810 2205 954 2296 lapsus
984 2228 1048 2272 eas
1081 2206 1169 2295 (libr.
1202 2210 1277 2293 est)
1309 2226 1378 2293 per

181 2330 367 2377 errorem
402 2321 440 2378 et
464 2331 578 2378 suum
604 2321 643 2378 et
669 2311 845 2379 Sienrae
867 2312 977 2378 serui
1005 2332 1082 2378 non
1114 2311 1377 2400 obsignarit,

181 2435 286 2502 quas
325 2417 458 2483 noluit
498 2438 567 2484 eas
608 2417 888 2506 obsignarit.’'
936 2418 1121 2484 Ernestius:
1166 2426 1374 2486 terruerat.

179 2521 339 2608 Equidem
375 2522 724 2611 plusquamperlentum
762 2525 815 2591 bio
851 2534 937 2590 reete
961 2524 1068 2590 loeum
1104 2523 1250 2590 obtinere
1287 2532 1374 2610 puto.

178 2627 264 2695 Nam
294 2629 334 2696 de
366 2630 485 2697 tabulis
512 2630 635 2696 dudum
665 2629 759 2697 lactis
787 2640 819 2697 et
849 2632 998 2715 repositis
1027 2650 1102 2696 rum
1132 2630 1374 2716 praesumtione

179 2733 322 2820 quadam
348 2737 395 2802 rei
421 2734 578 2823 perlectae
597 2744 630 2802 et
649 2737 814 2803 absolutae
836 2746 922 2803 reete
942 2736 1081 2803 dicitnr:
1105 2734 1232 2802 tabulas
1252 2737 1284 2801 in
1306 2736 1376 2822 qui·

180 2840 245 2906 bus
269 2843 402 2907 tenuisti
431 2862 492 2908 nou
522 2842 674 2927 obsignn‚
705 2842 895 2925 obsignabm
920 2842 1015 2930 idque
1039 2843 1072 2907 in
1096 2842 1272 2929 praeterito
1296 2850 1374 2909 lem·

180 2965 260 3033 pore
284 2949 316 3013 in
341 2947 654 3043 plusquamperleoto
676 2946 784 3015 ellerri
805 2957 921 3036 potest.

939 3130 994 3197 W.
1018 3128 1056 3197 G.
1082 3128 1307 3197 PbUYGERS.

464 3450 561 3496 biudis
583 3450 789 3497 GHRYSOSTsslll
812 3451 903 3497 tonus
925 3450 1103 3498 corneolus.

228 3612 346 3678 liditur
377 3611 461 3699 apud
492 3613 625 3679 llionem
657 3610 924 3700 chrysostomum
957 3612 1055 3680 XXX.
1080 3633 1110 3700 p.
1136 3615 1200 3679 tua
1227 3609 1374 3678 beisino

177 3718 294 3796 κόσμος
317 3714 397 3792 οἶκός
417 3719 463 3788 isc
487 3717 568 3784 arrisu
591 3718 687 3791 καλός
711 3742 746 3783 σε
770 3719 822 3784 καὶ
849 3720 923 3793 θεῖος
948 3720 1006 3785 ὑπὸ
1031 3720 1100 3785 θεῶν
1122 3717 1373 3795 κατεσκευασμέ-

179 3848 226 3898 νος
250 3824 350 3906 ὥσπερ
374 3825 433 3890 ὑπὸ
451 3831 510 3891 τῶν
528 3823 714 3902 εὐδαιμόνων
732 3849 768 3890 τε
787 3825 840 3891 καὶ
862 3827 1014 3891 πλουσίων
1027 3825 1222 3902 καλουμένων
1239 3824 1373 3903 ἀνδρῶν

177 3928 373 4004 οὕστινας
408 3932 520 4012 ορῶμεν
560 3932 878 4008 κατεσκευασμένους.
926 3931 1005 3997 Vera
1047 3939 1080 3997 et
1114 3931 1249 4015 arttiqua
1279 3928 1373 3993 lectio

178 4044 250 4101 erat
273 4043 661 4103 ANAPssNACTINAC.
699 4037 804 4101 Bonus
827 4036 934 4103 sorita
961 4036 1014 4102 nbi
1034 4038 1145 4117 ellipsin
1164 4034 1314 4111 dederat,
1337 4043 1371 4098 ut

178 4143 242 4206 riri
275 4143 363 4208 rririii
384 4162 501 4229 genere
524 4141 730 4220 dicerentur,
761 4152 951 4209 ACTINAC
977 4143 1009 4207 in
1033 4139 1174 4215 οὕστινας
1203 4141 1371 4207 convertit.

182 4247 295 4315 lleiius
324 4257 395 4315 erat
424 4248 530 4334 legere
553 4248 756 4331 ἀνδρῶνας
779 4273 895 4322 τινας
919 4250 1030 4330 ὁρῶμεν
1054 4248 1370 4327 κατεσκευασμένους.

1129 4431 1163 4497 tl.
1187 4430 1224 4499 G.
1248 4429 1283 4497 C.
