3244 5012
661 360 848 411 rmromcs.
1284 342 1360 411 asl-

209 533 278 603 lam
299 556 375 605 vero
398 535 470 621 quis
491 533 663 598 mirabitur
685 531 900 598 Iamblichnm
922 531 1014 598 libris
1032 531 1175 599 Platonis
1193 532 1355 600 mendosis

163 643 232 720 uti,
265 662 366 725 quum
395 636 551 706 Aristides
582 642 614 702 et
644 642 717 703 ante
740 658 816 703 enm
839 635 1056 717 Quintilianus
1080 641 1207 703 stante
1230 636 1355 718 Quinti·

163 744 289 812 limum
310 744 485 832 Dionysius
506 741 613 808 Halio.
635 761 700 808 non
721 741 892 808 habuerint
913 738 1019 808 multo
1040 736 1210 808 meliorasl

209 848 321 934 ltaque
343 869 428 914 nnnc
450 847 581 934 quidem
602 845 683 913 duos
704 849 832 913 tantum
854 845 940 913 locos
962 867 1002 913 ex
1023 844 1200 913 Iamblicho
1220 847 1354 927 addam,

165 951 245 1020 alias
266 952 361 1039 plura
384 953 527 1019 daturus.

210 1056 249 1124 ln
277 1057 422 1124 Platonis
454 1057 566 1139 θοορίσ
595 1077 669 1144 pag.
695 1053 771 1122 493.
802 1074 834 1123 a.
864 1055 1073 1123 manifestum
1102 1057 1131 1122 si
1161 1055 1245 1142 qnod
1267 1055 1357 1124 aliud

166 1161 257 1230 scioli
286 1161 542 1228 additamentum
572 1161 716 1227 adhaesit
739 1162 775 1226 in
798 1160 922 1228 verbis:
947 1160 999 1226 καί
1022 1166 1141 1243 Φοροῖεν
1165 1161 1206 1235 είς
1230 1161 1282 1228 rto
1304 1185 1356 1226 τε·

166 1265 309 1348 τρκμένον
332 1266 418 1333 πίίον
440 1264 516 1347 ύδωρ
537 1264 627 1346 ἑτέρῳ
650 1264 774 1346 τοιούτῳ
801 1263 1000 1352 [τετρωμένῳ]
1024 1266 1160 1346 κοσκίνῳ.
1199 1265 1245 1331 At
1266 1265 1358 1353 frigi·

167 1372 246 1439 dnm
269 1376 302 1437 et
323 1371 474 1456 putidum
500 1370 660 1437 emblema
680 1391 745 1436 non
765 1370 836 1437 heri
858 1375 915 1437 aut
936 1370 1054 1436 nudius
1076 1370 1190 1435 tertius
1211 1368 1357 1437 Platonis

168 1481 296 1542 textum
318 1464 541 1542 commaculat.
577 1474 667 1541 Idam
690 1478 757 1541 iam
779 1478 815 1539 in
836 1493 894 1541 sno
915 1473 998 1541 libro
1020 1473 1217 1541 lamblichus
1234 1473 1359 1562 legerat

168 1583 224 1667 qui
243 1579 332 1645 uffart
352 1600 426 1668 pag.
440 1578 517 1645 248.
537 1580 590 1645 καί
608 1586 727 1661 Φοροῖεν
740 1617 783 1629 -
795 1578 884 1661 ἑτέρῳ
902 1578 1026 1658 τοιούτῳ
1038 1578 1209 1661 τετρωμένῳ
1221 1581 1356 1660 κοσκίνῳ.

167 1685 206 1751 ln
227 1683 371 1750 Platonis
392 1684 475 1751 libro
497 1683 567 1751 VH„
591 1686 629 1749 do
650 1684 726 1769 Βερ.
752 1704 826 1771 pag.
849 1680 925 1749 517.
943 1701 976 1749 s.
999 1682 1150 1749 mendose
1165 1682 1288 1749 editur:
1307 1681 1357 1765 ἄρ’

168 1792 202 1856 ού
234 1787 348 1867 γέλωτ’
374 1788 414 1855 ῖιν
436 1787 597 1870 παράσχοι
622 1788 748 1876 (lambi.
773 1787 918 1876 ταρέχοι)
944 1788 997 1853 καί
1011 1789 1118 1853 -πδν
1140 1788 1358 1870 ίπιχειροῖιντα

168 1894 252 1961 λύειν
282 1917 318 1959 τε
349 1892 401 1959 καί
430 1892 562 1972 νῖνιίγειν
592 1893 684 1967 είπως
717 1893 748 1958 έν
777 1901 849 1965 ταῖς
878 1892 968 1974 χερσί
1004 1892 1139 1959 δύναιντο
1165 1893 1281 1972 λαβεῖν
1302 1893 1357 1959 καί

169 1999 360 2066 ἀποκτείνειν
390 1997 605 2064 οῖποκτιννύναι
638 1995 688 2064 ἄν.
735 1996 931 2064 lamblichus
961 2018 1035 2085 pag.
1058 1994 1136 2062 238.
1159 2017 1222 2064 non
1243 1997 1359 2064 habuit

169 2104 303 2171 meliora
332 2104 387 2170 sed
416 2101 510 2189 plane
539 2103 668 2169 cadem:
700 2102 814 2181 λαβεῖν
843 2103 1034 2168 ἀποκτείνειν
1064 2100 1282 2167 αποκτιννύναι
1305 2098 1355 2169 ἄν.

170 2208 278 2276 Facile
305 2215 354 2275 est
378 2208 562 2275 emendare:
587 2203 637 2288 αἶρ’
659 2206 853 2281 ού-εῖπως
876 2208 907 2273 έν
930 2215 1002 2280 ταῖς
1025 2207 1115 2289 χερσί
1138 2205 1277 2274 δύναωτο
1301 2221 1359 2273 λα-

171 2312 241 2391 βεῖν
260 2312 333 2378 κᾶν
351 2318 481 2379 ἀποκτι
493 2312 665 2389 ννύοιενς
686 2311 782 2380 Vides
799 2333 897 2397 quam
914 2315 958 2378 sit
968 2316 1182 2380 inveteratum
1192 2311 1357 2378 mendum.

171 2416 264 2499 Quod
285 2439 324 2484 ex
342 2417 488 2483 Parisino
506 2436 539 2481 A.
560 2418 705 2483 enotavi:
728 2418 843 2496 λαβεῖν
862 2416 915 2481 καί
935 2417 1125 2482 ιίποκτείνειν
1143 2414 1358 2482 ἀποκτιννύναι

169 2519 226 2597 δν,
249 2522 337 2587 idem
360 2524 427 2587 iam
448 2523 484 2586 in
510 2520 682 2586 Iamblichi
704 2517 820 2587 (lodice
842 2519 1024 2608 legabatur:
1047 2518 1203 2586 mendum
1224 2523 1273 2586 est
1294 2521 1359 2586 evi·

170 2625 264 2702 dens,
295 2624 474 2691 emendatio
496 2624 670 2710 perfacilis,
695 2629 804 2691 tamen
822 2645 878 2709 per
900 2629 950 2691 tet
972 2623 1099 2690 saecula
1116 2625 1238 2690 vitium
1259 2627 1308 2689 est
1328 2623 1363 2689 in

170 2727 263 2799 libris
284 2734 506 2815 propagatum.
867 2790 872 2798 .

216 2830 309 2899 Alter
330 2832 419 2897 locus
441 2836 490 2898 est
512 2834 550 2897 de
571 2833 647 2916 Rep.
671 2854 745 2920 pag.
773 2831 850 2897 519.
875 2851 905 2898 a.
929 2829 1094 2913 περιεκόπη
1107 2834 1218 2909 τὸτῆς
1237 2831 1362 2911 Φύσεως

171 2933 310 3016 ξυγγενῆ
334 2933 434 3015 ύστερ
456 2936 665 3015 μολυβδίδας,
691 2931 726 3003 αῖ
748 2938 783 3011 δίς
808 2936 933 3009 έδωδαῖς
952 2961 988 3003 τε
1010 2928 1063 3002 καί
1083 2938 1224 3005 τοιούτων
1244 2940 1362 3016 ἡδοναῖς

172 3065 208 3108 τε
241 3041 293 3106 καί
323 3041 475 3120 λιχνείαις
506 3046 673 3123 προσφυεῖς
704 3040 889 3119 γιγνόμεναι
924 3041 991 3123 περί
1020 3051 1081 3107 TA
1110 3040 1195 3108 καίτοι
1218 3045 1361 3127 τρέφουσι

171 3147 227 3221 τὴν
257 3153 313 3221 τῆς
341 3152 450 3227 ψυχῆς
481 3143 563 3227 derv.
607 3145 745 3213 hateri
774 3167 814 3213 ex
847 3144 963 3214 (lodice
993 3147 1138 3214 Parisino
1158 3166 1191 3214 κ.
1222 3148 1278 3216 iol.
1307 3145 1360 3217 74.

172 3250 345 3333 rers'rcpl
367 3250 451 3316 κιίτω
470 3250 616 3332 τρέφουσι
636 3256 669 3316 et
687 3252 839 3339 adscripsi
861 3254 991 3331 ,τίνἐστίο
1005 3254 1146 3337 συνκρῖναι
1166 3254 1233 3334 περί
1245 3251 1362 3320 κοίτω.”

172 3354 317 3422 Deterior
346 3355 441 3422 lectio
471 3355 607 3444 vulgata
636 3356 703 3437 περί
735 3357 778 3422 rai
807 3356 892 3423 κοίτιι
923 3364 991 3425 erat
1021 3358 1101 3424 olim
1131 3360 1165 3424 in
1191 3358 1362 3426 Iamblichi

172 3457 273 3538 libro,
304 3462 361 3547 qni
390 3460 502 3527 undat
530 3481 603 3548 pag.
628 3459 704 3526 244.
728 3461 806 3528 haec
828 3464 926 3531 rerba
948 3466 1012 3530 sic:
1036 3462 1200 3543 τεριειιύτκ
1222 3463 1283 3535 τοῖς
1305 3469 1361 3537 τῖς

172 3563 296 3644 Φύσεως
326 3565 489 3644 ξυγγενεῖς
520 3564 621 3647 ὥσπερ
650 3566 843 3644 μολυβδίδας
875 3560 909 3631 αῖ
938 3569 974 3641 aa
998 3567 1122 3639 ἐδωδαῖς
1141 3604 1185 3618 -
1217 3566 1284 3649 περί
1317 3568 1361 3633 τίς

172 3666 258 3734 κύσω
289 3670 433 3751 τρέφουσι
463 3671 519 3746 τίςν
551 3678 606 3745 τοῖς
630 3675 738 3752 ψυχῆς
762 3668 841 3749 ίψιν.
876 3670 975 3737 Recte
998 3671 1082 3756 quod
1104 3671 1192 3737 dedit
1213 3680 1300 3738 Tse
1317 3710 1359 3722 —

172 3771 359 3852 ξυγγενΕΙΟ
389 3775 511 3860 prora
533 3773 689 3853 ξυγγενῆ,
720 3775 775 3840 sed
798 3783 857 3840 TA
881 3776 916 3839 in
939 3775 1005 3855 περί
1029 3775 1072 3841 rol
1095 3774 1180 3841 κοίτω
1203 3778 1287 3844 ritio
1306 3797 1360 3844 na·

173 3881 246 3943 tum
276 3884 333 3944 est.
369 3878 427 3944 Est
454 3881 541 3945 enim
568 3881 678 3945 Attica
706 3878 826 3945 locutio
855 3878 921 3960 περί
946 3878 1031 3946 καίτοι
1054 3879 1193 3961 τρέπειν,
1216 3881 1357 3963 τρέφειν,

172 3990 299 4065 χωρεῖν,
331 3984 421 4049 cuins
450 3984 596 4069 exempla
619 3983 774 4069 quaedam
796 3984 989 4069 protulimus
1012 3988 1045 4050 in
1074 3985 1145 4050 Vor.
1167 3986 1261 4051 aas.
1283 4007 1357 4075 pag.

174 4085 229 4153 90.
251 4091 394 4174 primum
416 4109 456 4155 ex
477 4088 610 4154 Photis:
634 4087 706 4168 Περί
730 4087 814 4152 κοίτω
837 4091 1030 4169 τραπήσεται
1054 4090 1122 4157 cirri
1145 4096 1199 4157 τοῦ
1218 4114 1359 4172 περιτρα-

172 4191 308 4267 πιὶσεται
330 4193 433 4261 κύσω.
457 4191 534 4259 ούτοι
557 4194 685 4270 συνῆύως
705 4192 847 4271 λέγουσιν
867 4194 905 4283 (ol
917 4196 1088 4277 Ἀττικοί),
1109 4202 1142 4263 et
1158 4198 1242 4284 apud
1258 4196 1359 4265 Strat-

173 4297 274 4365 tidem
288 4318 295 4363 :

511 4405 575 4485 δι’νῳ
601 4392 666 4484 περί
692 4403 776 4469 κνίσω
801 4405 1008 4485 τετραμμένῳ.
