<?xml version="1.0" encoding="UTF-8"?>
<!DOCTYPE html PUBLIC "-//W3C//DTD XHTML 1.0 Transitional//EN"
    "http://www.w3.org/TR/xhtml1/DTD/xhtml1-transitional.dtd">
<html xmlns="http://www.w3.org/1999/xhtml" xml:lang="en" lang="en">
 <head>
  <title>
</title>
<meta http-equiv="Content-Type" content="text/html;charset=utf-8" />
  <meta name='ocr-system' content='tesseract 3.04.00' />
  <meta name='ocr-capabilities' content='ocr_page ocr_carea ocr_par ocr_line ocrx_word'/>
</head>
<body>
  <div class='ocr_page' id='page_1' title='image "./mnemosynebiblio00servgoog_0782.png"; bbox 0 0 3244 5012; ppageno 0'>
   <div class='ocr_carea' id='block_1_1' title="bbox 500 344 1011 395">
    <p class='ocr_par' dir='ltr' id='par_1_1' title="bbox 500 344 1011 395">
     <span class='ocr_line' id='line_1_1' title="bbox 500 344 1011 395; baseline 0 -3"><span class='ocrx_word' id='word_1_1' title='bbox 500 347 541 392; x_wconf 85' lang='grc' dir='ltr'><strong>ΔΙ)</strong></span> <span class='ocrx_word' id='word_1_2' title='bbox 566 344 795 394; x_wconf 72' lang='lat' dir='ltr'><strong>Auuflouoelsu</strong></span> <span class='ocrx_word' id='word_1_3' title='bbox 818 344 1011 395; x_wconf 73' lang='lat' dir='ltr'><strong>PALA‘HNAM.</strong></span> 
     </span>
    </p>
   </div>
   <div class='ocr_carea' id='block_1_2' title="bbox 159 512 1357 4483">
    <p class='ocr_par' dir='ltr' id='par_1_2' title="bbox 159 512 1352 1863">
     <span class='ocr_line' id='line_1_2' title="bbox 201 512 479 601; baseline 0.007 -24"><span class='ocrx_word' id='word_1_4' title='bbox 201 513 311 601; x_wconf 76' lang='lat' dir='ltr'><strong>Epigr.</strong></span> <span class='ocrx_word' id='word_1_5' title='bbox 338 512 422 590; x_wconf 80' lang='lat'><strong>382,</strong></span> <span class='ocrx_word' id='word_1_6' title='bbox 448 514 479 578; x_wconf 86' lang='lat'><strong>3.</strong></span> 
     </span>
     <span class='ocr_line' id='line_1_3' title="bbox 247 617 1182 703; baseline -0.001 -19"><span class='ocrx_word' id='word_1_7' title='bbox 247 622 360 700; x_wconf 77' lang='grc' dir='ltr'><strong><em>’Λγροῦ</em></strong></span> <span class='ocrx_word' id='word_1_8' title='bbox 384 621 434 684; x_wconf 81' lang='grc' dir='ltr'><strong>ἐπ’</strong></span> <span class='ocrx_word' id='word_1_9' title='bbox 458 620 609 700; x_wconf 73' lang='grc' dir='ltr'><strong>ἐσχατιῆς</strong></span> <span class='ocrx_word' id='word_1_10' title='bbox 634 617 684 685; x_wconf 71' lang='grc' dir='ltr'><strong>ὅθι</strong></span> <span class='ocrx_word' id='word_1_11' title='bbox 707 619 829 701; x_wconf 76' lang='grc' dir='ltr'><strong><em>δένδρεα</em></strong></span> <span class='ocrx_word' id='word_1_12' title='bbox 849 622 959 702; x_wconf 81' lang='grc' dir='ltr'><strong><em>μακροὶ</em></strong></span> <span class='ocrx_word' id='word_1_13' title='bbox 982 620 1182 703; x_wconf 83' lang='grc' dir='ltr'><strong><em>πεφύκει,</em></strong></span> 
     </span>
     <span class='ocr_line' id='line_1_4' title="bbox 294 723 1026 805; baseline 0.004 -16"><span class='ocrx_word' id='word_1_14' title='bbox 294 724 403 790; x_wconf 91' lang='grc' dir='ltr'><strong><em>ναίει</em></strong></span> <span class='ocrx_word' id='word_1_15' title='bbox 430 724 626 805; x_wconf 77' lang='grc' dir='ltr'><strong><em>ἐυπλόκαμος</em></strong></span> <span class='ocrx_word' id='word_1_16' title='bbox 651 725 729 800; x_wconf 80' lang='grc' dir='ltr'><strong><em>δεινή</em></strong></span> <span class='ocrx_word' id='word_1_17' title='bbox 753 723 826 800; x_wconf 70' lang='grc' dir='ltr'><strong>θεὸς</strong></span> <span class='ocrx_word' id='word_1_18' title='bbox 849 726 1026 803; x_wconf 79' lang='grc' dir='ltr'><strong><em>αὐδήεσσα.</em></strong></span> 
     </span>
     <span class='ocr_line' id='line_1_5' title="bbox 202 830 615 910; baseline 0 -15"><span class='ocrx_word' id='word_1_19' title='bbox 202 830 272 896; x_wconf 89' lang='lat' dir='ltr'><strong>Imo</strong></span> <span class='ocrx_word' id='word_1_20' title='bbox 295 831 492 910; x_wconf 81' lang='grc' dir='ltr'><strong><em>πέφυκεν.</em></strong></span> <span class='ocrx_word' id='word_1_21' title='bbox 608 891 615 895; x_wconf 88' lang='grc'><em>.</em></span> 
     </span>
     <span class='ocr_line' id='line_1_6' title="bbox 202 934 414 1023; baseline -0.005 -23"><span class='ocrx_word' id='word_1_22' title='bbox 202 935 313 1023; x_wconf 80' lang='lat' dir='ltr'><strong>Epigr.</strong></span> <span class='ocrx_word' id='word_1_23' title='bbox 339 934 414 1000; x_wconf 79' lang='lat'><strong>384.</strong></span> 
     </span>
     <span class='ocr_line' id='line_1_7' title="bbox 294 1039 1102 1121; baseline 0 -16"><span class='ocrx_word' id='word_1_24' title='bbox 294 1040 350 1119; x_wconf 79' lang='grc' dir='ltr'><strong>Ἐξ</strong></span> <span class='ocrx_word' id='word_1_25' title='bbox 374 1039 486 1115; x_wconf 68' lang='grc' dir='ltr'><strong><em>ε’μίθευ</em></strong></span> <span class='ocrx_word' id='word_1_26' title='bbox 508 1039 707 1119; x_wconf 85' lang='grc' dir='ltr'><strong><em>λυκοίβαντος</em></strong></span> <span class='ocrx_word' id='word_1_27' title='bbox 733 1041 944 1116; x_wconf 82' lang='grc' dir='ltr'><strong><em>ὑπήελίοιο</em></strong></span> <span class='ocrx_word' id='word_1_28' title='bbox 969 1039 1102 1121; x_wconf 67' lang='grc' dir='ltr'><strong><em>θύρετρα</em></strong></span> 
     </span>
     <span class='ocr_line' id='line_1_8' title="bbox 339 1144 985 1226; baseline 0 -15"><span class='ocrx_word' id='word_1_29' title='bbox 339 1147 492 1219; x_wconf 78' lang='grc' dir='ltr'><strong><em>Αὐσονίας</em></strong></span> <span class='ocrx_word' id='word_1_30' title='bbox 518 1144 614 1226; x_wconf 74' lang='grc' dir='ltr'><strong><em>ὕψος</em></strong></span> <span class='ocrx_word' id='word_1_31' title='bbox 640 1145 831 1226; x_wconf 74' lang='grc' dir='ltr'><strong><em>δέρκεται</em></strong></span> <span class='ocrx_word' id='word_1_32' title='bbox 856 1145 985 1219; x_wconf 80' lang='grc' dir='ltr'><strong><em>Ἠέλιος.</em></strong></span> 
     </span>
     <span class='ocr_line' id='line_1_9' title="bbox 159 1250 1351 1340; baseline 0.004 -25"><span class='ocrx_word' id='word_1_33' title='bbox 159 1250 262 1317; x_wconf 83' lang='lat' dir='ltr'><strong>Verba</strong></span> <span class='ocrx_word' id='word_1_34' title='bbox 293 1257 368 1317; x_wconf 87' lang='lat' dir='ltr'><strong>sunt</strong></span> <span class='ocrx_word' id='word_1_35' title='bbox 396 1255 518 1318; x_wconf 78' lang='lat' dir='ltr'>mensis</span> <span class='ocrx_word' id='word_1_36' title='bbox 553 1251 709 1328; x_wconf 77' lang='lat' dir='ltr'><strong>Ianuarii,</strong></span> <span class='ocrx_word' id='word_1_37' title='bbox 733 1252 768 1318; x_wconf 90' lang='lat' dir='ltr'><strong>in</strong></span> <span class='ocrx_word' id='word_1_38' title='bbox 791 1252 906 1337; x_wconf 89' lang='lat' dir='ltr'><strong>quibus</strong></span> <span class='ocrx_word' id='word_1_39' title='bbox 929 1252 989 1317; x_wconf 86' lang='lat' dir='ltr'><strong>hoe</strong></span> <span class='ocrx_word' id='word_1_40' title='bbox 1010 1251 1104 1319; x_wconf 82' lang='lat' dir='ltr'><strong>rideo</strong></span> <span class='ocrx_word' id='word_1_41' title='bbox 1127 1253 1351 1340; x_wconf 78' lang='lat' dir='ltr'><strong>corrigendum</strong></span> 
     </span>
     <span class='ocr_line' id='line_1_10' title="bbox 160 1355 1352 1443; baseline 0.003 -21"><span class='ocrx_word' id='word_1_42' title='bbox 160 1377 227 1422; x_wconf 86' lang='lat' dir='ltr'><strong>esse</strong></span> <span class='ocrx_word' id='word_1_43' title='bbox 251 1357 310 1421; x_wconf 83' lang='grc' dir='ltr'><strong>ὑπ’</strong></span> <span class='ocrx_word' id='word_1_44' title='bbox 330 1358 535 1431; x_wconf 81' lang='grc' dir='ltr'><strong><em>ήλιακιΐι;</em></strong></span> <span class='ocrx_word' id='word_1_45' title='bbox 560 1377 637 1422; x_wconf 81' lang='lat' dir='ltr'><strong>num</strong></span> <span class='ocrx_word' id='word_1_46' title='bbox 655 1375 758 1422; x_wconf 86' lang='lat' dir='ltr'><strong>sermo</strong></span> <span class='ocrx_word' id='word_1_47' title='bbox 770 1362 818 1422; x_wconf 87' lang='lat' dir='ltr'><strong>est</strong></span> <span class='ocrx_word' id='word_1_48' title='bbox 829 1356 867 1422; x_wconf 88' lang='lat' dir='ltr'><strong>de</strong></span> <span class='ocrx_word' id='word_1_49' title='bbox 879 1376 960 1423; x_wconf 82' lang='lat' dir='ltr'><strong>enno</strong></span> <span class='ocrx_word' id='word_1_50' title='bbox 972 1357 1076 1422; x_wconf 78' lang='lat' dir='ltr'><strong>eoiuri.</strong></span> <span class='ocrx_word' id='word_1_51' title='bbox 1100 1355 1352 1443; x_wconf 83' lang='lat' dir='ltr'><strong>Reliqusemen·</strong></span> 
     </span>
     <span class='ocr_line' id='line_1_11' title="bbox 160 1458 1351 1543; baseline 0 -17"><span class='ocrx_word' id='word_1_52' title='bbox 160 1462 247 1527; x_wconf 79' lang='lat' dir='ltr'><strong>datio</strong></span> <span class='ocrx_word' id='word_1_53' title='bbox 268 1464 427 1528; x_wconf 79' lang='lat' dir='ltr'><strong>incertior.</strong></span> <span class='ocrx_word' id='word_1_54' title='bbox 463 1459 591 1528; x_wconf 85' lang='lat' dir='ltr'><strong>Oonieei</strong></span> <span class='ocrx_word' id='word_1_55' title='bbox 615 1460 710 1542; x_wconf 70' lang='lat' dir='ltr'><strong>seri’</strong></span> <span class='ocrx_word' id='word_1_56' title='bbox 735 1458 882 1543; x_wconf 78' lang='grc' dir='ltr'><strong><em>ἔρχεται,</em></strong></span> <span class='ocrx_word' id='word_1_57' title='bbox 906 1467 944 1526; x_wconf 86' lang='lat' dir='ltr'><strong>ut</strong></span> <span class='ocrx_word' id='word_1_58' title='bbox 966 1464 1010 1526; x_wconf 87' lang='lat' dir='ltr'><strong>sit</strong></span> <span class='ocrx_word' id='word_1_59' title='bbox 1032 1465 1206 1528; x_wconf 80' lang='lat' dir='ltr'><strong>sententis:</strong></span> <span class='ocrx_word' id='word_1_60' title='bbox 1232 1464 1309 1528; x_wconf 82' lang='lat' dir='ltr'><strong>Inde</strong></span> <span class='ocrx_word' id='word_1_61' title='bbox 1331 1487 1351 1526; x_wconf 86' lang='grc' dir='ltr'><strong><em>α</em></strong></span> 
     </span>
     <span class='ocr_line' id='line_1_12' title="bbox 160 1566 1351 1635; baseline 0.002 -3"><span class='ocrx_word' id='word_1_62' title='bbox 160 1590 204 1632; x_wconf 81' lang='grc' dir='ltr'><strong>ναν</strong></span> <span class='ocrx_word' id='word_1_63' title='bbox 233 1567 307 1631; x_wconf 81' lang='lat' dir='ltr'><strong>anni</strong></span> <span class='ocrx_word' id='word_1_64' title='bbox 336 1566 445 1632; x_wconf 76' lang='lat' dir='ltr'><strong>solaris</strong></span> <span class='ocrx_word' id='word_1_65' title='bbox 468 1568 590 1631; x_wconf 85' lang='grc' dir='ltr'><strong><em>ιὀαιιανι</em></strong></span> <span class='ocrx_word' id='word_1_66' title='bbox 608 1566 727 1632; x_wconf 60' lang='lat' dir='ltr'><strong>urbm</strong></span> <span class='ocrx_word' id='word_1_67' title='bbox 749 1567 892 1632; x_wconf 69' lang='lat' dir='ltr'><strong>Ausoniis</strong></span> <span class='ocrx_word' id='word_1_68' title='bbox 937 1566 1351 1635; x_wconf 55' lang='lat' dir='ltr'><strong>&amp;caesariensibus</strong></span> 
     </span>
     <span class='ocr_line' id='line_1_13' title="bbox 160 1669 1352 1761; baseline 0.001 -24"><span class='ocrx_word' id='word_1_69' title='bbox 160 1695 234 1738; x_wconf 80' lang='grc' dir='ltr'><strong><em>νεαο</em></strong></span> <span class='ocrx_word' id='word_1_70' title='bbox 249 1671 302 1739; x_wconf 85' lang='lat' dir='ltr'><strong>vel</strong></span> <span class='ocrx_word' id='word_1_71' title='bbox 322 1671 475 1752; x_wconf 68' lang='grc' dir='ltr'><strong><em>ὑποβὰς</em></strong></span> <span class='ocrx_word' id='word_1_72' title='bbox 496 1669 685 1753; x_wconf 78' lang='grc' dir='ltr'><strong><em>ἔρχεται,</em></strong></span> <span class='ocrx_word' id='word_1_73' title='bbox 706 1672 790 1757; x_wconf 91' lang='lat' dir='ltr'><strong>quod</strong></span> <span class='ocrx_word' id='word_1_74' title='bbox 801 1672 932 1738; x_wconf 78' lang='lat' dir='ltr'><strong>fortasse</strong></span> <span class='ocrx_word' id='word_1_75' title='bbox 942 1676 1090 1756; x_wconf 72' lang='lat' dir='ltr'><strong>praestat.</strong></span> <span class='ocrx_word' id='word_1_76' title='bbox 1114 1671 1222 1761; x_wconf 75' lang='lat' dir='ltr'><strong>Vulgo</strong></span> <span class='ocrx_word' id='word_1_77' title='bbox 1234 1673 1352 1758; x_wconf 81' lang='lat' dir='ltr'><strong>absque</strong></span> 
     </span>
     <span class='ocr_line' id='line_1_14' title="bbox 161 1774 1348 1863; baseline 0.001 -21"><span class='ocrx_word' id='word_1_78' title='bbox 161 1798 254 1842; x_wconf 80' lang='lat' dir='ltr'><strong>sensu</strong></span> <span class='ocrx_word' id='word_1_79' title='bbox 277 1777 427 1843; x_wconf 79' lang='lat' dir='ltr'><strong>scribitur</strong></span> <span class='ocrx_word' id='word_1_80' title='bbox 450 1774 543 1856; x_wconf 75' lang='grc' dir='ltr'><strong><em>ὕψος</em></strong></span> <span class='ocrx_word' id='word_1_81' title='bbox 568 1777 593 1840; x_wconf 89' lang='grc' dir='ltr'><strong>δ’</strong></span> <span class='ocrx_word' id='word_1_82' title='bbox 616 1775 800 1856; x_wconf 74' lang='grc' dir='ltr'><strong><em>ἔρχεται,</em></strong></span> <span class='ocrx_word' id='word_1_83' title='bbox 822 1778 925 1861; x_wconf 77' lang='lat' dir='ltr'><strong>positu</strong></span> <span class='ocrx_word' id='word_1_84' title='bbox 947 1775 1077 1863; x_wconf 74' lang='lat' dir='ltr'><strong>virgula</strong></span> <span class='ocrx_word' id='word_1_85' title='bbox 1098 1779 1348 1863; x_wconf 74' lang='grc' dir='ltr'><strong><em>ροεόλύοονίοις.</em></strong></span> 
     </span>
    </p>

    <p class='ocr_par' dir='ltr' id='par_1_3' title="bbox 206 1881 419 1970">
     <span class='ocr_line' id='line_1_15' title="bbox 206 1881 419 1970; baseline -0.009 -23"><span class='ocrx_word' id='word_1_86' title='bbox 206 1882 317 1970; x_wconf 77' lang='lat' dir='ltr'><strong>Epigr.</strong></span> <span class='ocrx_word' id='word_1_87' title='bbox 342 1881 419 1946; x_wconf 79' lang='lat'><strong>443.</strong></span> 
     </span>
    </p>

    <p class='ocr_par' dir='ltr' id='par_1_4' title="bbox 297 1985 1149 2174">
     <span class='ocr_line' id='line_1_16' title="bbox 297 1985 1149 2071; baseline 0 -18"><span class='ocrx_word' id='word_1_88' title='bbox 297 1989 430 2063; x_wconf 87' lang='grc' dir='ltr'><strong><em>Μήποτε</em></strong></span> <span class='ocrx_word' id='word_1_89' title='bbox 456 1987 631 2071; x_wconf 77' lang='grc' dir='ltr'><strong><em>κοιλήνρς</em></strong></span> <span class='ocrx_word' id='word_1_90' title='bbox 655 1985 767 2069; x_wconf 77' lang='grc' dir='ltr'><strong><em>ΠαΦίή</em></strong></span> <span class='ocrx_word' id='word_1_91' title='bbox 791 1985 868 2051; x_wconf 81' lang='grc' dir='ltr'><strong><em>νόον·</em></strong></span> <span class='ocrx_word' id='word_1_92' title='bbox 893 1985 1062 2053; x_wconf 71' lang='grc' dir='ltr'><strong><em>ἀντιτύπου</em></strong></span> <span class='ocrx_word' id='word_1_93' title='bbox 1085 1988 1149 2069; x_wconf 76' lang='grc' dir='ltr'><strong><em>νίιρ</em></strong></span> 
     </span>
     <span class='ocr_line' id='line_1_17' title="bbox 338 2090 1071 2174; baseline 0.001 -17"><span class='ocrx_word' id='word_1_94' title='bbox 338 2091 432 2166; x_wconf 68' lang='grc' dir='ltr'><strong><em>εὐθὺς</em></strong></span> <span class='ocrx_word' id='word_1_95' title='bbox 456 2090 650 2173; x_wconf 67' lang='grc' dir='ltr'><strong><em>ιίποθριίοκει</em></strong></span> <span class='ocrx_word' id='word_1_96' title='bbox 672 2096 786 2174; x_wconf 83' lang='grc' dir='ltr'><strong><em>κοῦφος</em></strong></span> <span class='ocrx_word' id='word_1_97' title='bbox 806 2094 904 2172; x_wconf 80' lang='grc' dir='ltr'><strong><em>Ἔρος</em></strong></span> <span class='ocrx_word' id='word_1_98' title='bbox 929 2092 1071 2173; x_wconf 75' lang='grc' dir='ltr'><strong><em>κραδίης.</em></strong></span> 
     </span>
    </p>

    <p class='ocr_par' dir='ltr' id='par_1_5' title="bbox 299 2194 1232 2386">
     <span class='ocr_line' id='line_1_18' title="bbox 299 2194 1232 2279; baseline 0.001 -17"><span class='ocrx_word' id='word_1_99' title='bbox 299 2194 441 2277; x_wconf 80' lang='grc' dir='ltr'><strong><em>Οίτρος</em></strong></span> <span class='ocrx_word' id='word_1_100' title='bbox 465 2199 664 2273; x_wconf 86' lang='grc' dir='ltr'><strong><em>όλιοίήεοοαν</em></strong></span> <span class='ocrx_word' id='word_1_101' title='bbox 683 2194 751 2277; x_wconf 77' lang='grc' dir='ltr'><strong><em>ἔχει</em></strong></span> <span class='ocrx_word' id='word_1_102' title='bbox 774 2197 886 2279; x_wconf 82' lang='grc' dir='ltr'><strong><em>φύσιν·</em></strong></span> <span class='ocrx_word' id='word_1_103' title='bbox 911 2197 946 2272; x_wconf 89' lang='grc' dir='ltr'><strong>ήν</strong></span> <span class='ocrx_word' id='word_1_104' title='bbox 968 2221 1016 2271; x_wconf 91' lang='grc' dir='ltr'><strong>τις</strong></span> <span class='ocrx_word' id='word_1_105' title='bbox 1039 2197 1120 2267; x_wconf 79' lang='grc' dir='ltr'><strong><em>όιτοῦ</em></strong></span> <span class='ocrx_word' id='word_1_106' title='bbox 1229 2266 1232 2271; x_wconf 77' lang='grc'><strong>,</strong></span> 
     </span>
     <span class='ocr_line' id='line_1_19' title="bbox 347 2299 1044 2386; baseline 0.001 -18"><span class='ocrx_word' id='word_1_107' title='bbox 347 2302 436 2383; x_wconf 74' lang='grc' dir='ltr'><strong><em>ἄκρου</em></strong></span> <span class='ocrx_word' id='word_1_108' title='bbox 456 2299 511 2386; x_wconf 78' lang='grc' dir='ltr'><strong>ἕλρ</strong></span> <span class='ocrx_word' id='word_1_109' title='bbox 529 2306 705 2384; x_wconf 79' lang='grc' dir='ltr'><strong><em>Φλονεροῦ,</em></strong></span> <span class='ocrx_word' id='word_1_110' title='bbox 729 2302 834 2368; x_wconf 86' lang='grc' dir='ltr'><strong><em>δυέται</em></strong></span> <span class='ocrx_word' id='word_1_111' title='bbox 858 2301 941 2375; x_wconf 74' lang='grc' dir='ltr'><strong><em>ἐντός</em></strong></span> <span class='ocrx_word' id='word_1_112' title='bbox 963 2299 1044 2374; x_wconf 80' lang='grc' dir='ltr'><strong><em>ὅλος.</em></strong></span> 
     </span>
    </p>

    <p class='ocr_par' dir='ltr' id='par_1_6' title="bbox 163 2405 1356 2807">
     <span class='ocr_line' id='line_1_20' title="bbox 208 2405 1353 2494; baseline -0.001 -19"><span class='ocrx_word' id='word_1_113' title='bbox 208 2410 386 2475; x_wconf 79' lang='lat' dir='ltr'><strong>Obseruum</strong></span> <span class='ocrx_word' id='word_1_114' title='bbox 405 2414 437 2475; x_wconf 84' lang='lat' dir='ltr'><strong>et</strong></span> <span class='ocrx_word' id='word_1_115' title='bbox 459 2407 569 2494; x_wconf 81' lang='lat' dir='ltr'><strong>procui</strong></span> <span class='ocrx_word' id='word_1_116' title='bbox 592 2407 689 2473; x_wconf 90' lang='lat' dir='ltr'><strong>dubio</strong></span> <span class='ocrx_word' id='word_1_117' title='bbox 712 2412 896 2492; x_wconf 84' lang='lat' dir='ltr'><strong>corruptum</strong></span> <span class='ocrx_word' id='word_1_118' title='bbox 919 2407 1056 2489; x_wconf 76' lang='grc' dir='ltr'><strong><em>κοιλήνρς</em></strong></span> <span class='ocrx_word' id='word_1_119' title='bbox 1078 2408 1142 2474; x_wconf 80' lang='lat' dir='ltr'><strong>viri</strong></span> <span class='ocrx_word' id='word_1_120' title='bbox 1165 2405 1251 2473; x_wconf 77' lang='lat' dir='ltr'><strong>docti</strong></span> <span class='ocrx_word' id='word_1_121' title='bbox 1270 2407 1353 2474; x_wconf 85' lang='lat' dir='ltr'><strong>elius</strong></span> 
     </span>
     <span class='ocr_line' id='line_1_21' title="bbox 164 2510 1356 2598; baseline 0.001 -20"><span class='ocrx_word' id='word_1_122' title='bbox 164 2514 256 2579; x_wconf 80' lang='lat' dir='ltr'><strong>aliter</strong></span> <span class='ocrx_word' id='word_1_123' title='bbox 275 2516 532 2598; x_wconf 73' lang='lat' dir='ltr'><strong>interpretantur.</strong></span> <span class='ocrx_word' id='word_1_124' title='bbox 562 2510 703 2578; x_wconf 79' lang='lat' dir='ltr'><strong>Candide</strong></span> <span class='ocrx_word' id='word_1_125' title='bbox 722 2519 831 2578; x_wconf 82' lang='lat' dir='ltr'><strong>sutem</strong></span> <span class='ocrx_word' id='word_1_126' title='bbox 849 2513 967 2578; x_wconf 78' lang='lat' dir='ltr'><strong>fatetur</strong></span> <span class='ocrx_word' id='word_1_127' title='bbox 978 2512 1165 2578; x_wconf 83' lang='lat' dir='ltr'><strong>Duebnerus</strong></span> <span class='ocrx_word' id='word_1_128' title='bbox 1177 2514 1239 2578; x_wconf 82' lang='lat' dir='ltr'><strong>sibi</strong></span> <span class='ocrx_word' id='word_1_129' title='bbox 1251 2533 1356 2598; x_wconf 82' lang='lat' dir='ltr'><strong>nsque</strong></span> 
     </span>
     <span class='ocr_line' id='line_1_22' title="bbox 164 2616 1353 2704; baseline -0.001 -20"><span class='ocrx_word' id='word_1_130' title='bbox 164 2621 353 2685; x_wconf 85' lang='lat' dir='ltr'><strong>sententium</strong></span> <span class='ocrx_word' id='word_1_131' title='bbox 376 2620 516 2702; x_wconf 79' lang='lat' dir='ltr'><strong>apricam</strong></span> <span class='ocrx_word' id='word_1_132' title='bbox 538 2638 605 2682; x_wconf 87' lang='lat' dir='ltr'><strong>esse</strong></span> <span class='ocrx_word' id='word_1_133' title='bbox 626 2637 728 2701; x_wconf 89' lang='lat' dir='ltr'><strong>neque</strong></span> <span class='ocrx_word' id='word_1_134' title='bbox 750 2638 870 2682; x_wconf 81' lang='lat' dir='ltr'><strong>nexum</strong></span> <span class='ocrx_word' id='word_1_135' title='bbox 893 2617 1116 2685; x_wconf 79' lang='lat' dir='ltr'><strong>distichorum.</strong></span> <span class='ocrx_word' id='word_1_136' title='bbox 1153 2616 1223 2697; x_wconf 80' lang='lat' dir='ltr'><strong>Quo</strong></span> <span class='ocrx_word' id='word_1_137' title='bbox 1246 2619 1353 2704; x_wconf 75' lang='lat' dir='ltr'><strong>magis</strong></span> 
     </span>
     <span class='ocr_line' id='line_1_23' title="bbox 163 2719 1351 2807; baseline -0.002 -19"><span class='ocrx_word' id='word_1_138' title='bbox 163 2726 262 2790; x_wconf 85' lang='lat' dir='ltr'><strong>miror</strong></span> <span class='ocrx_word' id='word_1_139' title='bbox 278 2726 386 2789; x_wconf 81' lang='lat' dir='ltr'><strong>virum</strong></span> <span class='ocrx_word' id='word_1_140' title='bbox 410 2725 568 2787; x_wconf 80' lang='lat' dir='ltr'><strong>eximium</strong></span> <span class='ocrx_word' id='word_1_141' title='bbox 589 2741 653 2787; x_wconf 92' lang='lat' dir='ltr'><strong>non</strong></span> <span class='ocrx_word' id='word_1_142' title='bbox 670 2721 789 2788; x_wconf 84' lang='lat' dir='ltr'><strong>vidisse</strong></span> <span class='ocrx_word' id='word_1_143' title='bbox 800 2721 941 2787; x_wconf 82' lang='lat' dir='ltr'><strong>Paulum</strong></span> <span class='ocrx_word' id='word_1_144' title='bbox 952 2719 1162 2788; x_wconf 79' lang='lat' dir='ltr'><strong>Silentarium</strong></span> <span class='ocrx_word' id='word_1_145' title='bbox 1173 2724 1351 2807; x_wconf 77' lang='lat' dir='ltr'><strong>scripsisse:</strong></span> 
     </span>
    </p>

    <p class='ocr_par' dir='ltr' id='par_1_7' title="bbox 346 2823 917 2908">
     <span class='ocr_line' id='line_1_24' title="bbox 346 2823 917 2908; baseline -0.005 -16"><span class='ocrx_word' id='word_1_146' title='bbox 346 2829 478 2902; x_wconf 88' lang='grc' dir='ltr'><strong><em>Μήποτε</em></strong></span> <span class='ocrx_word' id='word_1_147' title='bbox 502 2826 681 2907; x_wconf 77' lang='grc' dir='ltr'><strong><em>κυμήνής</em></strong></span> <span class='ocrx_word' id='word_1_148' title='bbox 703 2825 814 2908; x_wconf 77' lang='grc' dir='ltr'><strong><em>Παφίρ</em></strong></span> <span class='ocrx_word' id='word_1_149' title='bbox 837 2823 917 2891; x_wconf 91' lang='grc' dir='ltr'><strong><em>νόον.</em></strong></span> 
     </span>
    </p>

    <p class='ocr_par' dir='ltr' id='par_1_8' title="bbox 164 2930 1356 3436">
     <span class='ocr_line' id='line_1_25' title="bbox 213 2930 1353 3017; baseline -0.001 -20"><span class='ocrx_word' id='word_1_150' title='bbox 213 2935 288 2997; x_wconf 79' lang='lat' dir='ltr'><strong>Cave</strong></span> <span class='ocrx_word' id='word_1_151' title='bbox 310 2954 347 2996; x_wconf 78' lang='grc' dir='ltr'><strong>ιιι</strong></span> <span class='ocrx_word' id='word_1_152' title='bbox 368 2954 503 3017; x_wconf 75' lang='lat' dir='ltr'><strong>umquem</strong></span> <span class='ocrx_word' id='word_1_153' title='bbox 531 2931 654 2995; x_wconf 69' lang='lat' dir='ltr'><strong>Veneris</strong></span> <span class='ocrx_word' id='word_1_154' title='bbox 664 2930 811 3014; x_wconf 77' lang='lat' dir='ltr'><strong>fluetibus</strong></span> <span class='ocrx_word' id='word_1_155' title='bbox 829 2930 922 3011; x_wconf 79' lang='grc' dir='ltr'><strong><em>αρὶόοι</em></strong></span> <span class='ocrx_word' id='word_1_156' title='bbox 942 2931 1353 3011; x_wconf 76' lang='grc' dir='ltr'><strong><em>ιιόοόυνόαεοιααόανόνανι,</em></strong></span> 
     </span>
     <span class='ocr_line' id='line_1_26' title="bbox 165 3034 1352 3121; baseline -0.003 -16"><span class='ocrx_word' id='word_1_157' title='bbox 165 3038 218 3106; x_wconf 86' lang='lat' dir='ltr'><strong>vel</strong></span> <span class='ocrx_word' id='word_1_158' title='bbox 243 3038 461 3113; x_wconf 80' lang='lat' dir='ltr'><strong>intransitive,</strong></span> <span class='ocrx_word' id='word_1_159' title='bbox 492 3043 614 3100; x_wconf 78' lang='lat' dir='ltr'><strong>mentem</strong></span> <span class='ocrx_word' id='word_1_160' title='bbox 637 3043 760 3101; x_wconf 81' lang='grc' dir='ltr'><strong><em>ααόαα.</em></strong></span> <span class='ocrx_word' id='word_1_161' title='bbox 797 3034 895 3100; x_wconf 83' lang='lat' dir='ltr'><strong>Verbi</strong></span> <span class='ocrx_word' id='word_1_162' title='bbox 916 3036 1073 3115; x_wconf 71' lang='grc' dir='ltr'><strong><em>κυμαίνειν</em></strong></span> <span class='ocrx_word' id='word_1_163' title='bbox 1096 3042 1129 3102; x_wconf 87' lang='lat' dir='ltr'><strong>et</strong></span> <span class='ocrx_word' id='word_1_164' title='bbox 1152 3036 1352 3121; x_wconf 85' lang='grc' dir='ltr'><strong><em>κνμαίνετόαι</em></strong></span> 
     </span>
     <span class='ocr_line' id='line_1_27' title="bbox 164 3141 1356 3227; baseline 0 -18"><span class='ocrx_word' id='word_1_165' title='bbox 164 3145 218 3210; x_wconf 89' lang='lat' dir='ltr'><strong>bie</strong></span> <span class='ocrx_word' id='word_1_166' title='bbox 248 3164 325 3208; x_wconf 86' lang='lat' dir='ltr'><strong>usus</strong></span> <span class='ocrx_word' id='word_1_167' title='bbox 351 3142 587 3227; x_wconf 84' lang='lat' dir='ltr'><strong>metaphorieus</strong></span> <span class='ocrx_word' id='word_1_168' title='bbox 612 3144 717 3208; x_wconf 86' lang='lat' dir='ltr'><strong>notior</strong></span> <span class='ocrx_word' id='word_1_169' title='bbox 748 3145 796 3206; x_wconf 89' lang='lat' dir='ltr'><strong>est</strong></span> <span class='ocrx_word' id='word_1_170' title='bbox 827 3161 923 3226; x_wconf 84' lang='lat' dir='ltr'><strong>quarn</strong></span> <span class='ocrx_word' id='word_1_171' title='bbox 945 3161 1041 3226; x_wconf 91' lang='lat' dir='ltr'><strong>quem</strong></span> <span class='ocrx_word' id='word_1_172' title='bbox 1064 3141 1219 3227; x_wconf 86' lang='lat' dir='ltr'><strong>exemplis</strong></span> <span class='ocrx_word' id='word_1_173' title='bbox 1240 3142 1356 3209; x_wconf 87' lang='lat' dir='ltr'><strong>eollus·</strong></span> 
     </span>
     <span class='ocr_line' id='line_1_28' title="bbox 165 3245 1355 3332; baseline 0.001 -18"><span class='ocrx_word' id='word_1_174' title='bbox 165 3255 257 3314; x_wconf 82' lang='lat' dir='ltr'><strong>irem.</strong></span> <span class='ocrx_word' id='word_1_175' title='bbox 281 3248 391 3313; x_wconf 88' lang='lat' dir='ltr'><strong>Unum</strong></span> <span class='ocrx_word' id='word_1_176' title='bbox 413 3252 537 3324; x_wconf 83' lang='lat' dir='ltr'><strong>tumen,</strong></span> <span class='ocrx_word' id='word_1_177' title='bbox 563 3250 638 3332; x_wconf 82' lang='lat' dir='ltr'><strong>quia</strong></span> <span class='ocrx_word' id='word_1_178' title='bbox 660 3247 736 3312; x_wconf 80' lang='lat' dir='ltr'><strong>feeit</strong></span> <span class='ocrx_word' id='word_1_179' title='bbox 748 3245 787 3312; x_wconf 83' lang='lat' dir='ltr'><strong>ad</strong></span> <span class='ocrx_word' id='word_1_180' title='bbox 798 3248 1027 3313; x_wconf 77' lang='lat' dir='ltr'><strong>sententiarum</strong></span> <span class='ocrx_word' id='word_1_181' title='bbox 1038 3266 1177 3325; x_wconf 84' lang='lat' dir='ltr'><strong>nexum,</strong></span> <span class='ocrx_word' id='word_1_182' title='bbox 1199 3250 1355 3315; x_wconf 84' lang='lat' dir='ltr'><strong>eseribem</strong></span> 
     </span>
     <span class='ocr_line' id='line_1_29' title="bbox 166 3349 857 3436; baseline -0.007 -16"><span class='ocrx_word' id='word_1_183' title='bbox 166 3376 205 3420; x_wconf 83' lang='lat' dir='ltr'><strong>ex</strong></span> <span class='ocrx_word' id='word_1_184' title='bbox 226 3352 356 3420; x_wconf 87' lang='lat' dir='ltr'><strong>Authol.</strong></span> <span class='ocrx_word' id='word_1_185' title='bbox 379 3352 514 3419; x_wconf 82' lang='lat' dir='ltr'><strong>Plauud.</strong></span> <span class='ocrx_word' id='word_1_186' title='bbox 538 3351 633 3430; x_wconf 86' lang='lat' dir='ltr'><strong>XVI,</strong></span> <span class='ocrx_word' id='word_1_187' title='bbox 659 3350 742 3428; x_wconf 81' lang='lat'><strong>596,</strong></span> <span class='ocrx_word' id='word_1_188' title='bbox 768 3349 788 3416; x_wconf 85' lang='lat'>5</span> <span class='ocrx_word' id='word_1_189' title='bbox 812 3371 857 3436; x_wconf 93' lang='lat' dir='ltr'><strong>sq.</strong></span> 
     </span>
    </p>

    <p class='ocr_par' dir='ltr' id='par_1_9' title="bbox 168 3450 1357 4483">
     <span class='ocr_line' id='line_1_30' title="bbox 295 3450 1178 3539; baseline 0.002 -17"><span class='ocrx_word' id='word_1_190' title='bbox 295 3457 341 3522; x_wconf 83' lang='grc' dir='ltr'><strong>’Ἦ</strong></span> <span class='ocrx_word' id='word_1_191' title='bbox 365 3461 402 3538; x_wconf 78' lang='grc' dir='ltr'><strong>ῥα</strong></span> <span class='ocrx_word' id='word_1_192' title='bbox 425 3459 531 3535; x_wconf 81' lang='grc' dir='ltr'><strong><em>μότνν</em></strong></span> <span class='ocrx_word' id='word_1_193' title='bbox 553 3457 680 3534; x_wconf 77' lang='grc' dir='ltr'><strong><em>ἐπόνήοε</em></strong></span> <span class='ocrx_word' id='word_1_194' title='bbox 703 3453 859 3532; x_wconf 72' lang='grc' dir='ltr'><strong><em>λιθοξόος,</em></strong></span> <span class='ocrx_word' id='word_1_195' title='bbox 882 3450 914 3530; x_wconf 81' lang='grc' dir='ltr'><strong>ός</strong></span> <span class='ocrx_word' id='word_1_196' title='bbox 937 3480 972 3521; x_wconf 87' lang='grc' dir='ltr'><strong>οε</strong></span> <span class='ocrx_word' id='word_1_197' title='bbox 995 3456 1046 3522; x_wconf 84' lang='grc' dir='ltr'><strong>τόν</strong></span> <span class='ocrx_word' id='word_1_198' title='bbox 1069 3455 1178 3539; x_wconf 75' lang='grc' dir='ltr'><strong><em>οίςριρ</em></strong></span> 
     </span>
     <span class='ocr_line' id='line_1_31' title="bbox 348 3559 1087 3645; baseline 0 -18"><span class='ocrx_word' id='word_1_199' title='bbox 348 3564 587 3639; x_wconf 88' lang='grc' dir='ltr'><strong><em>κυμήναντα</em></strong></span> <span class='ocrx_word' id='word_1_200' title='bbox 611 3561 716 3640; x_wconf 69' lang='grc' dir='ltr'><strong><em>θεούς,</em></strong></span> <span class='ocrx_word' id='word_1_201' title='bbox 741 3560 810 3643; x_wconf 71' lang='grc' dir='ltr'><strong><em>τῇδ’</em></strong></span> <span class='ocrx_word' id='word_1_202' title='bbox 834 3561 954 3634; x_wconf 81' lang='grc' dir='ltr'><strong><em>ἐνίδντε</em></strong></span> <span class='ocrx_word' id='word_1_203' title='bbox 977 3559 1087 3645; x_wconf 65' lang='lat' dir='ltr'><strong>esaim.</strong></span> 
     </span>
     <span class='ocr_line' id='line_1_32' title="bbox 168 3663 1355 3754; baseline -0.001 -21"><span class='ocrx_word' id='word_1_204' title='bbox 168 3667 252 3754; x_wconf 89' lang='lat' dir='ltr'><strong>quod</strong></span> <span class='ocrx_word' id='word_1_205' title='bbox 281 3668 405 3732; x_wconf 77' lang='lat' dir='ltr'><strong>Ausum</strong></span> <span class='ocrx_word' id='word_1_206' title='bbox 423 3669 630 3754; x_wconf 79' lang='lat' dir='ltr'><strong>epigramma</strong></span> <span class='ocrx_word' id='word_1_207' title='bbox 653 3666 775 3731; x_wconf 80' lang='lat' dir='ltr'><strong>factum</strong></span> <span class='ocrx_word' id='word_1_208' title='bbox 799 3668 841 3737; x_wconf 76' lang='grc' dir='ltr'><strong>εἰς</strong></span> <span class='ocrx_word' id='word_1_209' title='bbox 866 3663 1009 3744; x_wconf 73' lang='grc' dir='ltr'><strong><em>ἄγαλμα</em></strong></span> <span class='ocrx_word' id='word_1_210' title='bbox 1027 3666 1163 3747; x_wconf 79' lang='grc' dir='ltr'><strong><em>Ἔρατος</em></strong></span> <span class='ocrx_word' id='word_1_211' title='bbox 1187 3667 1355 3747; x_wconf 80' lang='grc' dir='ltr'><strong><em>δεδεμένου.</em></strong></span> 
     </span>
     <span class='ocr_line' id='line_1_33' title="bbox 213 3770 424 3858; baseline -0.009 -21"><span class='ocrx_word' id='word_1_212' title='bbox 213 3772 323 3858; x_wconf 81' lang='lat' dir='ltr'><strong>Epigr.</strong></span> <span class='ocrx_word' id='word_1_213' title='bbox 349 3770 424 3836; x_wconf 79' lang='lat'><strong>540.</strong></span> 
     </span>
     <span class='ocr_line' id='line_1_34' title="bbox 303 3874 1243 3957; baseline 0 -15"><span class='ocrx_word' id='word_1_214' title='bbox 303 3878 358 3951; x_wconf 79' lang='grc' dir='ltr'><strong>Μή</strong></span> <span class='ocrx_word' id='word_1_215' title='bbox 382 3875 487 3957; x_wconf 82' lang='grc' dir='ltr'><strong><em>ταχὺς</em></strong></span> <span class='ocrx_word' id='word_1_216' title='bbox 510 3875 712 3955; x_wconf 77' lang='grc' dir='ltr'><strong><em>Ἡρακλείτου</em></strong></span> <span class='ocrx_word' id='word_1_217' title='bbox 735 3875 786 3940; x_wconf 74' lang='grc' dir='ltr'><strong>ἐπ’</strong></span> <span class='ocrx_word' id='word_1_218' title='bbox 809 3874 956 3957; x_wconf 78' lang='grc' dir='ltr'><strong><em>ὀμφαλόν</em></strong></span> <span class='ocrx_word' id='word_1_219' title='bbox 980 3874 1059 3942; x_wconf 88' lang='grc' dir='ltr'><strong><em>είλεε</em></strong></span> <span class='ocrx_word' id='word_1_220' title='bbox 1082 3876 1199 3957; x_wconf 82' lang='grc' dir='ltr'><strong><em>βίβλον</em></strong></span> <span class='ocrx_word' id='word_1_221' title='bbox 1238 3874 1243 3879; x_wconf 68' lang='grc'>’</span> 
     </span>
     <span class='ocr_line' id='line_1_35' title="bbox 348 3980 1105 4063; baseline 0.004 -17"><span class='ocrx_word' id='word_1_222' title='bbox 348 3981 529 4063; x_wconf 80' lang='grc' dir='ltr'><strong><em>τούφεσίου·</em></strong></span> <span class='ocrx_word' id='word_1_223' title='bbox 554 3982 648 4058; x_wconf 86' lang='grc' dir='ltr'><strong><em>μιίλα</em></strong></span> <span class='ocrx_word' id='word_1_224' title='bbox 671 4004 715 4046; x_wconf 91' lang='grc' dir='ltr'><strong>τοι</strong></span> <span class='ocrx_word' id='word_1_225' title='bbox 739 3980 896 4058; x_wconf 80' lang='grc' dir='ltr'><strong><em>δύσβατος</em></strong></span> <span class='ocrx_word' id='word_1_226' title='bbox 920 3981 1105 4062; x_wconf 80' lang='grc' dir='ltr'><strong><em>ιίτραιτιτός.</em></strong></span> 
     </span>
     <span class='ocr_line' id='line_1_36' title="bbox 300 4083 1242 4168; baseline 0.003 -18"><span class='ocrx_word' id='word_1_227' title='bbox 300 4088 425 4168; x_wconf 78' lang='grc' dir='ltr'><strong><em>’Όρφνρ</em></strong></span> <span class='ocrx_word' id='word_1_228' title='bbox 448 4085 500 4151; x_wconf 78' lang='grc' dir='ltr'><strong>καί</strong></span> <span class='ocrx_word' id='word_1_229' title='bbox 525 4083 629 4158; x_wconf 78' lang='grc' dir='ltr'><strong><em>σκότος</em></strong></span> <span class='ocrx_word' id='word_1_230' title='bbox 655 4085 716 4153; x_wconf 71' lang='lat' dir='ltr'><strong>isin</strong></span> <span class='ocrx_word' id='word_1_231' title='bbox 738 4085 944 4164; x_wconf 77' lang='grc' dir='ltr'><strong><em>τίλιίμπετον,</em></strong></span> <span class='ocrx_word' id='word_1_232' title='bbox 971 4086 1004 4160; x_wconf 89' lang='grc' dir='ltr'><strong>ήν</strong></span> <span class='ocrx_word' id='word_1_233' title='bbox 1028 4086 1060 4151; x_wconf 74' lang='grc' dir='ltr'><strong>δέ</strong></span> <span class='ocrx_word' id='word_1_234' title='bbox 1084 4110 1119 4151; x_wconf 83' lang='grc' dir='ltr'><strong>τε</strong></span> <span class='ocrx_word' id='word_1_235' title='bbox 1141 4086 1242 4166; x_wconf 79' lang='grc' dir='ltr'><strong><em>μόςής</em></strong></span> 
     </span>
     <span class='ocr_line' id='line_1_37' title="bbox 350 4189 1076 4273; baseline 0.001 -18"><span class='ocrx_word' id='word_1_236' title='bbox 350 4189 529 4273; x_wconf 59' lang='lat' dir='ltr'><strong>sisaram,</strong></span> <span class='ocrx_word' id='word_1_237' title='bbox 554 4195 729 4271; x_wconf 80' lang='grc' dir='ltr'><strong><em>Φανεροῦ</em></strong></span> <span class='ocrx_word' id='word_1_238' title='bbox 753 4189 942 4272; x_wconf 78' lang='grc' dir='ltr'><strong><em>λαμπρότερ’</em></strong></span> <span class='ocrx_word' id='word_1_239' title='bbox 964 4191 1076 4265; x_wconf 87' lang='grc' dir='ltr'><strong><em>ήελίου.</em></strong></span> 
     </span>
     <span class='ocr_line' id='line_1_38' title="bbox 168 4295 1357 4384; baseline 0.003 -22"><span class='ocrx_word' id='word_1_240' title='bbox 168 4295 277 4362; x_wconf 88' lang='lat' dir='ltr'><strong>Huius</strong></span> <span class='ocrx_word' id='word_1_241' title='bbox 296 4295 359 4362; x_wconf 86' lang='lat' dir='ltr'><strong>loei</strong></span> <span class='ocrx_word' id='word_1_242' title='bbox 381 4317 444 4362; x_wconf 90' lang='lat' dir='ltr'><strong>non</strong></span> <span class='ocrx_word' id='word_1_243' title='bbox 466 4301 513 4360; x_wconf 86' lang='lat' dir='ltr'><strong>est</strong></span> <span class='ocrx_word' id='word_1_244' title='bbox 524 4299 674 4377; x_wconf 84' lang='grc' dir='ltr'><strong><em>Φανεριῦ,</em></strong></span> <span class='ocrx_word' id='word_1_245' title='bbox 698 4298 720 4359; x_wconf 93' lang='lat' dir='ltr'><strong>i.</strong></span> <span class='ocrx_word' id='word_1_246' title='bbox 735 4316 762 4361; x_wconf 88' lang='lat' dir='ltr'><strong>e.</strong></span> <span class='ocrx_word' id='word_1_247' title='bbox 787 4297 901 4379; x_wconf 65' lang='lat' dir='ltr'><strong>uperi,</strong></span> <span class='ocrx_word' id='word_1_248' title='bbox 926 4297 1099 4384; x_wconf 72' lang='lat' dir='ltr'><strong>munifeeii,</strong></span> <span class='ocrx_word' id='word_1_249' title='bbox 1121 4299 1281 4379; x_wconf 66' lang='lat' dir='ltr'><strong>temulenti,</strong></span> <span class='ocrx_word' id='word_1_250' title='bbox 1302 4298 1357 4365; x_wconf 88' lang='lat' dir='ltr'><strong>sed</strong></span> 
     </span>
     <span class='ocr_line' id='line_1_39' title="bbox 170 4401 856 4483; baseline -0.003 -17"><span class='ocrx_word' id='word_1_251' title='bbox 170 4407 317 4483; x_wconf 78' lang='grc' dir='ltr'><strong><em>Φανοῦ,</em></strong></span> <span class='ocrx_word' id='word_1_252' title='bbox 344 4402 366 4466; x_wconf 85' lang='lat' dir='ltr'><strong>i.</strong></span> <span class='ocrx_word' id='word_1_253' title='bbox 392 4422 418 4466; x_wconf 87' lang='lat' dir='ltr'><strong>e.</strong></span> <span class='ocrx_word' id='word_1_254' title='bbox 442 4401 585 4476; x_wconf 68' lang='lat' dir='ltr'><strong>lucustis,</strong></span> <span class='ocrx_word' id='word_1_255' title='bbox 609 4401 802 4482; x_wconf 75' lang='lat' dir='ltr'><strong>splendentis.</strong></span> <span class='ocrx_word' id='word_1_256' title='bbox 852 4402 856 4411; x_wconf 89' lang='lat'><em>&#39;</em></span> 
     </span>
    </p>
   </div>
   <div class='ocr_carea' id='block_1_3' title="bbox 0 0 1641 5012">
    <p class='ocr_par' dir='ltr' id='par_1_10' title="bbox 0 0 1641 5012">
     <span class='ocr_line' id='line_1_40' title="bbox 0 0 1641 5012; baseline 0 0"><span class='ocrx_word' id='word_1_257' title='bbox 0 0 1641 5012; x_wconf 95' lang='lat' dir='ltr'><strong> </strong></span> 
     </span>
    </p>
   </div>
  </div>
 </body>
</html>
