3276 5006
280 337 345 401 140
676 357 719 405 ευ
743 342 899 405 pandorus
922 353 1074 406 cousus.

277 529 311 592 in
341 529 505 615 integrum
537 530 663 593 restitui
694 531 794 614 possit
821 549 895 616 pag.
921 528 997 593 500.
1020 530 1140 609 ο.,περί
1165 530 1272 594 τούτου
1296 526 1371 592 είσῖν
1396 526 1468 599 ἡμῖν

278 634 304 698 οί
327 631 414 710 λίνοι
439 671 482 682 -
506 629 608 699 ὅντινα
631 632 692 715 χρίρ
716 633 824 713 τρίπον
847 632 912 712 ζῆν,
933 633 1056 713 πίτερον
1077 635 1129 715 ἐφ’
1149 626 1179 698 ὃν
1201 645 1251 701 CT
1271 637 1468 712 παρακαλεῖς

280 748 369 803 §Me
393 776 436 788 —
461 740 478 814 οἳ
504 739 553 805 ἐπὶ
586 740 671 806 τόνδε
702 739 753 803 τὸν
779 741 847 817 βίον
871 740 922 804 τὸν
946 741 976 804 ε’ν
1000 740 1191 823 φιλοσοφία.
1214 740 1249 805 id
1273 744 1322 804 est
1344 736 1470 815 πότεροιι

277 849 383 911 τοῦτον
406 846 458 909 τὸν
480 845 607 927 τρίπον,
633 846 686 927 ἐφ’
711 840 742 912 ὃν
765 847 804 910 σὺ
829 853 1025 925 παρακαλεῖς
1048 844 1122 923 ε’μέ,
1146 845 1180 911 id
1203 850 1252 912 est
1275 841 1398 922 τίτερον
1417 842 1470 907 τίν

278 953 308 1023 ἕν
338 954 381 1033 τῷ
412 950 516 1031 λέγειν
547 953 577 1017 ἐν
608 953 649 1033 τῷ
681 952 766 1045 διίμρι
798 951 850 1015 καί
883 952 1097 1017 πολιτεύεσθαι
1124 952 1141 1027 ἦ
1167 989 1220 1017 -.
1244 950 1357 1036 Itaque
1388 950 1468 1013 ’em

277 1056 362 1123 τόνδε
385 1058 437 1123 τίν
467 1056 535 1136 βίον
565 1057 734 1124 manifesto
764 1057 953 1123 mendosum
980 1062 1037 1124 est.
1084 1056 1197 1122 Editor
1220 1058 1323 1144 igitur
1345 1055 1398 1120 ἐπί
1417 1075 1470 1119 ex·

278 1166 403 1249 punxit,
450 1160 512 1230 Sed
534 1164 611 1248 quid
635 1169 683 1229 est
705 1165 814 1227 ’ὈΔΘ
838 1163 852 1227 ί
876 1160 963 1240 βίοςί
1008 1162 1177 1229 Praeterea
1198 1162 1299 1228 altera
1321 1181 1395 1247 pars
1417 1179 1470 1244 cp

277 1270 444 1355 positionis
466 1270 583 1334 amissa
604 1277 661 1335 est.
709 1269 802 1335 Nunc
825 1271 911 1334 enim
935 1271 1041 1335 verbis
1066 1270 1118 1347 ἐφ’
1142 1266 1173 1335 ὃν
1198 1278 1249 1334 CT
1273 1273 1469 1346 παρακαλεῖς

279 1377 380 1440 ἘΜΕ
411 1373 493 1439 nihil
524 1374 700 1460 respondet.
748 1374 833 1455 Quid
868 1374 1013 1442 Socrates
1045 1377 1149 1442 dicere
1179 1375 1324 1440 debuerit
1355 1373 1389 1437 ἐκ
1412 1377 1470 1434 τῶν

279 1477 540 1560 συμφραζομένων
575 1480 717 1567 intelligi
747 1486 779 1545 et
809 1484 945 1567 perspici
976 1488 1097 1568 potest,
1134 1481 1189 1547 sed
1219 1480 1336 1565 quibus
1365 1477 1471 1544 verbis

279 1607 356 1652 usus
386 1588 429 1651 sit
457 1607 496 1652 ex
527 1588 684 1672 scriptura
712 1589 849 1671 pessime
877 1594 1025 1672 corrupta
1047 1588 1236 1674 investigari
1258 1590 1292 1651 et
1313 1584 1386 1651 elici
1407 1603 1470 1648 non

280 1697 394 1778 potest.
441 1690 607 1757 Sententia
630 1692 716 1757 enim
738 1691 924 1758 huiusr'nodi
949 1693 1026 1778 quid
1047 1692 1206 1778 postulat:
1237 1690 1360 1769 πότερον
1385 1688 1469 1763 -d

281 1795 312 1864 ὃν
330 1801 430 1864 ἘΓΩ
452 1796 490 1877 ζῶ
508 1797 577 1875 βίον
596 1796 647 1861 τὸν
668 1798 697 1860 ἐν
716 1799 908 1881 φιλοσοφίᾳ.
929 1797 998 1864 vel:
1023 1798 1146 1879 πίτερον
1159 1798 1232 1872 -ἣ
1248 1798 1300 1872 ἐφ’
1320 1792 1350 1859 ὃν
1370 1796 1468 1859 ἘΓΩ

282 1904 406 1976 πάντας
429 1909 602 1982 παρακαλῶ
626 1903 693 1980 βίον
717 1904 767 1968 τὸν
788 1905 817 1967 ε“ν
838 1903 1029 1988 φιλοσοφίας
1054 1902 1108 1969 Sic
1123 1904 1255 1970 demum
1271 1903 1380 1967 omnia
1399 1906 1471 1985 apte

283 2012 458 2095 composita
487 2013 571 2074 recte
593 2013 625 2073 et
648 2008 756 2074 ordine
785 2009 977 2095 procedunt,
1010 2014 1043 2075 et
1065 2012 1111 2075 sic
1133 2009 1224 2076 salve
1245 2009 1401 2074 sententia
1423 2013 1472 2071 eet

283 2116 338 2182 sed
360 2136 475 2180 manus
496 2113 639 2181 Platonis
662 2115 788 2180 amissa

329 2219 367 2287 ln
388 2242 454 2307 sqq.
484 2222 661 2286 rectissime
689 2219 802 2286 Editor
830 2223 971 2306 reponit:
1003 2222 1029 2286 εί
1052 2222 1169 2287 ε’στΟΝ
1194 2221 1291 2286 rotro
1316 2212 1470 2285 διττὼτὼ

283 2326 344 2406 βίον
367 2347 423 2412 pro
447 2328 471 2390 εί
496 2323 565 2390 dccl
588 2324 685 2389 τούτου
705 2326 770 2390 κτὲ.
926 2320 936 2337 ’

329 2537 366 2603 ln
388 2537 511 2615 verbis,
544 2558 623 2623 quae
645 2538 697 2603 his
718 2540 905 2624 interposita
927 2545 1005 2604 sunt
1024 2561 1098 2627 pag.
1123 2538 1199 2606 500.
1224 2557 1252 2606 o.
1276 2539 1321 2604 τοὶ
1343 2543 1396 2605 τοῦ
1418 2539 1471 2603 αν-

284 2645 348 2727 δρὸς
378 2644 414 2720 tt
445 2648 549 2708 ταῦτα
582 2642 761 2723 προίττοντα
793 2643 928 2721 λέγονταί
959 2654 994 2710 τε
1019 2648 1049 2710 ἒν
1072 2649 1113 2725 τῷ
1136 2646 1221 2725 δήμῳ
1244 2644 1295 2710 καί
1320 2645 1471 2726 ρ’νρτοριιιίιν

283 2751 440 2817 οίσκοῖιντα
463 2750 516 2815 καί
540 2751 775 2829 πολιτευόμενον
801 2759 985 2816 ΤΟΤΤΟΝ
1009 2760 1103 2817 ΤΟΝ
1127 2757 1306 2817 ΤΡΟΠΟΝ
1330 2746 1362 2815 ὃν
1385 2751 1472 2827 ὑμεῖς

283 2861 334 2922 νῦν
368 2856 584 2930 πολιτεύεσθε,
618 2854 796 2922 luculenter
831 2868 960 2942 apparet
993 2878 1055 2943 quo
1089 2856 1220 2924 consilio
1254 2856 1333 2922 haec
1366 2857 1473 2925 omnio

282 2961 376 3029 Plato
398 2963 558 3047 scripserit
581 2967 613 3026 et
636 2983 730 3047 quam
756 2962 886 3029 tandem
908 2963 1061 3043 ,inrupturis
1082 2964 1255 3029 insectetur
1278 2967 1311 3028 et
1332 2960 1473 3027 derideat

283 3069 445 3147 ἐμπειρίαν
467 3066 597 3150 χοίριτίς
619 3090 697 3139 τινος
722 3066 774 3130 καί
800 3066 903 3143 ἡδονῆς
926 3069 1145 3149 οὶπεργασίας,
1171 3074 1204 3134 et
1225 3088 1288 3133 uon
1308 3075 1401 3135 ortem
1419 3066 1473 3132 sed

283 3174 444 3253 ἐμπειρίαν
467 3173 519 3237 καί
543 3173 649 3252 τριβήν
673 3179 803 3239 atvero
825 3176 954 3241 nomine
977 3175 1153 3241 κολακείαν.
1197 3175 1357 3251 „Socrates
1377 3179 1473 3237 ονοίοκι

283 3279 394 3363 (verba
424 3285 499 3363 sunt
529 3278 720 3359 Quintiliani
744 3278 784 3343 II.
812 3278 864 3343 15.
894 3280 921 3364 ᾗ.
947 3278 1016 3361 27.)
1049 3304 1112 3346 ecco
1142 3280 1260 3366 quidem
1292 3297 1376 3354 Ques
1406 3295 1474 3345 uun

283 3403 513 3453 mosmos
534 3385 698 3449 rhetoricen
719 3386 808 3449 ίαίονι
826 3386 963 3468 putauit,
987 3411 1056 3451 κοιιι
1079 3394 1108 3451 et
1130 3386 1207 3450 dicit
1223 3386 1271 3449 so
1289 3384 1387 3448 uerbis
1404 3388 1471 3447 τοῦ·

283 3516 334 3558 τον
362 3492 414 3556 τὸν
445 3488 553 3570 τρίπον
584 3485 615 3555 ὃν
644 3492 730 3568 ὑμεῖς
763 3490 970 3557 πολιτεύεσθε.
1017 3492 1134 3558 Vnum
1155 3498 1253 3557 ααίονι
1275 3497 1304 3555 et
1324 3490 1473 3555 emtam

283 3598 453 3680 imutpici
488 3606 521 3663 et
550 3601 622 3682 post
650 3616 753 3682 pauca
776 3596 793 3681 ξ
818 3593 870 3660 30.
895 3596 930 3660 ιἰι
961 3597 1043 3661 itud
1070 3597 1219 3661 Ιιονινιιιινιι
1244 3618 1354 3677 ροιιαο,
1389 3611 1474 3670 Quot)

283 3721 470 3772 reconrsrr
493 3720 623 3769 mosum
645 3719 734 3767 unns
757 3719 943 3780 orsurus,
966 3703 1099 3768 ιἰιυεσοσε
1117 3710 1169 3768 ιιι.
1206 3700 1363 3790 Gorgiam
1381 3698 1473 3767 Pisto

283 3812 476 3887 contemnit,
508 3806 625 3873 Polum
654 3806 754 3884 ridet,
786 3807 842 3872 sed
871 3810 906 3873 in
937 3805 1070 3875 Callicle
1093 3809 1203 3875 acerbo
1226 3807 1292 3874 sale
1313 3805 1474 3892 perfimdit

283 3917 354 3990 τοὺς
386 3915 458 3982 τότε
490 3913 741 3991 πολιτευομένους
777 3933 879 3997 quum
906 3912 1051 3981 Socrates
1072 3920 1119 3981 est
1142 3916 1251 3999 iniquo
1273 3912 1394 3979 iudicio
1416 3914 1473 3976 cir·

284 4028 473 4090 cumventus
488 4024 522 4086 in
533 4019 591 4085 illa
610 4019 758 4085 effrenata
776 4019 886 4105 populi
905 4019 1053 4098 lieentia,
1067 4041 1163 4106 quam
1183 4017 1370 4085 incredibile
1386 4018 1473 4084 dictu

284 4135 332 4194 est
356 4134 547 4214 quantopere
569 4124 663 4190 Plato
686 4125 796 4190 oderit.
844 4114 955 4210 Itaque
980 4126 1136 4192 Aristides
1159 4125 1198 4191 de
1221 4127 1299 4190 artis
1321 4125 1474 4190 oratoriae

284 4238 398 4300 natura
420 4256 493 4300 cum
514 4231 647 4297 Platone
661 4252 807 4319 pugnans
826 4240 1008 4311 σκιαμαχεῖ
1025 4238 1057 4299 et
1074 4230 1228 4298 Aristidis
1244 4230 1380 4310 ῥητορική
1400 4248 1473 4294 curn

285 4339 451 4405 Platonica
472 4337 554 4403 nihil
577 4337 673 4402 habet
696 4358 865 4402 commune
887 4345 1011 4422 praeter
1033 4358 1158 4403 nomen.
