3330 5012
274 312 338 390 296
676 333 835 379 enarroues
859 333 1053 381 vuarattune.

316 496 366 564 lix
390 496 625 565 nodosisiotitms
658 518 765 566 rernm
797 519 916 586 quaeso
946 509 978 567 et
1004 500 1179 587 genuinam
1211 497 1322 568 elicias
1346 497 1459 567 leotin-

273 621 347 671 nem
373 602 495 669 nodosis
519 603 687 689 stipitibus.

319 710 356 784 2,
384 712 443 787 10,
469 712 501 774 2.
527 708 575 775 tu
599 708 785 777 Africanum
811 711 844 776 in
870 710 1033 777 initernina
1047 709 1122 777 viiia
1134 709 1303 797 degentem
1315 708 1458 796 compiu-

273 833 325 880 res
347 812 544 901 praedonum
577 813 675 881 alueos
699 815 809 884 eodem
831 815 914 883 iorte
937 824 1081 902 tempore
1103 815 1299 883 confluxisse
1324 833 1460 881 narran-

270 926 345 997 tur,
374 937 437 984 non
463 920 547 986 vitae
569 918 640 986 eius
659 917 786 998 hostes,
817 920 873 987 sed
904 920 1035 986 uirtutis
1058 919 1281 1001 admiratores.
1332 919 1392 997 Qui
1413 955 1459 969 -

273 1024 318 1089 ita
343 1024 501 1110 seriptum
526 1034 576 1090 est
599 1062 644 1073 -
664 1035 767 1113 postes
789 1024 922 1091 ianuae,
937 1075 971 1092 ..
992 1027 1144 1104 emerui,
1168 1025 1278 1111 cupide
1300 1018 1461 1110 Seipionis

271 1127 432 1195 dexteram
463 1129 733 1217 adprehenderunt
755 1151 792 1196 ne
814 1129 869 1194 din
892 1128 1024 1196 oseulari
1046 1130 1158 1215 positis
1179 1139 1251 1196 onte
1272 1127 1459 1196 renuentum

270 1232 379 1312 donis,
411 1255 491 1319 qrrae
511 1233 639 1299 deorum
661 1235 876 1301 inmortalium
899 1235 1022 1300 numini
1044 1235 1219 1301 consecrari
1241 1234 1361 1312 soient,
1386 1231 1460 1298 loeti

271 1337 353 1423 quod
377 1337 556 1424 Scipionem
580 1338 697 1405 uidisse
718 1340 895 1427 eontipisset
907 1389 918 1417 ,
942 1339 989 1405 od
1009 1338 1093 1406 lares
1115 1347 1321 1406 reuerterunt.
1398 1390 1402 1397 .

317 1440 497 1510 Praedones
525 1442 691 1532 iliosmon
722 1442 887 1523 adderes,
921 1444 976 1512 sed
1000 1444 1041 1511 ad
1067 1466 1161 1512 nores
1191 1443 1325 1513 rediime
1354 1440 1459 1511 aredi·

273 1545 389 1615 derim.
712 1542 718 1555 '

316 1657 355 1731 2,
383 1658 440 1732 tu,
464 1657 495 1721 6.
519 1652 636 1721 Missus
658 1654 700 1721 od
722 1676 802 1741 eum·
820 1656 855 1745 [i.
880 1676 908 1723 e.
933 1655 1089 1742 Marium]
1107 1653 1307 1723 occidendum
1395 1672 1457 1718 rer·

270 1780 328 1824 vus
345 1757 557 1846 publicus...
582 1768 614 1825 et
635 1780 738 1826 senem
759 1774 788 1827 et
808 1762 959 1828 inermem
984 1771 1013 1827 et
1037 1760 1183 1848 squalore
1208 1760 1341 1827 obsitum
1367 1756 1458 1822 strie-

271 1873 338 1929 tum
371 1862 517 1950 gladium
550 1874 656 1929 tenens
693 1864 825 1952 adgredi
857 1887 918 1933 non
953 1866 1123 1944 mensuit,
1159 1874 1189 1931 et
1222 1862 1365 1930 sturitate
1397 1856 1465 1925 oiri

271 1969 450 2035 obcaecatus
472 1967 589 2034 abieoto
611 1973 698 2054 ferro
720 1970 867 2035 attonitus
890 1969 961 2037 inde
983 1992 1021 2037 aa
1043 1978 1178 2037 tremens
1200 1968 1298 2057 sapit.

317 2069 438 2138 Servus
469 2070 521 2138 ilie
554 2091 618 2139 non
649 2071 757 2140 hercle
787 2074 936 2142 claritate
963 2075 1025 2142 viri
1067 2073 1258 2142 obcaecatus
1289 2079 1357 2148 est,
1393 2070 1459 2135 imo

274 2195 349 2242 vero
373 2174 521 2243 claritate
544 2196 570 2241 s.
592 2174 717 2263 irrigare
737 2178 905 2246 naulorum
928 2178 1072 2248 eimdem
1095 2179 1169 2245 riri.
1203 2176 1249 2244 ct.
1275 2175 1359 2242 rtur.
1379 2174 1458 2239 ilar.

273 2285 337 2348 59:
368 2280 501 2360 λέγεται
532 2281 576 2348 τὰ
605 2283 663 2361 μὲν
685 2281 820 2362 iuuare
840 2289 895 2351 τοῦ
918 2283 1038 2366 aniou
1061 2281 1174 2367 Φλὸγτ
1197 2281 1316 2356 πολλὴν
1338 2276 1459 2357 ἐκβάλ-

272 2402 367 2451 λοντα
390 2389 432 2468 τῷ
453 2387 631 2470 στρατιώτῃ·
643 2393 790 2471 (parium.
825 2386 1039 2470 Quamobrem
1060 2390 1186 2472 corrige
1205 2383 1299 2453 sudes
1317 2383 1459 2451 claritate

272 2492 359 2557 visus
382 2489 571 2558 oieaeeatus.
619 2490 666 2559 Gi.
692 2491 758 2558 Cio.
785 2491 870 2579 apud
895 2492 976 2559 run.
999 2492 1037 2559 N.
1063 2492 1100 2559 li.
1128 2497 1167 2572 7,
1193 2496 1231 2571 2,
1256 2494 1292 2556 2:
1316 2508 1382 2555 esse
1401 2486 1459 2553 iro·

274 2597 389 2672 niues,
421 2594 477 2683 qui
506 2596 575 2660 uisu
604 2596 805 2684 effnseinent,
837 2597 1078 2685 interimuntque
1108 2618 1185 2684 quos
1212 2594 1331 2661 dissum
1359 2593 1459 2658 intue-

271 2711 377 2768 antur.

319 2811 359 2884 3,
397 2811 437 2882 a.
475 2811 502 2871 1.
547 2805 719 2892 Postquam
756 2804 909 2873 nonnulla
944 2813 1095 2873 enarrata
1129 2813 1207 2873 nunt
1237 2804 1279 2871 de
1310 2802 1459 2890 Scipione

274 2910 452 2997 superioris
484 2907 629 2976 Airieani
658 2909 741 2989 utin,
774 2911 830 2998 qui
852 2931 871 2977 a
896 2911 997 2999 patris
1020 2911 1140 2977 virtute
1163 2907 1337 2977 admodum
1361 2906 1459 2993 deges

273 3023 429 3091 neraseet,
453 3012 532 3081 haee
555 3013 736 3082 adduntur:
759 3016 806 3082 dii
829 3015 919 3093 boni,
942 3037 1021 3102 quos
1043 3014 1185 3082 tenebras
1207 3034 1303 3103 equo
1321 3012 1459 3102 sutrina

274 3120 363 3187 nasei
381 3119 470 3205 possi
492 3119 588 3185 estis!

320 3228 355 3289 In
379 3222 431 3289 his
453 3223 590 3313 [uimine
611 3224 762 3292 vitiosum
787 3244 857 3293 esse
881 3222 1044 3293 affirmare
1066 3245 1131 3292 uon
1153 3224 1277 3292 dubito.
1326 3223 1460 3290 Rectam

275 3328 430 3394 nimirum
456 3328 588 3399 habebis
609 3331 883 3417 comparationem
907 3329 1100 3417 corrigendo
1122 3329 1250 3397 lumine.

320 3439 361 3513 3,
387 3439 427 3511 8,
456 3433 494 3500 Ε.
519 3439 550 3501 5.
586 3433 736 3502 Universa
766 3436 874 3503 ciuitas
904 3434 1160 3513 Atheniensium,
1192 3433 1390 3522 iniquissimo
1420 3455 1461 3499 oe
1511 3523 1514 3528 Ι

274 3540 536 3608 tremuieratissimo
558 3560 664 3606 errore
686 3540 849 3617 instincta,
872 3539 911 3607 ote
933 3540 1034 3629 eapite
1054 3541 1160 3608 dorem
1180 3549 1383 3627 praetorum,
1406 3538 1461 3625 qui

274 3646 358 3733 apud
381 3645 572 3732 Arpinumne
590 3642 869 3712 Lacedaemoniam
889 3645 1020 3712 nmen
1040 3645 1235 3723 deleverant,
1258 3645 1380 3711 tristem
1392 3664 1461 3710 sen·

278 3750 405 3818 tentiam
427 3749 551 3816 tulerat.

321 3854 442 3922 Errare
464 3855 611 3921 instincto
634 3874 712 3921 num
737 3864 825 3924 reete
844 3854 909 3922 dici
930 3856 1030 3944 possit
1047 3853 1253 3923 vehementer
1269 3853 1461 3921 addubitare

277 3959 390 4028 auden.
437 3958 522 4026 Sana
553 3957 649 4027 lectio
680 3958 766 4028 haud
797 3962 864 4027 scio
893 3980 934 4027 an
965 3961 1158 4028 restituatur
1186 3964 1296 4049 surore
1315 3959 1461 4025 instincta

279 4064 447 4134 scribendo
477 4063 548 4132 ooli.
580 4066 718 4152 quaein
749 4065 811 4133 tine
840 4064 1012 4152 teguntur:
1046 4087 1101 4134 nee
1124 4066 1227 4132 timuit
1259 4065 1400 4132 Socrates
1422 4084 1462 4129 oe

279 4180 487 4237 consternatae
507 4170 630 4255 patriae
652 4170 834 4237 undecimus
855 4176 948 4258 [uror
970 4193 1054 4238 more
1076 4171 1176 4259 ipsius
1194 4171 1351 4238 existeret.
1385 4169 1461 4237 Ete-

281 4276 347 4340 nim
371 4275 535 4340 instinetus
559 4275 781 4342 tantummodo
805 4277 957 4364 coniungi
979 4275 1152 4344 solatrum
1172 4277 1213 4343 iis
1233 4274 1356 4354 veritis,
1378 4295 1462 4363 quae

281 4380 381 4449 animi
426 4392 548 4449 trintum
593 4381 862 4450 vehementiorem
906 4382 1102 4470 significant.
1163 4380 1377 4464 Quamobrem
1412 4381 1461 4447 ira
1576 4432 1582 4439 .
