3340 5014
268 329 331 393 180
437 400 440 403 ,
730 346 767 390 ro
791 346 990 392 rsocrorosrr.

266 527 320 585 cot
351 515 435 583 mole
469 523 609 604 cereolos
639 514 857 602 conspicerent.
905 512 1127 595 Quamobrem
1151 512 1248 581 verba
1280 534 1394 583 manca
1426 526 1460 584 ct

266 624 381 692 leviter
411 623 585 714 depravata
614 620 660 687 sic
689 621 906 712 suppleverim
927 631 959 688 et
979 620 1194 699 correxerim,
1217 629 1254 687 ut
1278 621 1457 691 scribetur:

267 729 286 799 ό
310 758 346 799 τε
379 730 479 815 φόβος
511 727 545 806 ἦν
578 729 650 811 ὑπὲρ
681 733 734 794 τοῦ
763 729 930 807 μέλλοντος
955 727 1047 795 οὐδενί
1072 728 1171 800 ἐοικὼς
1199 727 1266 792 καί
1294 725 1394 813 (ἅμα
1416 732 1457 798 τό

266 835 445 925 όάρσος),
465 833 568 901 διότι
592 835 756 913 άνῶμαλον
779 835 832 900 καί
856 836 911 911 την
934 835 1045 918 ἔποψιν
1068 840 1123 908 τῆς
1143 833 1327 915 ναυμαχίας
1347 836 1381 901 ἐκ
1401 842 1457 910 τῆς

266 952 327 1024 γῆς
351 940 560 1023 ἠναγκάζοντο
585 939 679 1022 ἔχειν.
728 938 873 1007 Aliorum
900 940 1096 1022 tentamina,
1122 958 1260 1028 quorum
1285 939 1365 1006 mihi
1387 943 1457 1028 qui·

266 1048 340 1116 dem
367 1047 447 1114 nihii
471 1045 648 1124 satisfacit,
673 1055 817 1112 recenset
842 1044 881 1111 orl
907 1044 937 1111 h.
962 1047 982 1113 Ι.
1009 1049 1188 1135 iirtrgerus.

312 1154 398 1221 Haec
422 1153 520 1220 habui
544 1150 726 1219 adnotanda
753 1150 792 1218 ad
817 1152 1033 1231 Toocrmorrr,
1061 1156 1115 1221 coi
1149 1165 1255 1224 temen
1280 1151 1459 1222 valedicere

268 1281 333 1327 non
358 1276 510 1348 possum,
535 1259 597 1324 nisi
623 1272 694 1345 post
716 1256 922 1324 emcndatom
948 1257 1035 1325 iliius
1058 1257 1458 1348 opespiendiciornlocunr

270 1367 411 1444 Pocrrrr,
454 1367 510 1452 qui
541 1364 661 1450 legitur
691 1364 705 1430 1
739 1368 780 1430 58
824 1361 893 1453 §7
926 1384 997 1451 sqq.
1033 1366 1079 1432 sic
1113 1367 1275 1452 scriptos:
1312 1365 1367 1431 Τά
1400 1365 1459 1444 μὲν

268 1471 318 1539 οὖν
362 1472 429 1554 περὶ
461 1473 512 1538 τόν
532 1474 654 1553 Ἔρυκα
677 1470 731 1536 καί
754 1467 934 1552 τάςπεζάς
958 1470 1101 1552 δυνάμεις
1123 1472 1267 1548 τοιούτοιν
1290 1469 1368 1552 ἔσχε
1389 1472 1459 1539 διά·

266 1581 368 1646 όεσιν.
401 1577 444 1644 τά
468 1577 499 1643 δὲ
522 1575 743 1656 πολιτεύματα
768 1572 802 1651 ἦν
827 1576 1011 1658 άμφοτέρων
1036 1578 1246 1661 παραπλήσια
1270 1584 1334 1649 τοῖς
1355 1583 1459 1660 pozo·

269 1688 410 1767 μαχοῶσι
436 1689 494 1751 τῶν
520 1684 649 1763 εὐγενῶν
673 1682 803 1765 όρνίόων.
829 1682 935 1748 ἐκεῖνοί
954 1706 991 1749 τε
1009 1684 1072 1765 γάρ
1090 1682 1244 1759 πολλάκις
1262 1683 1460 1751 άπολωλεκό-

270 1816 322 1866 τες
345 1790 405 1865 τάς
427 1788 588 1872 πτέρυγας
613 1789 663 1856 διά
686 1789 742 1863 τὴν
764 1788 959 1867 άδυναμίαν,
985 1790 1066 1872 αὐτῇ
1092 1789 1122 1855 δὲ
1143 1799 1182 1873 τῇ
1206 1797 1297 1873 ψυχῇ
1317 1788 1458 1868 μένοντες

267 1895 527 1975 ἐκβάλλουσι
551 1895 611 1967 τάς
625 1894 771 1973 πληγάς,
796 1891 851 1967 ἕως
874 1893 913 1960 ῶν
934 1893 1120 1974 αὐτομάτως
1146 1896 1221 1962 ποτὲ
1244 1894 1458 1976 περιπεσόντες

267 2004 370 2078 αὐτοῖς
396 2001 448 2067 καί
472 2000 578 2085 ρριδίως
608 2000 753 2076 άλλάλων
779 1998 1017 2080 διαδράξωνται,
1041 1999 1180 2068 κάπειτα
1203 2001 1311 2069 τούτου
1329 1999 1457 2080 γενομὲ·

267 2134 315 2176 νου
337 2106 446 2190 συμβῇ
471 2105 523 2172 τόν
546 2103 645 2187 ἕτερον
668 2106 769 2171 αὐτῶν
791 2113 963 2188 προπεσεῖν.
987 2105 1033 2173 Ne
1048 2107 1170 2173 multa:
1192 2127 1341 2194 compara
1355 2104 1457 2172 Thuc.

268 2214 299 2282 li
336 2218 400 2293 ol,
425 2219 459 2279 et
483 2209 605 2278 videbis
631 2211 663 2273 in
685 2209 826 2276 absurdo
847 2221 1120 2278 eKBAAAOTcl
1149 2211 1282 2281 latuisse
1309 2209 1347 2277 ad
1373 2210 1459 2277 hooc

270 2339 373 2407 usquc
404 2317 489 2383 diem
526 2306 794 2395 exprimeret,
827 2319 846 2383 i.
878 2338 906 2384 c.
939 2315 1195 2398 ἐκκάμνουσι
1227 2318 1287 2394 τάς
1318 2317 1459 2398 πληγάς.

270 2425 373 2507 Quam
405 2421 661 2490 emendationem
694 2422 882 2510 planissime
914 2422 1109 2491 confirment
1138 2444 1222 2512 quae
1252 2423 1349 2491 verba
1373 2423 1459 2511 apud

269 2529 436 2620 Polybium
459 2536 660 2616 sequuntur:
683 2525 713 2595 οί
731 2554 766 2594 τε
790 2532 933 2609 Ῥωμαῖοι
957 2531 1010 2597 καί
1031 2530 1230 2614 Καρχηδόνιοι
1249 2528 1461 2608 κάμνοντες

270 2638 324 2717 ἤδη
344 2644 408 2709 τοῖς
429 2634 528 2709 πόνοις
540 2634 591 2701 διά
604 2636 659 2711 την
671 2635 836 2719 συνέχειαν
847 2638 905 2702 τῶν
919 2635 1058 2702 κινδύνων
1070 2637 1113 2710 είς
1125 2637 1213 2711 τέλος
1232 2636 1459 2715 άπιὶλγουν.

315 2741 433 2808 Maiore
465 2739 650 2828 corruptela
686 2739 770 2807 idem
807 2739 930 2807 laborat
967 2741 1068 2809 XXXI
1104 2746 1142 2808 13
1177 2744 1244 2827 §iz
1270 2742 1374 2819 ἐπειδη
1398 2741 1461 2825 γάρ

270 2850 325 2915 οὐκ
345 2847 530 2925 ἠδυνήθησαν
548 2848 574 2913 οἱ
595 2847 728 2928 Τροκμοί
750 2846 786 2912 δι’
806 2848 906 2914 αὐτῶν
926 2846 1138 2926 άποτεμέοόαι
1158 2849 1213 2923 της
1232 2847 1461 2922 Καππαδοκίας

271 2953 370 3032 οὐδὲν,
403 2953 478 3018 άλλ“
511 2953 553 3018 ἐκ
581 2954 720 3036 χειρός
744 2952 1056 3037 ᾠκοδομήσαντο
1078 2956 1148 3029 την
1172 2952 1288 3030 δόκην
1311 2952 1462 3031 ἒπιβαλό·

270 3082 354 3141 μενοι
379 3056 559 3138 τόλμαν,
580 3057 822 3142 καταφυγόντες
843 3059 892 3125 ε’πί
913 3061 1081 3140 Ῥωμαίους
1100 3057 1287 3138 διαβάλλειν
1306 3059 1463 3140 ἐπειρῶντο

271 3167 323 3232 τόν
347 3162 542 3247 Ἀριαράθην.
592 3163 798 3231 confidenter
821 3165 990 3232 iirovroros
1004 3159 1045 3232 ¹in
1069 3163 1269 3231 Αιίνονοοτιϊε
1289 3182 1392 3250 nuper
1416 3183 1462 3228 re·
1558 3162 1563 3173 “

274 3269 456 3359 ponendum
478 3290 547 3336 esse
573 3270 753 3337 contendit:
786 3272 876 3338 ἀλλ’
905 3271 1145 3352 ἐκεχειρίαν
1168 3267 1464 3353 ὡρκωμότησαν

270 3376 352 3446 τότ’
373 3374 640 3451 άδικωτάτην
663 3376 897 3457 ἐπιβαλόμενοι.
938 3378 979 3443 tt
1004 3375 1165 3442 vocabulis
1187 3376 1222 3442 ἐκ
1238 3375 1359 3459 χειρός,
1381 3394 1465 3463 quae

273 3503 367 3572 saepe
392 3480 477 3570 apud
502 3480 588 3547 hunc
614 3483 805 3568 scriptorem
827 3482 1012 3568 significent
1031 3482 1135 3559 illico,
1162 3480 1243 3547 nihil
1266 3490 1316 3548 est
1335 3481 1464 3560 senius,

274 3599 305 3658 et
328 3588 415 3666 δόκην
438 3588 600 3655 levissime
620 3597 811 3674 corruptum
832 3607 901 3653 esse
921 3607 958 3653 ex
981 3586 1065 3662 δίκην
1085 3586 1149 3652 noli
1163 3585 1321 3653 dubitare.
1345 3587 1467 3673 Nempe

275 3697 345 3783 ipsa
377 3693 524 3760 historici
558 3713 673 3779 manus
707 3693 804 3765 haece
834 3701 899 3760 est:
932 3693 1008 3759 άλλ’
1028 3694 1063 3758 ἐκ
1086 3693 1187 3774 χειρός
1213 3692 1467 3773 ἐκομίσαντο

277 3802 312 3890 (i.
345 3821 373 3867 e.
408 3798 527 3888 ἔδοσαν)
559 3801 629 3875 την
661 3799 792 3876 δίκην,
824 3797 1045 3880 ἐπιβαλόμενοι
1077 3801 1256 3878 τολμῶν,
1287 3807 1323 3866 ut
1351 3798 1467 3865 scribit

277 3905 393 3973 XXXV
430 3910 449 3971 2
497 3908 515 3991 §
544 3911 561 3972 7
600 3904 829 3979 ὑποδεικνύντες
859 3907 898 3977 ῶς
927 3942 973 3954 -
1003 3904 1184 3988 παραυτίκα
1214 3906 1290 3984 μὲν,
1332 3905 1466 3970 ἐπανελ-

279 4010 387 4080 όόνποιν
417 4018 476 4078 τῶν
504 4014 680 4092 Ῥωμαϊκῶν
711 4009 903 4095 ςρατοπάδων
934 4012 968 4077 ἐκ
996 4018 1052 4087 πῶς
1085 4011 1240 4095 Ἰβηρίας,
1265 4013 1280 4078 ό
1287 4037 1306 4078 κ
1328 4010 1466 4095 χειρός

278 4117 517 4195 ίπιόιὶσουσι
546 4120 616 4195 τὴν
646 4119 760 4195 δίκην
791 4120 916 4198 αὐτοῖς,
948 4119 988 4191 ῶς
1020 4118 1179 4201 προδόταις
1202 4118 1367 4200 γεγονόσι,
1399 4117 1465 4183 xri.

325 4222 427 4290 δοκοί).
457 4222 543 4289 Trai.
567 4225 608 4290 od
632 4224 692 4291 itt.

281 4351 324 4397 ιιι.
349 4328 433 4396 Moio
455 4352 484 4394 o.
510 4350 733 4397 crorocccrxxrr.
968 4329 1007 4399 H.
1034 4331 1117 4401 VAN
1141 4327 1422 4400 HERWERDEN.

311 4462 377 4516 Dete
393 4461 492 4530 scripto
504 4480 534 4530 p.
554 4467 668 4523 17³‚oc
687 4468 761 4513 4-9.
814 4477 838 4513 r.
857 4463 894 4514 H.
949 4512 953 4519 ,
