3276 5006
300 299 364 364 106
661 319 707 399 aa
731 316 865 369 aronam
888 316 1111 368 unoamaomu.

343 486 482 557 Mirifice
509 487 615 559 multa
640 488 679 555 da
700 486 828 573 populis
849 485 1008 572 plerisque
1030 489 1179 553 omnibus
1202 486 1356 555 inauditis
1378 491 1412 555 et
1434 508 1486 554 ne·
1521 481 1530 498 ⁰

297 597 380 663 mini
402 594 538 681 cognitio
559 596 664 659 neaoio
686 592 770 658 unde
790 591 922 678 collegit
941 591 1092 658 Nicolaua
1109 594 1216 659 nescio
1234 595 1307 677 quia
1324 595 1359 659 in
1376 593 1485 661 libello

298 698 366 780 περι
390 698 480 776 οισι,
504 680 628 783 eiquo
649 697 755 763 mue
776 697 941 781 aeeapsa
962 695 1116 763 aalma
1140 696 1201 775 44,
1226 695 1280 761 41.
1326 697 1487 765 monnau

298 826 337 870 ex
359 805 401 867 iia
423 822 503 886 quae
525 804 565 869 de
584 802 907 869 Lacedaemoniorum
923 803 1068 868 moribus
1084 802 1168 887 apud
1184 822 1260 867 eum
1275 804 1393 888 acripta
1412 812 1488 868 eunt

297 904 407 994 paullo
425 906 641 972 emendatiora
663 927 828 992 apponam.
852 927 925 994 pag.
952 903 1035 985 188,
1068 905 1122 972 23.
1147 906 1277 988 αἰσχρὸν
1299 907 1331 973 δέ
1354 907 1401 978 ies
1424 907 1486 972 δει·

298 1019 388 1079 λΩΝ
412 1010 557 1083 σύσκηνον
580 1013 598 1088 ἢ
622 1012 849 1090 cccccccccc
871 1012 889 1087 ἢ
912 1012 1004 1093 φίλον
1027 1012 1191 1090 γενέσθαι,
1220 1018 1254 1078 et
1275 1015 1432 1078 sententia
1452 1021 1488 1079 et

298 1117 425 1185 dicendi
451 1136 529 1181 uaua
558 1116 692 1182 suadent
713 1122 751 1181 ut
771 1116 889 1182 δειλΩΙ
913 1115 1050 1203 legatur.
1098 1115 1189 1197 Quod
1211 1120 1361 1184 contiuuo
1384 1121 1487 1203 aequi·

298 1232 369 1290 tur:
397 1223 492 1302 κρίσις
515 1220 548 1286 δὲ
570 1229 643 1294 σαῖς
664 1221 834 1301 γερονσῖαισ
858 1221 908 1286 ἐπὶ
933 1223 976 1301 rei
999 1221 1131 1301 τέρματι
1154 1228 1208 1288 σοῶ
1232 1222 1302 1301 βίον
1325 1226 1486 1289 lIPOCre'-

299 1331 385 1395 darae
408 1333 472 1413 ζοῖς
495 1350 532 1391 σε
554 1320 589 1391 εὖ
612 1328 629 1403 ἢ
655 1332 756 1399 κακῶς
779 1325 926 1408 ζήσασιν,
957 1346 1021 1392 non
1043 1327 1135 1393 credo
1158 1328 1324 1394 commode
1346 1327 1488 1415 intelligi

299 1453 400 1521 pocae.
425 1431 608 1513 ἡνιρονσῖα
631 1452 712 1516 quae
733 1434 777 1497 ait
797 1433 965 1509 novimus,
990 1433 1007 1505 ἡ
1029 1434 1171 1512 γερσνσῖα
1193 1438 1227 1498 et
1247 1434 1433 1518 praesertim
1451 1435 1486 1499 αῖ

299 1536 453 1620 reportas
483 1536 561 1622 quid
590 1539 633 1602 ait
662 1539 733 1622 quie
765 1534 870 1602 dicati
904 1542 937 1601 et
959 1540 1115 1622 appositio
1137 1546 1208 1609 ταῖς
1232 1538 1400 1617 νερονσῖαις
1423 1545 1489 1611 τοῖς

300 1637 335 1710 εὖ
358 1642 376 1721 ἢ
400 1648 501 1714 κακῶς
536 1641 665 1724 ζήσασιν
693 1648 792 1730 auget
819 1641 992 1707 molestiae.
1039 1641 1111 1708 Hoc
1138 1663 1242 1708 unum
1270 1642 1365 1710 rideo
1394 1642 1489 1722 ιιιῖσις

299 1746 505 1817 necatam
529 1747 695 1813 hominem
717 1748 893 1832 ecripeiaae,
917 1767 993 1812 uam
1012 1749 1057 1813 aio
1074 1768 1183 1813 omncs
1199 1750 1234 1812 in
1250 1767 1287 1813 ea
1304 1768 1338 1813 re
1356 1747 1490 1832 loquun-

300 1862 364 1923 tur.
411 1852 534 1920 Iterum
566 1851 679 1919 haereo
713 1853 748 1916 in
783 1853 876 1930 κρίσις
910 1851 1084 1932 προτίθεσαι
1120 1851 1170 1917 ἐπὶ
1200 1853 1242 1932 τῷ
1264 1850 1405 1933 ’τέρμασι
1434 1855 1490 1919 τοῦ

299 1958 389 2041 βίον,
413 1957 452 2024 de
481 1957 665 2023 οιιοιῖῖοοιῶιὲν
695 1958 782 2023 enim
812 1954 970 2022 iudicium
998 1958 1126 2025 institui
1151 1979 1215 2025 non
1236 1961 1315 2043 puto
1337 1958 1488 2042 potuinee.

300 2060 471 2132 Caeterum
501 2060 567 2127 vile
597 2061 752 2127 damnum
781 2066 830 2127 eat
858 2059 959 2127 talem
980 2065 1096 2128 testem
1117 2082 1181 2129 non
1202 2060 1402 2149 intelligere,
1433 2064 1491 2146 qui

301 2169 383 2234 aerio
411 2171 537 2232 narret:
565 2173 637 2239 σαῖς
669 2164 700 2231 dd
733 2165 848 2231 έανσῶν
878 2163 1002 2245 γυναιξὶ
1034 2175 1432 2233 ΠΑΡΛΚΕΛΕΤΟΝΤΑΙ
1453 2167 1491 2232 lx

301 2272 362 2341 τῶν
393 2269 593 2338 accrescente
624 2270 748 2335 κύεσῶαι
777 2268 831 2335 καὶ
853 2271 935 2339 οὶςῶν
958 2270 1010 2336 καὶ
1033 2268 1134 2348 ξένων.
1180 2271 1283 2338 Multi
1305 2277 1381 2337 sunt
1402 2291 1491 2357 prae·

301 2377 415 2445 sertim
436 2378 470 2441 in
494 2372 663 2441 Gallorum
686 2373 803 2441 fabulis
826 2375 928 2439 σονιῖσῖ
948 2376 1037 2440 atctti
1054 2375 1175 2453 mariti,
1200 2375 1255 2441 aed
1273 2375 1351 2460 quid
1368 2375 1404 2441 hi
1423 2394 1490 2441 om-

301 2502 358 2549 nen
388 2480 429 2548 ad
456 2480 583 2547 Nicolai
613 2477 898 2549 Lacedaemonios?
942 2481 1088 2548 Fortaaee
1117 2486 1225 2546 tamen
1253 2480 1331 2546 haec
1360 2480 1492 2565 perinde

298 2606 376 2656 vera
397 2591 472 2652 aunt
496 2592 591 2670 atque
613 2605 650 2650 ea
672 2605 752 2670 quae
774 2588 892 2670 scripta
913 2591 988 2651 aunt
1009 2588 1044 2651 in
1066 2587 1239 2671 proximis:
1263 2584 1435 2664 νομίσμασι
1458 2583 1492 2648 δὲ

297 2698 433 2775 χρῶνται
468 2692 614 2772 σιινσίνῳ·
646 2690 700 2755 εὀὶν
733 2689 765 2754 δὲ
789 2690 875 2771 σαροῖ
897 2714 954 2756 σινι
978 2690 1079 2773 εὑρεθῇ
1101 2693 1217 2772 χρυσὸς
1241 2689 1258 2766 ἢ
1282 2689 1412 2771 ἄργυρος
1435 2690 1491 2754 θοι·

299 2794 381 2880 vairp
404 2795 582 2878 ζημιοῦται,
617 2795 747 2861 sortasse
770 2796 810 2861 ob
833 2793 1026 2873 stultitiam,
1050 2795 1135 2880 quod
1156 2816 1226 2860 rem
1249 2815 1377 2880 promus
1394 2795 1491 2859 inuti-

298 2902 365 2969 lem
395 2901 484 2966 domi
513 2900 629 2966 habere
651 2900 815 2967 voluisset.
861 2899 908 2965 Eo
930 2898 1117 2967 stoliditatis
1141 2906 1173 2968 et
1196 2903 1335 2986 stuporis
1357 2897 1491 2967 Graecia

298 3006 411 3076 effoeta
432 3011 466 3072 et
488 3005 647 3091 decrepita
669 3004 797 3091 delapsa
819 3001 885 3076 eati

344 3214 382 3283 ln
404 3213 514 3281 Floril.
540 3212 605 3291 45,
632 3212 672 3279 11
697 3218 745 3279 eat
767 3211 931 3300 Sophoclis
953 3213 1171 3301 fragmentum

436 3324 558 3385 πολλῶν
580 3323 683 3384 καλῶν
706 3317 756 3385 δεῖ
774 3320 816 3399 τῷ
840 3324 942 3392 καλῶς
964 3319 1146 3400 τιμωμένῳ·

436 3427 541 3505 μικροῦ
565 3422 591 3488 δ’
614 3425 732 3501 οἰνῶνας
755 3424 789 3490 οὐ
812 3422 888 3502 μέν’
911 3421 1039 3506 ἔρχεται
1062 3423 1159 3496 κλέος.

298 3550 397 3620 quam
418 3529 576 3619 flagitiose
598 3530 755 3614 corruptis
777 3528 868 3597 libris
891 3525 1032 3594 utimur!
1064 3531 1152 3595 omni
1175 3549 1269 3595 aenou
1291 3550 1393 3597 vacua
1415 3533 1488 3596 sunt

299 3636 415 3703 verba:

436 3747 557 3807 πολλῶν
582 3745 709 3805 aanor
731 3739 780 3805 δεῖ
801 3741 842 3820 τῷ
867 3748 992 3804 manc
1014 3739 1202 3822 τιμΩμένῳ.

298 3846 355 3913 aed
383 3868 468 3913 nuno
498 3845 630 3931 quidem
661 3844 784 3922 ῖιέσιμδν
808 3844 853 3913 ε’ςι
876 3845 911 3910 σο
935 3843 1048 3919 σαῖσι,
1081 3844 1173 3911 ulcus
1195 3851 1244 3910 eat
1261 3843 1316 3911 aed
1338 3843 1486 3913 sanabile.

299 3951 517 4039 Perepicimue
546 3951 633 4016 enim
656 3952 848 4017 sententiam
870 3949 967 4027 dicti,
998 3969 1079 4035 quoe
1102 3955 1150 4016 eat
1172 3950 1284 4016 eadem
1308 3954 1403 4034 atque
1423 3972 1488 4032 χοι·

300 4056 386 4121 λεσοῖ
409 4055 453 4120 σοὶ
477 4054 574 4121 καλοὶ.
609 4054 721 4141 Itaque
739 4054 906 4123 Nauckiua
923 4055 1043 4136 Fropm.
1069 4054 1156 4138 neap.
1175 4075 1248 4142 pag.
1267 4052 1344 4120 263.
1364 4061 1487 4120 καλΟΝ
1618 4028 1619 4099 l

301 4169 348 4228 TI
379 4159 534 4241 ΜΩμένῳ
566 4162 692 4250 acripait
721 4166 754 4226 et
791 4181 849 4247 pro
888 4166 1008 4227 πολλῶν
1041 4166 1168 4227 aanor
1202 4161 1339 4226 coniecit
1368 4164 1489 4225 πολλῶν

302 4272 434 4329 ΠΟΝοιν
457 4270 585 4349 poetam
608 4265 740 4331 dedisse.
787 4264 886 4333 Recte
908 4271 941 4331 et
963 4272 1055 4333 acute
1078 4268 1195 4332 omnia.
1219 4263 1346 4345 μομὲνη
1371 4270 1404 4332 et
1424 4288 1489 4342 μοι·

301 4366 394 4442 μένου
425 4370 523 4432 etiam
554 4367 632 4433 alibi
655 4369 737 4434 dixit
760 4369 939 4454 Sophocles.
986 4369 1078 4437 Nunc
1102 4372 1209 4437 omnia
1231 4372 1366 4455 pristino
1390 4372 1489 4435 nitore
