3242 5014
651 353 823 402 notamus.

423 521 520 587 siclae
546 544 602 604 περ
625 522 734 603 Τροίην
756 519 969 601 διαπέρσομεν.

147 625 219 691 καί·

330 725 401 794 ἓνόα
426 753 477 793 κεν
502 729 654 810 ὑψίπυλον
674 729 783 811 Τροίην
805 727 874 795 ίλον
897 725 959 801 vles
982 732 1131 809 Ἀχαιῶν.

147 832 220 897 καί·

329 937 424 1018 Τροίη
446 939 477 1004 ἕν
499 940 606 1020 abacta.

150 1042 203 1108 καί
229 1043 390 1124 ἀλλαχοῦ.
415 1042 466 1108 ἐπὶ
489 1044 593 1123 μέντοι
614 1043 727 1110 τούτων
748 1049 807 1108 τῶν
829 1043 880 1109 δύο
900 1041 1109 1121 όμοκοπτόπως
1127 1042 1280 1120 ἐπήνεγκε
1298 1041 1334 1106 τό

150 1145 199 1211 πό
207 1159 270 1212 λον
292 1147 440 1231 Τροίην
464 1147 556 1230 „laius
579 1148 669 1215 πόλον
690 1148 814 1230 Τροίην”
837 1147 890 1213 καί
913 1147 948 1212 cl
973 1146 1058 1225 „isos
1074 1142 1120 1210 ὅτ’
1137 1146 1225 1227 ἀμφὶ
1246 1144 1335 1211 πόλιν

149 1251 284 1334 Τροίην”.

195 1353 385 1420 Rectissime
408 1359 516 1423 omnia
537 1356 615 1423 haee
638 1357 799 1442 disputata
821 1361 896 1423 sunt
914 1361 946 1422 11
960 1355 1044 1421 nihil
1061 1358 1103 1420 iis
1121 1356 1217 1422 obiici
1231 1359 1335 1440 potest

150 1464 274 1544 praeter
303 1479 415 1525 unum.
461 1461 553 1541 Τροίη
576 1480 639 1526 111
662 1467 711 1526 111
733 1459 854 1528 Graeca
875 1460 987 1526 forma.
1034 1458 1120 1525 Satis
1139 1460 1336 1525 ostendimus

149 1565 186 1627 in
207 1560 364 1629 Mnemos.
390 1558 488 1630 1873.
512 1584 586 1651 pag.
601 1562 654 1629 53.
676 1571 709 1630 et
732 1564 785 1631 56.
809 1565 1005 1630 adjectivum
1024 1564 1157 1643 Τρόίρς,
1181 1565 1283 1643 Τρωίη
1301 1568 1335 1629 11

149 1667 262 1746 uitta
285 1667 429 1733 contrahi
450 1670 485 1732 in
506 1666 627 1749 Τρῳός,
652 1669 740 1749 Tadi
763 1675 796 1734 11
817 1668 938 1750 Τρῳίν,
963 1671 995 1732 11
1018 1688 1057 1732 ex
1075 1673 1181 1733 ustura
1201 1670 1335 1752 scriptu·

150 1790 187 1834 ra
208 1775 263 1842 τῆς
286 1772 425 1852 ἀρχαίας
448 1781 696 1852 γραμματικῆς,
720 1794 801 1858 quaa
823 1773 927 1838 fuerat
950 1780 1128 1847 ΤΡΟΙΕΝ,
1153 1792 1255 1838 amore
1276 1778 1334 1838 τῶν

151 1875 532 1956 μεταχαρακτηρνοόντων
561 1876 611 1941 bis
641 1897 708 1942 esse
737 1882 846 1943 natam
876 1879 1027 1942 vitiosam
1054 1875 1223 1942 lectionem
1246 1876 1335 1941 πόλον

152 1978 260 2058 Τροίην
289 2000 345 2063 pro
376 1978 465 2045 πόλιν
494 1981 609 2060 Τρμνὶν.
656 1980 747 2061 Quod
777 1985 805 2046 si
835 1984 905 2066 quis
926 2002 1039 2046 verum
1062 2002 1129 2046 esse
1151 1983 1334 2068 agnoverit,

151 2102 233 2149 nouo
264 2084 409 2167 exemplo
440 2086 604 2169 apparebit
632 2088 701 2150 iure
730 2084 847 2150 dixisse
869 2083 1013 2169 lepidum
1035 2088 1184 2151 iuuenem
1208 2088 1241 2149 in
1264 2084 1336 2150 Pla-

151 2191 235 2254 tonis
258 2188 332 2271 Rep.
356 2208 430 2275 pag.
458 2188 533 2253 596.
556 2207 588 2254 Δ.
613 2187 718 2254 πολλαί
741 2213 785 2255 τοι
811 2188 947 2269 όξότερον
969 2190 1148 2268 βλεπόντων
1170 2189 1335 2268 ἀμβλύτε·

151 2314 198 2373 ρον
220 2295 342 2370 δρῶντες
367 2293 500 2374 πρότερα
523 2290 615 2359 είδον.

196 2395 246 2462 Ex
268 2397 327 2462 hoc
350 2399 453 2484 igitur
474 2398 619 2484 exemplo
642 2401 846 2485 potissimum
869 2405 997 2483 apparet
1019 2398 1095 2482 quid
1114 2402 1157 2463 sit
1175 2398 1336 2471 Ζηνόδοτος

153 2497 281 2582 macer.
329 2500 400 2565 Una
429 2505 515 2567 enim
546 2512 579 2568 11
607 2500 1335 2581 11111111111111111111111111111111δοορόό-

154 2628 229 2671 σεων
262 2603 358 2670 lectio
391 2609 458 2671 erat
491 2605 580 2671 πόλιν
613 2607 737 2686 Τροίην,
773 2605 811 2669 da
841 2625 904 2688 qua
931 2605 1022 2670 nulla
1050 2624 1206 2688 umquam
1234 2604 1338 2670 1111111

153 2712 342 2794 cuiusquam
365 2709 523 2774 dubitatio
544 2711 641 2775 donec
659 2712 690 2775 ei
709 2708 910 2773 Aristarchus
927 2711 1173 2774 controuersiam
1183 2713 1336 2773 moverat.

153 2811 207 2878 sic
235 2814 339 2900 igitur
370 2819 403 2879 11
433 2816 466 2877 in
496 2816 627 2878 caeteris
656 2813 814 2886 Ζηνόδοτος
847 2811 964 2892 γρόφεο
994 2812 1077 2876 nihil
1099 2811 1188 2877 aliud
1210 2812 1338 2877 denotat

152 2920 215 2983 nisi
245 2917 326 2982 hanc
355 2938 422 2982 esso
448 2916 617 3004 vulgatam
638 2915 794 2981 librorum
817 2936 836 2979 a
857 2914 1015 2981 Zenodoto
1038 2916 1254 2981 adhibitorum
1276 2914 1337 2981 lae-

153 3024 293 3098 tionsm‚
314 3041 411 3106 quam
429 3019 630 3086 Aristarchus
649 3025 705 3086 aut
720 3040 759 3085 ex
776 3019 962 3084 melioribus
980 3018 1072 3085 libris
1087 3024 1143 3085 aut
1159 3041 1199 3086 ex
1208 3022 1337 3107 ingenio

152 3128 331 3192 1111111111.

199 3230 237 3295 In
259 3230 411 3296 Zenodoti
433 3230 611 3307 ἀίετησεοιν
628 3228 771 3294 multum
790 3230 879 3294 abest
896 3234 935 3292 ut
953 3229 1079 3294 credam
1096 3228 1170 3314 plus
1181 3225 1338 3296 Oriticum

155 3355 212 3401 suo
235 3335 355 3401 iudicio
383 3339 416 3399 11
435 3337 542 3400 sensui
564 3333 692 3399 cuidam
713 3333 840 3419 pulchri
862 3338 895 3398 11
917 3333 1022 3398 decori
1043 3333 1210 3411 tribuisse,
1242 3353 1339 3418 quum
1428 3364 1431 3371 ⁴

155 3437 311 3504 librorum
334 3444 499 3517 1111111111,
523 3458 601 3523 quos
623 3438 829 3524 sequebatur,
854 3438 1038 3503 auctoritati
1060 3443 1093 3502 et
1115 3439 1308 3503 testimonio.

201 3540 280 3621 Quis
302 3541 424 3619 credat,
447 3548 486 3607 ut
507 3543 568 3607 hoc
589 3562 653 3607 uno
675 3548 764 3619 utar,
788 3541 985 3607 Zenodotum
1006 3543 1040 3605 11
1059 3539 1201 3607 Iliada.

200 3643 278 3709 207.
325 3642 413 3719 alalos
436 3646 497 3724 tyb
520 3647 683 3711 παύσουσα
706 3647 741 3710 τό
764 3644 815 3708 τὸν
838 3644 944 3722 μόνος,
967 3643 998 3708 εί
1016 3667 1051 3709 κε
1074 3645 1200 3719 πόόηαι,

202 3746 279 3814 208.
326 3749 489 3828 οὐρανόθεν.
513 3750 569 3835 πρό
593 3750 625 3814 δέ
648 3751 684 3826 μ’
707 3744 760 3821 ἧκε
783 3748 838 3813 lael
862 3750 1043 3819 λευκώλενος
1057 3749 1134 3828 Ἥρη

202 3852 278 3918 209.
326 3851 426 3933 ἄμφω
450 3854 530 3931 όμῶς
553 3853 635 3933 όνμῷ
656 3851 810 3933 Φιλόανοό
833 3875 869 3916 το
894 3851 1041 3929 κηδομένη
1065 3876 1101 3917 τε

156 3960 344 4044 expunxisse
367 3957 446 4023 duos
468 3978 578 4024 uersus
600 3955 666 4022 208
686 3962 718 4020 et
737 3954 823 4032 209,
848 3959 938 4041 quasi
956 3958 1073 4022 inesset
1091 3962 1147 4023 aut
1165 3960 1198 4023 in
1217 3964 1339 4024 senteu-

156 4063 203 4127 tia
225 4060 348 4146 aliquid
377 4065 433 4126 aut
457 4061 492 4126 in
513 4061 637 4138 verbis,
669 4078 731 4143 quo
754 4062 908 4143 potuisset
931 4058 1066 4125 offendit
1110 4062 1183 4128 Non
1204 4066 1337 4148 reperit,

155 4163 266 4243 credo,
298 4167 332 4230 in
360 4163 452 4230 libris
481 4163 699 4249 compluribus
728 4182 826 4247 eoque
848 4163 1052 4248 interpolatos
1074 4185 1140 4231 esse
1163 4168 1340 4252 suspicatus

158 4273 216 4335 est.
262 4267 385 4337 Iuvicto
414 4274 603 4356 argumento
624 4268 780 4357 genuinos
802 4288 868 4335 essa
891 4267 1119 4335 demonstravit
1140 4270 1341 4338 Aristarchus

156 4372 196 4437 ad
217 4394 266 4441 vs.
291 4372 366 4438 216.
