3388 5010
671 352 826 401 ιιιιιιιιιιι
849 357 885 402 er
909 356 1063 403 cuersnea.
1374 336 1436 398 261

298 527 367 594 Vll.
407 531 464 603 rs,
489 525 745 593 20.·‘Ulciscitur
769 525 819 590 vir
843 544 976 591 uxorem
1002 538 1113 602 suam,
1135 520 1438 589 raudam‘salacem

249 632 416 700 demetens
439 639 521 699 testa
546 630 671 707 Samia,
694 639 728 696 et
751 630 930 697 secundum
954 631 994 696 ll.
1016 629 1155 696 senrinae
1174 629 1223 693 sui
1248 629 1440 697 concubitus

205 724 209 727 “
249 739 414 828 appetenti
449 737 608 805 occhmat
640 736 838 819 desipiscens.
900 736 934 802 ln
969 735 1204 823 explicatione:
1239 734 1439 813 sicconem,

250 847 290 913 ad
322 865 454 913 uxorem
477 863 652 912 conversus
675 843 754 908 ait’'.
803 843 901 909 Porro
924 841 1095 928 magnifica
1120 840 1277 928 quaedam
1303 841 1442 927 legimus

249 952 365 1029 verba,
398 952 453 1019 sed
484 950 565 1017 nibil
597 949 682 1036 quod
714 964 783 1017 rem
808 950 887 1014 satis
911 948 1064 1016 declaret.
1110 946 1301 1025 Nihilohoe
1326 946 1442 1025 melius

249 1068 299 1126 est
328 1078 425 1147 quam
457 1055 656 1124 Lachmanni
688 1055 867 1121 inventum.
907 1054 941 1121 Si
973 1056 1016 1122 roi
1044 1054 1151 1132 nand,
1176 1051 1215 1125 ὧν
1238 1055 1271 1119 cd
1295 1057 1439 1136 respiras

250 1183 332 1231 uxor
356 1163 426 1241 illa,
450 1162 545 1230 aliter
568 1160 781 1249 explicasset,
806 1159 924 1247 leporis
943 1160 1100 1249 quaedam
1121 1169 1210 1228 certe
1230 1161 1350 1226 inesset
1368 1178 1438 1247 spe·

248 1269 330 1345 cicer
366 1269 421 1337 sed
455 1289 529 1336 eum
563 1267 725 1334 inhoneste
757 1266 951 1344 substituat,
984 1265 1129 1345 lrustra,
1163 1267 1295 1353 opinor,
1329 1275 1437 1354 sperat

248 1375 316 1444 iore
339 1385 376 1442 ut
401 1377 472 1442 »uix
497 1375 630 1442 iuturus
653 1375 716 1451 sit,
741 1374 796 1460 qui
818 1372 878 1439 hoc
898 1371 1088 1439 vccabulum
1110 1373 1150 1440 ad
1171 1373 1365 1439 sententiam
1384 1393 1437 1458 ap·

250 1482 412 1548 tissimum
443 1483 573 1568 neget.”
620 1481 669 1546 An
695 1482 769 1545 xero
793 1480 839 1545 ita
864 1488 1053 1545 mansuetus
1074 1487 1146 1545 erat
1169 1480 1236 1557 vir,
1263 1488 1300 1545 ut
1322 1477 1439 1545 lortius

248 1587 439 1654 vocabulum
479 1584 680 1674 imprecandi
712 1604 774 1651 nou
808 1584 1036 1651 succurreret?
1086 1585 1147 1651 »Et
1179 1585 1322 1673 proxime
1353 1584 1438 1650 idem

249 1692 381 1760 »abesse
404 1713 421 1760 a
446 1692 537 1760 codd.
562 1690 755 1779 corruptelis
779 1690 968 1757 fatebuntur
992 1691 1048 1776 qui
1071 1692 1180 1757 norint
1205 1690 1322 1777 quibus
1344 1691 1439 1777 potis·

249 1799 388 1866 »simum
411 1797 514 1865 modis
535 1797 676 1864 Graecae
689 1796 816 1863 litterae
829 1816 847 1863 a
860 1796 984 1863 Latinis
996 1796 1138 1863 librariis
1150 1796 1272 1863 soleant
1286 1796 1438 1862 inverti.’'

245 1904 331 1973 Satis
349 1926 407 1993 pro
426 1905 637 1973 auctoritatel
657 1903 770 1991 ltaque
789 1905 845 1990 qui
868 1922 929 1969 uon
952 1904 1167 1983 assentietur,
1189 1900 1328 1968 nesciet?
1355 1902 1436 1968 Huic

244 2012 388 2101 periculo
401 2033 451 2080 me
465 2029 633 2099 exponam.
654 2009 754 2078 codd.
768 2009 885 2077 habeut
897 2011 1073 2077 cnunotelo.
1099 2011 1145 2077 Ex
1159 2017 1435 2079 ΑΠΕΙΡΟΚΑΛΕ

243 2117 322 2185 illud
347 2120 400 2186 vix
425 2119 529 2206 potuit
553 2118 701 2185 existere.
736 2115 1106 2197 LitterasE,A.A,l,
1131 2126 1160 2183 n
1185 2125 1272 2182 recte
1295 2113 1362 2183 lere
1387 2116 1436 2180 in-

243 2224 436 2292 tellexeruut
457 2223 584 2289 librarii
607 2220 660 2312 (cl.
683 2241 781 2309 supra
799 2221 914 2290 XXlX.
939 2226 1023 2290 raet
1037 2222 1104 2310 ὅθ).
1142 2221 1204 2289 Sed
1219 2221 1434 2310 propsulrsti·

244 2338 340 2399 tuunt
365 2351 406 2418 p,
432 2349 490 2417 pro
512 2339 539 2395 K
562 2337 618 2395 aut
643 2349 681 2405 u,
706 2337 763 2395 aut
788 2337 816 2397 H
841 2327 897 2418 (cl.
922 2328 1002 2396 llon.
1027 2331 1176 2416 pite).
1222 2328 1335 2415 ltaque
1359 2325 1434 2394 inde

243 2438 320 2504 oriri
352 2445 456 2525 potest
487 2435 669 2522 apcipoucle
692 2434 741 2502 vel
773 2473 818 2486 -
850 2434 928 2501 cole.
977 2435 1014 2501 lu
1039 2453 1103 2521 quo
1128 2432 1210 2503 nihil
1234 2452 1335 2522 paene
1357 2450 1430 2501 cum

243 2543 406 2610 ununoiclo
430 2543 589 2609 convenit.
858 2536 863 2541 ’

289 2647 374 2715 vltt.
402 2652 442 2713 14
468 2647 561 2737 (Non.
586 2653 640 2716 84.
669 2654 743 2737 10):

401 2754 552 2821 Hiberam
577 2753 716 2821 insulam
742 2752 884 2820 lomento
904 2752 1099 2821 omnicolore
1123 2751 1276 2820 colustra.

287 2859 357 2927 Non
379 2865 505 2949 oportet
527 2860 580 2927 hic
605 2879 761 2948 quaerere
786 2859 884 2938 illud,
905 2858 992 2946 quod
1012 2879 1106 2927 nemo
1126 2866 1291 2947 praestare
1303 2866 1450 2947 potest,'

242 2975 365 3034 certam
389 2964 660 3036 emendationem.
710 2966 813 3033 Locus
837 2968 923 3033 enim
949 2965 1042 3033 Nouii
1062 2966 1235 3033 admodum
1257 2975 1430 3054 corruptus

240 3080 291 3140 est
315 3081 347 3140 et
371 3072 588 3160 perturbatus.
613 3073 645 3139 ls
669 3075 716 3140 sic
740 3093 774 3140 se
796 3071 906 3138 habet:

283 3179 463 3245 ι»Ειιιιιειιιι
495 3178 562 3246 laco
595 3178 715 3246 honere
746 3178 848 3245 vlnmi
880 3179 1043 3246 mammis.
1090 3177 1236 3271 Lucilius
1258 3178 1314 3246 lib.
1339 3178 1430 3246 Vlll:

242 3284 394 3353 lliberam
430 3285 569 3353 insulam
603 3285 744 3353 lomento
775 3284 971 3352 omnicolore
1002 3284 1155 3352 colustra.
1210 3285 1366 3353 Lacerius
1396 3286 1429 3352 in

242 3391 378 3478 Virgine
407 3392 566 3478 siquidem
600 3410 672 3458 mea
703 3390 845 3458 colustra
877 3389 980 3459 fretus
1011 3393 1108 3457 terris
1139 3390 1271 3459 studere
1301 3390 1433 3460 lecisset

242 3514 513 3585 sumere-aquam
539 3518 578 3565 ex
600 3496 720 3566 loute.”

287 3605 325 3672 ln
349 3604 522 3693 postremis
546 3605 733 3690 perturbata
757 3624 826 3672 esse
850 3610 882 3672 et
907 3603 1007 3671 mixta
1027 3601 1152 3670 Laberii
1175 3613 1207 3671 et
1227 3602 1434 3689 Naeviilrag·

243 3719 372 3790 menta,
405 3709 487 3777 vidit
519 3709 671 3778 llibheclt.
720 3708 771 3778 Oi.
804 3712 875 3778 eius
907 3708 1023 3795 fragm.
1055 3707 1153 3776 Naer.
1184 3714 1225 3775 tt
1251 3718 1283 3776 et
1306 3707 1434 3775 Laberii

242 3821 300 3885 95.
354 3815 474 3905 Nempe
511 3814 621 3882 Naeuii
657 3815 753 3882 verba
788 3836 904 3903 aquom
939 3814 1085 3882 crutaris
1121 3835 1244 3881 onmem
1278 3835 1319 3881 ec
1348 3818 1435 3902 {onte

243 3922 373 3990 aliunde
403 3931 479 3991 uota
511 3929 599 3990 sunt.
649 3922 696 3989 lla
727 3920 780 3988 hic
813 3921 982 4007 leguntur,
1014 3920 1159 3993 creterris
1192 3921 1224 3985 in
1250 3921 1343 3993 torris
1366 3938 1434 3986 eor·

243 4039 339 4117 rupto
363 4036 394 4096 ct
418 4028 488 4097 loeo
513 4037 609 4096 moto.
659 4028 801 4116 Apparet
824 4028 926 4115 igitur
950 4046 1013 4093 non
1039 4035 1165 4093 tarnum
1186 4025 1296 4094 Naeuii
1318 4046 1433 4094 nornen

242 4134 420 4205 sedetiam
444 4135 562 4204 lemma
586 4133 763 4212 excidisse,
787 4132 847 4200 huc
872 4131 981 4200 modo:

289 4243 474 4311 Gocusraa.
495 4242 679 4311 Laberius
670 4260 703 4307 ιιι
723 4240 870 4327 Virgine.
891 4238 1050 4327 siquidem
1074 4256 1144 4306 mea
1165 4238 1307 4307 colustra
1318 4238 1432 4307 fretus

290 4351 472 4441 (Garunnae.
505 4348 646 4416 Naevius
683 4346 716 4413 in
741 4347 890 4439 Lycurgo
913 4346 1081 4436 cre)terris
1119 4344 1265 4433 [studere
1289 4344 1431 4436 lecisset]

244 4476 377 4526 sumere
401 4470 518 4545 aquam
544 4475 582 4523 ex
605 4452 726 4521 lontess'
