3388 5010
267 307 334 370 280
661 320 817 384 inermum
838 321 877 369 rr
899 320 1057 370 nucrrrrcr.

266 489 386 556 Graeca
418 487 541 556 Latinis
572 488 715 558 miscuit.
764 488 903 557 Omnino
933 497 1009 556 sunt
1041 492 1075 556 in
1106 485 1300 556 Archilocho
1323 503 1405 571 quae
1430 503 1448 551 a

265 592 389 661 Lucilio
420 615 482 661 uon
511 594 704 662 abhorreant
728 596 826 662 veluti
850 595 976 663 ἁπαλὸν
999 596 1108 676 κέρας,
1136 597 1235 677 pepe
1258 592 1451 673 perspicuae-

268 697 367 777 ταξύ,
391 698 479 768 alia»

286 809 365 881 44.
390 803 494 887 Quam
524 807 557 872 in
582 802 709 873 diversa
733 806 765 871 in
791 807 900 892 parvis
930 803 994 870 illis
1024 802 1215 889 fragmentis
1244 802 1345 889 possit
1368 799 1451 866 abiri

265 917 450 976 monstrant
473 908 552 977 baec
578 910 670 1000 (Non.
696 914 773 978 5625.
798 914 841 976 28
864 911 1023 997 ·pretium
1042 909 1163 976 dicitur
1182 907 1267 994 qrrud
1287 927 1323 975 re
1343 914 1450 991 empta

269 1012 421 1101 datum:

641 1140 700 1187 nec
722 1140 820 1207 parre
845 1118 954 1186 catillo
978 1120 1082 1207 pretio

267 1244 326 1311 pro
360 1223 478 1310 quibus
512 1222 684 1291 lluellerus
719 1225 870 1291 coniicit:
909 1244 988 1290 »nec
1020 1242 1118 1309 parvo
1147 1221 1291 1290 catulum
1324 1220 1452 1309 pretio’'

269 1327 388 1414 Vulgo:
411 1350 468 1395 rec
487 1349 548 1413 pur
571 1340 658 1395 vocnt
679 1329 747 1395 aelle
771 1329 831 1417 (sic
855 1327 944 1417 iibri)
966 1330 1077 1416 pretio.
1115 1328 1314 1394 ·l’rur0cat”
1335 1326 1452 1394 linusa.

268 1433 337 1520 ligo
361 1452 493 1520 repono:

462 1540 521 1606 nde
546 1558 604 1625 par
625 1540 720 1625 inpar
737 1543 890 1626 prdrocat
914 1537 979 1604 ulle
1003 1539 1106 1626 pretio
1131 1564 1263 1589 -----
1311 1552 1317 1558 ·

270 1644 397 1711 »Pretio
419 1642 560 1730 aliquem
584 1645 779 1730 provocare”
803 1652 915 1711 uotum
939 1653 989 1710 est
1007 1643 1206 1721 undenario,
1230 1643 1297 1710 Sat.
1311 1643 1336 1709 l.
1351 1648 1381 1710 4.
1398 1648 1455 1716 lt:

271 1746 401 1815 ·ludere
432 1768 490 1835 par
513 1748 641 1835 impar'’
671 1768 711 1814 ex
734 1748 845 1814 endem
871 1746 939 1814 Sat.
963 1747 1003 1813 ΙΙ.
1030 1753 1060 1814 5.
1086 1753 1163 1815 248.
1188 1747 1276 1815 Suet.
1301 1750 1385 1835 hug.
1412 1755 1449 1815 tl

269 1873 309 1920 ex
332 1855 403 1920 eius
426 1853 536 1940 epist:
562 1852 656 1918 »misi
681 1852 741 1919 tibi
762 1852 911 1921 denarios
934 1849 1090 1918 ducentes
1109 1852 1355 1939 quinquigintu,
1376 1870 1456 1938 quos

270 1957 408 2043 singulis
431 1959 574 2024 convivis
597 1956 765 2034 dederam,
799 1959 827 2023 si
851 1956 968 2023 vellent
992 1957 1078 2023 iuter
1100 1977 1135 2024 se
1160 1958 1245 2023 iuter
1268 1977 1380 2024 cenam
1404 1954 1455 2022 vel

271 2061 346 2130 talis
369 2061 418 2130 rel
443 2082 500 2149 par
523 2064 629 2149 impar
651 2061 796 2130 ludere”.
845 2061 1052 2149 Corruptclae
1073 2064 1157 2149 ratio
1182 2063 1214 2127 in
1239 2063 1349 2148 aprico
1372 2069 1432 2129 est.

314 2166 384 2235 Nun
416 2167 462 2233 ita
493 2166 665 2234 manifesta
696 2187 792 2234 eausa
825 2175 874 2233 est
905 2167 1089 2233 emissionis
1119 2166 1153 2232 iu
1185 2165 1226 2232 ir.
1251 2171 1313 2244 36,
1348 2167 1455 2253 ipsum

271 2284 381 2340 tamen
405 2273 663 2359 supplementum
690 2272 746 2352 iis,
771 2274 828 2359 qui
853 2273 997 2358 integrus
1020 2291 1133 2339 versus
1155 2290 1252 2358 quam
1276 2290 1390 2339 versus
1411 2269 1458 2336 la·

272 2378 375 2445 ciuias
398 2376 539 2456 malunt,
563 2376 735 2464 probatum
760 2376 801 2443 iri
824 2396 930 2463 spero.
979 2376 1083 2443 Libri:

542 2481 629 2547 nullu
652 2480 772 2548 honere
794 2480 932 2568 displetu
958 2480 1046 2547 nullo
1070 2479 1195 2549 iuuere.

273 2587 410 2675 Supple:

442 2690 529 2758 nitllo
552 2689 671 2758 honore
694 2692 809 2779 diprru
832 2689 910 2757 lietu
933 2691 1041 2767 atille,
1066 2690 1154 2757 nulle
1176 2689 1300 2759 itinere.

271 2798 413 2866 Litterae
440 2819 509 2886 gr
531 2818 554 2860 u
576 2815 653 2862 casu
687 2794 895 2874 exciderunt,
930 2795 1018 2862 nulle
1051 2795 1134 2863 male
1169 2797 1268 2863 semel
1305 2796 1458 2883 positum,

271 2903 308 2969 ln
333 2901 477 2970 lluelleri
501 2922 611 2969 versu:

469 3035 516 3060 -ν
543 3006 631 3073 nullu
653 3006 788 3085 honore,
813 3006 864 3073 dil
889 3006 1029 3095 sepultu’
1052 3007 1141 3076 nullo
1162 3007 1276 3076 iuuere

272 3130 407 3178 caesura
438 3111 584 3199 neglecta
613 3122 675 3181 est.
724 3112 761 3179 ld
796 3133 858 3178 nun
890 3114 936 3179 ita
970 3134 1065 3200 saepe
1091 3112 1177 3201 apud
1213 3113 1372 3182 Lucilium
1408 3118 1457 3180 iu·

273 3217 404 3296 venias,
436 3218 536 3304 quin,
568 3218 594 3283 si
620 3216 690 3284 heri
713 3217 829 3305 possit,
860 3216 1028 3284 vitandum
1059 3219 1113 3285 sit.
1159 3218 1240 3285 Nam
1264 3221 1393 3286 omissis
1417 3220 1457 3285 iis

271 3320 372 3400 lucis,
405 3319 461 3387 uhi
492 3342 625 3388 caesura
654 3324 760 3388 estin
786 3321 938 3389 vocabulo
967 3324 1143 3410 compositu
1165 3333 1223 3390 aut
1247 3324 1396 3401 elisione,
1422 3332 1459 3389 ut

276 3425 328 3492 ·id
342 3423 348 3507 Ι
362 3427 483 3505 clreo”,
509 3420 657 3505 »constal
670 3446 705 3493 re
725 3426 926 3506 bominem”,
940 3429 1045 3494 sexies
1058 3427 1179 3495 iactum
1192 3428 1458 3515 deprehenditur:

273 3530 391 3599 XXVI.
425 3537 488 3611 58,
525 3537 588 3611 61,
622 3536 686 3611 69,
720 3536 783 3611 70,
815 3531 947 3603 xxvtt.
969 3536 1009 3611 8,
1042 3532 1157 3600 XXIX.
1184 3537 1242 3611 79,
1265 3532 1320 3599 sed
1345 3553 1384 3599 ex
1408 3531 1460 3598 bis

274 3634 453 3704 secundum
484 3644 518 3704 et
548 3645 700 3723 quartum
732 3647 765 3704 et
796 3646 995 3723 postremum
1028 3636 1209 3725 exemplum
1242 3635 1340 3704 dubia
1368 3645 1457 3705 suut.

276 3740 458 3829 Supersunt
481 3742 582 3828 igitur
605 3741 703 3809 haec:

321 3845 553 3934 depugnabant
577 3847 687 3933 prdie
707 3846 769 3933 ipsi
793 3856 826 3913 et
851 3848 1032 3914 mnridntur
1051 3867 1090 3915 an
1107 3867 1142 3915 se
1161 3846 1247 3914 ultro
1266 3844 1413 3914 different.

323 3953 375 4017 nd‘
391 3954 542 4018 muttires
566 3948 718 4038 culquam
743 3970 806 4018 neu
830 3954 987 4042 mysteria
1009 3952 1151 4020 eclerrds
1175 3950 1272 4019 iuras.

323 4055 404 4123 nulli
429 4076 481 4124 me
503 4056 663 4131 invidere.
694 4077 755 4123 nnn
781 4056 981 4134 strahdnem,
1007 4058 1076 4125 lieri
1101 4058 1243 4145 saepius.

278 4162 320 4228 Et
343 4161 555 4228 durissimum
582 4161 661 4228 illud
681 4158 799 4241 »muril
815 4164 934 4229 eutur”
955 4172 1063 4251 posset
1079 4161 1376 4230 ordineverburum
1390 4179 1461 4228 mu·

278 4276 346 4334 tato
370 4266 532 4335 emendari
569 4268 675 4357 (»dep.
701 4278 733 4335 et
757 4269 874 4355 urur”).
924 4267 986 4336 Sed
1011 4276 1151 4355 praestat
1175 4266 1297 4336 Lucilio
1321 4287 1384 4334 unu
1410 4266 1461 4333 iu·

279 4370 414 4460 dignum
437 4382 561 4460 putare.
