<?xml version="1.0" encoding="UTF-8"?>
<!DOCTYPE html PUBLIC "-//W3C//DTD XHTML 1.0 Transitional//EN"
    "http://www.w3.org/TR/xhtml1/DTD/xhtml1-transitional.dtd">
<html xmlns="http://www.w3.org/1999/xhtml" xml:lang="en" lang="en">
 <head>
  <title>
</title>
<meta http-equiv="Content-Type" content="text/html;charset=utf-8" />
  <meta name='ocr-system' content='tesseract 3.04.00' />
  <meta name='ocr-capabilities' content='ocr_page ocr_carea ocr_par ocr_line ocrx_word'/>
</head>
<body>
  <div class='ocr_page' id='page_1' title='image "./mnemosynebiblio00servgoog_0547.png"; bbox 0 0 3276 5006; ppageno 0'>
   <div class='ocr_carea' id='block_1_1' title="bbox 280 342 1093 412">
    <p class='ocr_par' dir='ltr' id='par_1_1' title="bbox 280 342 1093 412">
     <span class='ocr_line' id='line_1_1' title="bbox 280 342 1093 412; baseline -0.001 -4"><span class='ocrx_word' id='word_1_1' title='bbox 280 342 345 409; x_wconf 91' lang='lat'>100</span> <span class='ocrx_word' id='word_1_2' title='bbox 646 362 689 409; x_wconf 80' lang='lat' dir='ltr'>nn</span> <span class='ocrx_word' id='word_1_3' title='bbox 712 362 845 410; x_wconf 78' lang='lat' dir='ltr'>srossxr</span> <span class='ocrx_word' id='word_1_4' title='bbox 868 364 1093 412; x_wconf 75' lang='lat' dir='ltr'>recensens.</span> 
     </span>
    </p>
   </div>
   <div class='ocr_carea' id='block_1_2' title="bbox 281 529 1406 831">
    <p class='ocr_par' dir='ltr' id='par_1_2' title="bbox 281 529 1406 831">
     <span class='ocr_line' id='line_1_2' title="bbox 281 529 1001 620; baseline 0.007 -25"><span class='ocrx_word' id='word_1_5' title='bbox 281 535 369 612; x_wconf 81' lang='grc' dir='ltr'>φλῶς</span> <span class='ocrx_word' id='word_1_6' title='bbox 393 529 482 613; x_wconf 78' lang='grc' dir='ltr'><strong><em>ἔχει,</em></strong></span> <span class='ocrx_word' id='word_1_7' title='bbox 506 533 535 596; x_wconf 88' lang='lat' dir='ltr'>si</span> <span class='ocrx_word' id='word_1_8' title='bbox 557 535 643 610; x_wconf 88' lang='lat' dir='ltr'>ioco,</span> <span class='ocrx_word' id='word_1_9' title='bbox 667 534 763 597; x_wconf 85' lang='lat' dir='ltr'>iocari</span> <span class='ocrx_word' id='word_1_10' title='bbox 785 538 902 611; x_wconf 85' lang='lat' dir='ltr'>nescit,</span> <span class='ocrx_word' id='word_1_11' title='bbox 927 540 1001 620; x_wconf 87' lang='lat' dir='ltr'>quia</span> 
     </span>
     <span class='ocr_line' id='line_1_3' title="bbox 507 637 1121 724; baseline 0.002 -24"><span class='ocrx_word' id='word_1_12' title='bbox 507 637 570 701; x_wconf 80' lang='lat' dir='ltr'>ioco</span> <span class='ocrx_word' id='word_1_13' title='bbox 592 638 700 722; x_wconf 90' lang='lat' dir='ltr'>inepto</span> <span class='ocrx_word' id='word_1_14' title='bbox 722 659 772 703; x_wconf 88' lang='lat' dir='ltr'>res</span> <span class='ocrx_word' id='word_1_15' title='bbox 794 641 931 724; x_wconf 81' lang='lat' dir='ltr'>ineptior</span> <span class='ocrx_word' id='word_1_16' title='bbox 951 639 1042 705; x_wconf 88' lang='lat' dir='ltr'>nulla</span> <span class='ocrx_word' id='word_1_17' title='bbox 1064 647 1121 704; x_wconf 86' lang='lat' dir='ltr'>est.</span> 
     </span>
     <span class='ocr_line' id='line_1_4' title="bbox 326 739 1406 831; baseline 0.002 -25"><span class='ocrx_word' id='word_1_18' title='bbox 326 739 509 807; x_wconf 87' lang='lat' dir='ltr'>Meinekius</span> <span class='ocrx_word' id='word_1_19' title='bbox 530 747 638 807; x_wconf 89' lang='lat' dir='ltr'>tamen</span> <span class='ocrx_word' id='word_1_20' title='bbox 660 743 738 807; x_wconf 88' lang='lat' dir='ltr'>hacc</span> <span class='ocrx_word' id='word_1_21' title='bbox 760 747 841 809; x_wconf 90' lang='lat' dir='ltr'>serio</span> <span class='ocrx_word' id='word_1_22' title='bbox 863 752 894 808; x_wconf 85' lang='lat' dir='ltr'>et</span> <span class='ocrx_word' id='word_1_23' title='bbox 917 747 1060 831; x_wconf 77' lang='lat' dir='ltr'>graviter</span> <span class='ocrx_word' id='word_1_24' title='bbox 1082 751 1246 810; x_wconf 75' lang='lat' dir='ltr'><strong>annotasse</strong></span> <span class='ocrx_word' id='word_1_25' title='bbox 1270 747 1406 811; x_wconf 67' lang='lat' dir='ltr'>videtur</span> 
     </span>
    </p>
   </div>
   <div class='ocr_carea' id='block_1_3' title="bbox 281 952 1476 2924">
    <p class='ocr_par' dir='ltr' id='par_1_3' title="bbox 281 952 1476 2924">
     <span class='ocr_line' id='line_1_5' title="bbox 328 952 663 1031; baseline -0.009 -13"><span class='ocrx_word' id='word_1_26' title='bbox 328 953 365 1018; x_wconf 87' lang='lat' dir='ltr'>Iu</span> <span class='ocrx_word' id='word_1_27' title='bbox 387 953 496 1018; x_wconf 85' lang='lat' dir='ltr'>Floril.</span> <span class='ocrx_word' id='word_1_28' title='bbox 520 952 583 1031; x_wconf 99' lang='grc'>29,</span> <span class='ocrx_word' id='word_1_29' title='bbox 610 953 663 1016; x_wconf 86' lang='grc'>14.</span> 
     </span>
     <span class='ocr_line' id='line_1_6' title="bbox 439 1055 1028 1137; baseline 0.002 -15"><span class='ocrx_word' id='word_1_30' title='bbox 439 1060 493 1125; x_wconf 80' lang='grc' dir='ltr'>οὐκ</span> <span class='ocrx_word' id='word_1_31' title='bbox 516 1057 578 1126; x_wconf 79' lang='grc' dir='ltr'>ίςιν</span> <span class='ocrx_word' id='word_1_32' title='bbox 600 1055 685 1130; x_wconf 73' lang='grc' dir='ltr'><strong><em>ὅστις</em></strong></span> <span class='ocrx_word' id='word_1_33' title='bbox 709 1058 799 1133; x_wconf 78' lang='grc' dir='ltr'><strong><em>ἡδέως</em></strong></span> <span class='ocrx_word' id='word_1_34' title='bbox 824 1057 919 1137; x_wconf 78' lang='grc' dir='ltr'><strong><em>ζητῶν</em></strong></span> <span class='ocrx_word' id='word_1_35' title='bbox 940 1058 1028 1135; x_wconf 78' lang='grc' dir='ltr'><strong><em>βιοῦν</em></strong></span> 
     </span>
     <span class='ocr_line' id='line_1_7' title="bbox 440 1163 1132 1245; baseline -0.004 -16"><span class='ocrx_word' id='word_1_36' title='bbox 440 1164 583 1229; x_wconf 72' lang='grc' dir='ltr'><strong><em>εὔκλειαν</em></strong></span> <span class='ocrx_word' id='word_1_37' title='bbox 605 1163 802 1239; x_wconf 82' lang='grc' dir='ltr'>είσιιισὴσνιτ’</span> <span class='ocrx_word' id='word_1_38' title='bbox 825 1163 914 1229; x_wconf 69' lang='grc' dir='ltr'>ἁλλὰ</span> <span class='ocrx_word' id='word_1_39' title='bbox 936 1166 999 1245; x_wconf 57' lang='lat' dir='ltr'>xpi</span> <span class='ocrx_word' id='word_1_40' title='bbox 1022 1171 1132 1229; x_wconf 76' lang='grc' dir='ltr'><strong><em>πονεῖν.</em></strong></span> 
     </span>
     <span class='ocr_line' id='line_1_8' title="bbox 281 1266 1468 1355; baseline 0.001 -18"><span class='ocrx_word' id='word_1_41' title='bbox 281 1271 370 1338; x_wconf 82' lang='lat' dir='ltr'>loeus</span> <span class='ocrx_word' id='word_1_42' title='bbox 393 1276 441 1337; x_wconf 80' lang='lat' dir='ltr'>est</span> <span class='ocrx_word' id='word_1_43' title='bbox 463 1266 592 1342; x_wconf 72' lang='grc' dir='ltr'><strong><em>ὕπουλος</em></strong></span> <span class='ocrx_word' id='word_1_44' title='bbox 625 1275 657 1335; x_wconf 83' lang='lat' dir='ltr'>et</span> <span class='ocrx_word' id='word_1_45' title='bbox 678 1291 698 1335; x_wconf 84' lang='lat' dir='ltr'>a</span> <span class='ocrx_word' id='word_1_46' title='bbox 719 1268 826 1335; x_wconf 80' lang='lat' dir='ltr'>sciolis</span> <span class='ocrx_word' id='word_1_47' title='bbox 846 1269 1066 1355; x_wconf 71' lang='lat' dir='ltr'>interpolatus</span> <span class='ocrx_word' id='word_1_48' title='bbox 1090 1270 1273 1335; x_wconf 76' lang='grc' dir='ltr'>είσιιτὶσσίοι</span> <span class='ocrx_word' id='word_1_49' title='bbox 1296 1272 1379 1336; x_wconf 84' lang='lat' dir='ltr'>nihil</span> <span class='ocrx_word' id='word_1_50' title='bbox 1402 1278 1468 1351; x_wconf 82' lang='lat' dir='ltr'>est,</span> 
     </span>
     <span class='ocr_line' id='line_1_9' title="bbox 281 1373 1470 1463; baseline 0 -21"><span class='ocrx_word' id='word_1_51' title='bbox 281 1378 414 1442; x_wconf 85' lang='lat' dir='ltr'>restitue</span> <span class='ocrx_word' id='word_1_52' title='bbox 434 1376 538 1463; x_wconf 76' lang='lat' dir='ltr'>igitur</span> <span class='ocrx_word' id='word_1_53' title='bbox 558 1374 731 1445; x_wconf 79' lang='grc' dir='ltr'><strong><em>εὐΔΟΞίοιν</em></strong></span> <span class='ocrx_word' id='word_1_54' title='bbox 750 1373 932 1450; x_wconf 55' lang='lat' dir='ltr'>&#39;exstent</span> <span class='ocrx_word' id='word_1_55' title='bbox 955 1378 991 1440; x_wconf 92' lang='lat' dir='ltr'>in</span> <span class='ocrx_word' id='word_1_56' title='bbox 1012 1378 1117 1461; x_wconf 90' lang='lat' dir='ltr'>priore</span> <span class='ocrx_word' id='word_1_57' title='bbox 1134 1378 1256 1441; x_wconf 70' lang='lat' dir='ltr'>sesamo</span> <span class='ocrx_word' id='word_1_58' title='bbox 1276 1377 1350 1460; x_wconf 89' lang='lat' dir='ltr'>quid</span> <span class='ocrx_word' id='word_1_59' title='bbox 1371 1376 1470 1443; x_wconf 87' lang='lat' dir='ltr'>lateat</span> 
     </span>
     <span class='ocr_line' id='line_1_10' title="bbox 282 1479 1473 1567; baseline 0.001 -20"><span class='ocrx_word' id='word_1_60' title='bbox 282 1481 406 1557; x_wconf 84' lang='lat' dir='ltr'>neseio,</span> <span class='ocrx_word' id='word_1_61' title='bbox 435 1480 497 1546; x_wconf 87' lang='lat' dir='ltr'>hoc</span> <span class='ocrx_word' id='word_1_62' title='bbox 524 1485 653 1545; x_wconf 87' lang='lat' dir='ltr'>tantum</span> <span class='ocrx_word' id='word_1_63' title='bbox 683 1482 748 1545; x_wconf 92' lang='lat' dir='ltr'>scio</span> <span class='ocrx_word' id='word_1_64' title='bbox 769 1480 857 1558; x_wconf 85' lang='grc' dir='ltr'><strong><em>βιοῦν</em></strong></span> <span class='ocrx_word' id='word_1_65' title='bbox 878 1500 936 1565; x_wconf 91' lang='lat' dir='ltr'>pro</span> <span class='ocrx_word' id='word_1_66' title='bbox 958 1479 1012 1561; x_wconf 76' lang='grc' dir='ltr'>ζῆν</span> <span class='ocrx_word' id='word_1_67' title='bbox 1033 1502 1135 1566; x_wconf 88' lang='lat' dir='ltr'>neque</span> <span class='ocrx_word' id='word_1_68' title='bbox 1158 1480 1347 1566; x_wconf 80' lang='lat' dir='ltr'>Euripidem</span> <span class='ocrx_word' id='word_1_69' title='bbox 1370 1504 1473 1567; x_wconf 88' lang='lat' dir='ltr'>neque</span> 
     </span>
     <span class='ocr_line' id='line_1_11' title="bbox 282 1585 1473 1672; baseline 0.002 -20"><span class='ocrx_word' id='word_1_70' title='bbox 282 1589 465 1653; x_wconf 84' lang='lat' dir='ltr'>Atticorum</span> <span class='ocrx_word' id='word_1_71' title='bbox 486 1606 680 1672; x_wconf 88' lang='lat' dir='ltr'>quemquam</span> <span class='ocrx_word' id='word_1_72' title='bbox 705 1606 861 1671; x_wconf 87' lang='lat' dir='ltr'>umquam</span> <span class='ocrx_word' id='word_1_73' title='bbox 883 1586 1011 1652; x_wconf 76' lang='lat' dir='ltr'>dixisse</span> <span class='ocrx_word' id='word_1_74' title='bbox 1057 1585 1096 1651; x_wconf 92' lang='lat' dir='ltr'>In</span> <span class='ocrx_word' id='word_1_75' title='bbox 1118 1589 1236 1652; x_wconf 89' lang='lat' dir='ltr'>aoristo</span> <span class='ocrx_word' id='word_1_76' title='bbox 1258 1588 1367 1665; x_wconf 72' lang='grc' dir='ltr'><strong><em>βιῶναι</em></strong></span> <span class='ocrx_word' id='word_1_77' title='bbox 1391 1589 1473 1654; x_wconf 76' lang='lat' dir='ltr'>dice</span> 
     </span>
     <span class='ocr_line' id='line_1_12' title="bbox 284 1690 1474 1778; baseline 0.002 -21"><span class='ocrx_word' id='word_1_78' title='bbox 284 1693 376 1770; x_wconf 87' lang='lat' dir='ltr'>bant,</span> <span class='ocrx_word' id='word_1_79' title='bbox 396 1698 428 1758; x_wconf 84' lang='lat' dir='ltr'>et</span> <span class='ocrx_word' id='word_1_80' title='bbox 443 1691 596 1771; x_wconf 74' lang='grc' dir='ltr'>βιώσομαι</span> <span class='ocrx_word' id='word_1_81' title='bbox 617 1698 650 1757; x_wconf 92' lang='lat' dir='ltr'>et</span> <span class='ocrx_word' id='word_1_82' title='bbox 667 1690 813 1770; x_wconf 82' lang='grc' dir='ltr'>βεβίυκοο</span> <span class='ocrx_word' id='word_1_83' title='bbox 827 1696 860 1756; x_wconf 86' lang='lat' dir='ltr'>et</span> <span class='ocrx_word' id='word_1_84' title='bbox 874 1690 1031 1770; x_wconf 81' lang='grc' dir='ltr'>βεβίιιτοιί</span> <span class='ocrx_word' id='word_1_85' title='bbox 1045 1716 1113 1770; x_wconf 87' lang='grc' dir='ltr'>μοι,</span> <span class='ocrx_word' id='word_1_86' title='bbox 1133 1694 1168 1757; x_wconf 91' lang='lat' dir='ltr'>in</span> <span class='ocrx_word' id='word_1_87' title='bbox 1187 1695 1345 1778; x_wconf 82' lang='lat' dir='ltr'>praesenti</span> <span class='ocrx_word' id='word_1_88' title='bbox 1365 1713 1474 1759; x_wconf 87' lang='lat' dir='ltr'>omnes</span> 
     </span>
     <span class='ocr_line' id='line_1_13' title="bbox 283 1794 1473 1882; baseline 0.002 -20"><span class='ocrx_word' id='word_1_89' title='bbox 283 1798 401 1882; x_wconf 91' lang='lat' dir='ltr'>ubique</span> <span class='ocrx_word' id='word_1_90' title='bbox 423 1802 602 1863; x_wconf 77' lang='lat' dir='ltr'>constanter</span> <span class='ocrx_word' id='word_1_91' title='bbox 623 1795 683 1876; x_wconf 78' lang='grc' dir='ltr'>ζῶ,</span> <span class='ocrx_word' id='word_1_92' title='bbox 707 1797 779 1878; x_wconf 75' lang='grc' dir='ltr'>ζῆν,</span> <span class='ocrx_word' id='word_1_93' title='bbox 802 1794 893 1877; x_wconf 79' lang='grc' dir='ltr'>ίζιιν,</span> <span class='ocrx_word' id='word_1_94' title='bbox 918 1794 1036 1875; x_wconf 74' lang='grc' dir='ltr'><strong><em>ζῶντες.</em></strong></span> <span class='ocrx_word' id='word_1_95' title='bbox 1071 1795 1149 1862; x_wconf 83' lang='lat' dir='ltr'>Sero</span> <span class='ocrx_word' id='word_1_96' title='bbox 1170 1798 1240 1863; x_wconf 87' lang='lat' dir='ltr'>nati</span> <span class='ocrx_word' id='word_1_97' title='bbox 1263 1794 1414 1864; x_wconf 77' lang='lat' dir='ltr'>Graeculi</span> <span class='ocrx_word' id='word_1_98' title='bbox 1432 1820 1473 1864; x_wconf 91' lang='lat' dir='ltr'>ex</span> 
     </span>
     <span class='ocr_line' id='line_1_14' title="bbox 285 1902 1473 1990; baseline -0.001 -21"><span class='ocrx_word' id='word_1_99' title='bbox 285 1902 433 1990; x_wconf 80' lang='lat' dir='ltr'>analogia</span> <span class='ocrx_word' id='word_1_100' title='bbox 461 1902 673 1987; x_wconf 83' lang='lat' dir='ltr'>procuderant</span> <span class='ocrx_word' id='word_1_101' title='bbox 702 1903 819 1967; x_wconf 81' lang='lat' dir='ltr'>formas</span> <span class='ocrx_word' id='word_1_102' title='bbox 852 1903 920 1980; x_wconf 82' lang='grc' dir='ltr'><strong><em>βιοῖ</em></strong></span> <span class='ocrx_word' id='word_1_103' title='bbox 925 1952 935 1978; x_wconf 86' lang='grc'><strong>,</strong></span> <span class='ocrx_word' id='word_1_104' title='bbox 969 1903 1074 1981; x_wconf 78' lang='grc' dir='ltr'><strong><em>βιοῦν,</em></strong></span> <span class='ocrx_word' id='word_1_105' title='bbox 1110 1903 1206 1982; x_wconf 78' lang='grc' dir='ltr'><strong><em>βιῶν,</em></strong></span> <span class='ocrx_word' id='word_1_106' title='bbox 1240 1902 1400 1980; x_wconf 76' lang='grc' dir='ltr'><em>βιοῦντες,</em></span> <span class='ocrx_word' id='word_1_107' title='bbox 1435 1912 1473 1968; x_wconf 92' lang='lat' dir='ltr'>ut</span> 
     </span>
     <span class='ocr_line' id='line_1_15' title="bbox 285 2005 1473 2093; baseline 0.002 -20"><span class='ocrx_word' id='word_1_108' title='bbox 285 2006 371 2090; x_wconf 79' lang='grc' dir='ltr'><strong><em>ίζην,</em></strong></span> <span class='ocrx_word' id='word_1_109' title='bbox 403 2005 508 2086; x_wconf 79' lang='grc' dir='ltr'><strong><em>ζῆνιιι,</em></strong></span> <span class='ocrx_word' id='word_1_110' title='bbox 537 2005 601 2085; x_wconf 71' lang='grc' dir='ltr'>ζὴίι</span> <span class='ocrx_word' id='word_1_111' title='bbox 623 2008 705 2072; x_wconf 87' lang='lat' dir='ltr'>vitio</span> <span class='ocrx_word' id='word_1_112' title='bbox 726 2007 905 2072; x_wconf 87' lang='lat' dir='ltr'>formarunt</span> <span class='ocrx_word' id='word_1_113' title='bbox 926 2028 965 2073; x_wconf 89' lang='lat' dir='ltr'>ex</span> <span class='ocrx_word' id='word_1_114' title='bbox 986 2005 1055 2090; x_wconf 78' lang='grc' dir='ltr'><strong><em>ἔζης</em></strong></span> <span class='ocrx_word' id='word_1_115' title='bbox 1079 2014 1112 2073; x_wconf 90' lang='lat' dir='ltr'>et</span> <span class='ocrx_word' id='word_1_116' title='bbox 1134 2005 1207 2089; x_wconf 78' lang='grc' dir='ltr'>ἔζη,</span> <span class='ocrx_word' id='word_1_117' title='bbox 1237 2014 1269 2072; x_wconf 89' lang='lat' dir='ltr'>et</span> <span class='ocrx_word' id='word_1_118' title='bbox 1292 2011 1473 2093; x_wconf 78' lang='lat' dir='ltr'>optativum</span> 
     </span>
     <span class='ocr_line' id='line_1_16' title="bbox 286 2109 1473 2198; baseline 0.001 -20"><span class='ocrx_word' id='word_1_119' title='bbox 286 2110 363 2194; x_wconf 70' lang='grc' dir='ltr'><strong><em>ζῴης</em></strong></span> <span class='ocrx_word' id='word_1_120' title='bbox 386 2118 420 2178; x_wconf 90' lang='lat' dir='ltr'>et</span> <span class='ocrx_word' id='word_1_121' title='bbox 441 2109 500 2192; x_wconf 77' lang='grc' dir='ltr'>ζῴη</span> <span class='ocrx_word' id='word_1_122' title='bbox 531 2111 743 2196; x_wconf 78' lang='lat' dir='ltr'>depravarunt</span> <span class='ocrx_word' id='word_1_123' title='bbox 769 2113 804 2176; x_wconf 91' lang='lat' dir='ltr'>in</span> <span class='ocrx_word' id='word_1_124' title='bbox 825 2111 908 2193; x_wconf 78' lang='grc' dir='ltr'><strong><em>ζώοις</em></strong></span> <span class='ocrx_word' id='word_1_125' title='bbox 931 2119 963 2177; x_wconf 89' lang='lat' dir='ltr'>et</span> <span class='ocrx_word' id='word_1_126' title='bbox 985 2112 1063 2194; x_wconf 75' lang='grc' dir='ltr'><strong><em>ζώοι.</em></strong></span> <span class='ocrx_word' id='word_1_127' title='bbox 1109 2111 1173 2178; x_wconf 77' lang='lat' dir='ltr'>Sed</span> <span class='ocrx_word' id='word_1_128' title='bbox 1193 2117 1305 2198; x_wconf 80' lang='lat' dir='ltr'>patent</span> <span class='ocrx_word' id='word_1_129' title='bbox 1325 2134 1409 2179; x_wconf 90' lang='lat' dir='ltr'>nunc</span> <span class='ocrx_word' id='word_1_130' title='bbox 1431 2116 1473 2178; x_wconf 85' lang='lat' dir='ltr'>is·</span> 
     </span>
     <span class='ocr_line' id='line_1_17' title="bbox 286 2217 1474 2303; baseline -0.001 -19"><span class='ocrx_word' id='word_1_131' title='bbox 286 2225 395 2284; x_wconf 89' lang='lat' dir='ltr'>torum</span> <span class='ocrx_word' id='word_1_132' title='bbox 425 2237 544 2283; x_wconf 84' lang='lat' dir='ltr'>errores</span> <span class='ocrx_word' id='word_1_133' title='bbox 572 2237 673 2301; x_wconf 90' lang='lat' dir='ltr'>neque</span> <span class='ocrx_word' id='word_1_134' title='bbox 703 2219 852 2301; x_wconf 90' lang='lat' dir='ltr'>cuiquam</span> <span class='ocrx_word' id='word_1_135' title='bbox 883 2217 1022 2303; x_wconf 87' lang='lat' dir='ltr'>amplius</span> <span class='ocrx_word' id='word_1_136' title='bbox 1050 2219 1230 2303; x_wconf 84' lang='lat' dir='ltr'>imponunt</span> <span class='ocrx_word' id='word_1_137' title='bbox 1283 2217 1362 2299; x_wconf 87' lang='lat' dir='ltr'>Quis</span> <span class='ocrx_word' id='word_1_138' title='bbox 1392 2222 1474 2283; x_wconf 85' lang='lat' dir='ltr'>serio</span> 
     </span>
     <span class='ocr_line' id='line_1_18' title="bbox 286 2321 1475 2407; baseline -0.003 -16"><span class='ocrx_word' id='word_1_139' title='bbox 286 2324 393 2391; x_wconf 82' lang='lat' dir='ltr'>credet</span> <span class='ocrx_word' id='word_1_140' title='bbox 421 2321 610 2407; x_wconf 76' lang='lat' dir='ltr'>Euripidem</span> <span class='ocrx_word' id='word_1_141' title='bbox 639 2341 697 2406; x_wconf 86' lang='lat' dir='ltr'>pro</span> <span class='ocrx_word' id='word_1_142' title='bbox 727 2321 780 2402; x_wconf 82' lang='grc' dir='ltr'>ζὴν</span> <span class='ocrx_word' id='word_1_143' title='bbox 812 2322 929 2387; x_wconf 88' lang='lat' dir='ltr'>dixisse</span> <span class='ocrx_word' id='word_1_144' title='bbox 958 2323 1063 2399; x_wconf 81' lang='grc' dir='ltr'><strong><em>βιοῦν,</em></strong></span> <span class='ocrx_word' id='word_1_145' title='bbox 1099 2325 1175 2407; x_wconf 89' lang='lat' dir='ltr'>quia</span> <span class='ocrx_word' id='word_1_146' title='bbox 1196 2323 1230 2388; x_wconf 86' lang='lat' dir='ltr'>id</span> <span class='ocrx_word' id='word_1_147' title='bbox 1259 2347 1318 2388; x_wconf 84' lang='grc' dir='ltr'><strong><em>ιιιιο</em></strong></span> <span class='ocrx_word' id='word_1_148' title='bbox 1347 2322 1416 2388; x_wconf 86' lang='lat' dir='ltr'>loco</span> <span class='ocrx_word' id='word_1_149' title='bbox 1439 2325 1475 2388; x_wconf 92' lang='lat' dir='ltr'>in</span> 
     </span>
     <span class='ocr_line' id='line_1_19' title="bbox 287 2424 1476 2514; baseline -0.003 -17"><span class='ocrx_word' id='word_1_150' title='bbox 287 2430 416 2497; x_wconf 83' lang='lat' dir='ltr'>Stobaei</span> <span class='ocrx_word' id='word_1_151' title='bbox 438 2424 609 2494; x_wconf 76' lang='lat' dir='ltr'>codicibus</span> <span class='ocrx_word' id='word_1_152' title='bbox 630 2424 772 2514; x_wconf 76' lang='lat' dir='ltr'>legitur?</span> <span class='ocrx_word' id='word_1_153' title='bbox 804 2425 953 2504; x_wconf 76' lang='grc' dir='ltr'>Εὐδιξίοιν</span> <span class='ocrx_word' id='word_1_154' title='bbox 977 2428 1088 2493; x_wconf 87' lang='lat' dir='ltr'>eadem</span> <span class='ocrx_word' id='word_1_155' title='bbox 1110 2426 1150 2493; x_wconf 89' lang='lat' dir='ltr'>de</span> <span class='ocrx_word' id='word_1_156' title='bbox 1172 2448 1267 2495; x_wconf 87' lang='lat' dir='ltr'>eausa</span> <span class='ocrx_word' id='word_1_157' title='bbox 1289 2433 1476 2513; x_wconf 85' lang='lat' dir='ltr'>corruptum</span> 
     </span>
     <span class='ocr_line' id='line_1_20' title="bbox 286 2530 844 2608; baseline -0.014 -4"><span class='ocrx_word' id='word_1_158' title='bbox 286 2535 428 2604; x_wconf 78' lang='lat' dir='ltr'>revocari</span> <span class='ocrx_word' id='word_1_159' title='bbox 450 2533 544 2598; x_wconf 88' lang='lat' dir='ltr'>debet</span> <span class='ocrx_word' id='word_1_160' title='bbox 566 2530 628 2608; x_wconf 87' lang='grc'>29,</span> <span class='ocrx_word' id='word_1_161' title='bbox 654 2530 697 2597; x_wconf 92' lang='grc'>32</span> <span class='ocrx_word' id='word_1_162' title='bbox 720 2534 755 2597; x_wconf 92' lang='lat' dir='ltr'>in</span> <span class='ocrx_word' id='word_1_163' title='bbox 775 2533 844 2597; x_wconf 87' lang='lat' dir='ltr'>hie:</span> 
     </span>
     <span class='ocr_line' id='line_1_21' title="bbox 400 2635 1065 2720; baseline -0.006 -15"><span class='ocrx_word' id='word_1_164' title='bbox 400 2638 494 2711; x_wconf 80' lang='grc' dir='ltr'><strong><em>οὐδείς</em></strong></span> <span class='ocrx_word' id='word_1_165' title='bbox 516 2635 581 2717; x_wconf 61' lang='lat' dir='ltr'>peip</span> <span class='ocrx_word' id='word_1_166' title='bbox 604 2642 642 2703; x_wconf 83' lang='grc' dir='ltr'>ὢν</span> <span class='ocrx_word' id='word_1_167' title='bbox 665 2638 796 2720; x_wconf 73' lang='grc' dir='ltr'>ρὀίίυμος</span> <span class='ocrx_word' id='word_1_168' title='bbox 820 2639 948 2711; x_wconf 80' lang='grc' dir='ltr'>εὐυλεὴς</span> <span class='ocrx_word' id='word_1_169' title='bbox 971 2638 1065 2717; x_wconf 79' lang='grc' dir='ltr'>οένὴρ,</span> 
     </span>
     <span class='ocr_line' id='line_1_22' title="bbox 399 2741 1106 2815; baseline -0.003 -7"><span class='ocrx_word' id='word_1_170' title='bbox 399 2744 476 2809; x_wconf 69' lang='grc' dir='ltr'>ἀλλ’</span> <span class='ocrx_word' id='word_1_171' title='bbox 498 2743 524 2809; x_wconf 77' lang='grc' dir='ltr'>οἱ</span> <span class='ocrx_word' id='word_1_172' title='bbox 549 2741 631 2809; x_wconf 84' lang='grc' dir='ltr'><strong><em>πίνοι</em></strong></span> <span class='ocrx_word' id='word_1_173' title='bbox 654 2742 789 2808; x_wconf 74' lang='grc' dir='ltr'>τίκτουσι</span> <span class='ocrx_word' id='word_1_174' title='bbox 813 2743 869 2815; x_wconf 80' lang='grc' dir='ltr'>σὴν</span> <span class='ocrx_word' id='word_1_175' title='bbox 893 2742 1106 2809; x_wconf 66' lang='lat' dir='ltr'>semustae.</span> 
     </span>
     <span class='ocr_line' id='line_1_23' title="bbox 286 2845 701 2924; baseline 0.002 -9"><span class='ocrx_word' id='word_1_176' title='bbox 286 2853 449 2917; x_wconf 84' lang='lat' dir='ltr'>imovero</span> <span class='ocrx_word' id='word_1_177' title='bbox 471 2851 527 2924; x_wconf 85' lang='grc' dir='ltr'>τὴν</span> <span class='ocrx_word' id='word_1_178' title='bbox 550 2845 701 2924; x_wconf 69' lang='grc' dir='ltr'><strong><em>εὐδοξίαν.</em></strong></span> 
     </span>
    </p>
   </div>
   <div class='ocr_carea' id='block_1_4' title="bbox 285 3058 1477 3879">
    <p class='ocr_par' dir='ltr' id='par_1_4' title="bbox 332 3058 664 3139">
     <span class='ocr_line' id='line_1_24' title="bbox 332 3058 664 3139; baseline -0.012 -11"><span class='ocrx_word' id='word_1_179' title='bbox 332 3062 370 3128; x_wconf 88' lang='lat' dir='ltr'>ln</span> <span class='ocrx_word' id='word_1_180' title='bbox 391 3060 500 3126; x_wconf 84' lang='lat' dir='ltr'>Floril.</span> <span class='ocrx_word' id='word_1_181' title='bbox 524 3058 585 3139; x_wconf 88' lang='grc'>29,</span> <span class='ocrx_word' id='word_1_182' title='bbox 611 3058 664 3125; x_wconf 91' lang='grc'>36.</span> 
     </span>
    </p>

    <p class='ocr_par' dir='ltr' id='par_1_5' title="bbox 471 3162 1131 3248">
     <span class='ocr_line' id='line_1_25' title="bbox 471 3162 1131 3248; baseline 0.005 -19"><span class='ocrx_word' id='word_1_183' title='bbox 471 3162 544 3230; x_wconf 75' lang='grc' dir='ltr'><strong><em>ἄνευ</em></strong></span> <span class='ocrx_word' id='word_1_184' title='bbox 567 3163 668 3245; x_wconf 78' lang='grc' dir='ltr'><strong><em>τύχης</em></strong></span> <span class='ocrx_word' id='word_1_185' title='bbox 689 3167 772 3247; x_wconf 73' lang='grc' dir='ltr'>γὰρ,</span> <span class='ocrx_word' id='word_1_186' title='bbox 796 3166 895 3246; x_wconf 76' lang='grc' dir='ltr'><strong><em>ὥσπερ</em></strong></span> <span class='ocrx_word' id='word_1_187' title='bbox 920 3168 938 3240; x_wconf 91' lang='grc' dir='ltr'><strong><em>ἡ</em></strong></span> <span class='ocrx_word' id='word_1_188' title='bbox 962 3169 1131 3248; x_wconf 82' lang='grc' dir='ltr'><strong><em>συροιμίοι,</em></strong></span> 
     </span>
    </p>

    <p class='ocr_par' dir='ltr' id='par_1_6' title="bbox 285 3268 1477 3879">
     <span class='ocr_line' id='line_1_26' title="bbox 470 3268 1156 3352; baseline -0.001 -17"><span class='ocrx_word' id='word_1_189' title='bbox 470 3268 559 3342; x_wconf 81' lang='grc' dir='ltr'><strong><em>σίνος</em></strong></span> <span class='ocrx_word' id='word_1_190' title='bbox 581 3270 720 3348; x_wconf 74' lang='grc' dir='ltr'>μονωθεὶς</span> <span class='ocrx_word' id='word_1_191' title='bbox 743 3272 841 3337; x_wconf 81' lang='grc' dir='ltr'><strong><em>οὐκέτ’</em></strong></span> <span class='ocrx_word' id='word_1_192' title='bbox 864 3273 996 3351; x_wconf 71' lang='grc' dir='ltr'><strong><em>ἀλγύνει</em></strong></span> <span class='ocrx_word' id='word_1_193' title='bbox 1019 3271 1156 3352; x_wconf 78' lang='grc' dir='ltr'><strong><em>βροτούς.</em></strong></span> 
     </span>
     <span class='ocr_line' id='line_1_27' title="bbox 287 3375 1476 3463; baseline -0.003 -16"><span class='ocrx_word' id='word_1_194' title='bbox 287 3382 348 3447; x_wconf 85' lang='lat' dir='ltr'>hoe</span> <span class='ocrx_word' id='word_1_195' title='bbox 367 3397 470 3443; x_wconf 84' lang='lat' dir='ltr'>unum</span> <span class='ocrx_word' id='word_1_196' title='bbox 492 3376 625 3460; x_wconf 83' lang='lat' dir='ltr'>dispicio</span> <span class='ocrx_word' id='word_1_197' title='bbox 646 3377 849 3442; x_wconf 84' lang='lat' dir='ltr'>scribendum</span> <span class='ocrx_word' id='word_1_198' title='bbox 872 3398 939 3442; x_wconf 86' lang='lat' dir='ltr'>esse</span> <span class='ocrx_word' id='word_1_199' title='bbox 961 3375 1000 3441; x_wconf 80' lang='grc' dir='ltr'>ίον</span> <span class='ocrx_word' id='word_1_200' title='bbox 1023 3379 1178 3458; x_wconf 77' lang='grc' dir='ltr'>ιῦσυχὴο,</span> <span class='ocrx_word' id='word_1_201' title='bbox 1201 3379 1229 3440; x_wconf 76' lang='grc' dir='ltr'>οἱ</span> <span class='ocrx_word' id='word_1_202' title='bbox 1251 3379 1308 3441; x_wconf 76' lang='lat' dir='ltr'>titi</span> <span class='ocrx_word' id='word_1_203' title='bbox 1334 3402 1382 3442; x_wconf 80' lang='lat' dir='ltr'>rer</span> <span class='ocrx_word' id='word_1_204' title='bbox 1401 3402 1476 3463; x_wconf 81' lang='lat' dir='ltr'>pro·</span> 
     </span>
     <span class='ocr_line' id='line_1_28' title="bbox 286 3479 1473 3572; baseline -0.003 -22"><span class='ocrx_word' id='word_1_205' title='bbox 286 3507 370 3572; x_wconf 79' lang='lat' dir='ltr'>spere</span> <span class='ocrx_word' id='word_1_206' title='bbox 391 3482 520 3548; x_wconf 76' lang='grc' dir='ltr'><strong><em>οοιοονίί.</em></strong></span> <span class='ocrx_word' id='word_1_207' title='bbox 548 3479 585 3546; x_wconf 91' lang='lat' dir='ltr'>Iu</span> <span class='ocrx_word' id='word_1_208' title='bbox 606 3483 747 3559; x_wconf 75' lang='grc' dir='ltr'><strong><em>μονοδείς</em></strong></span> <span class='ocrx_word' id='word_1_209' title='bbox 771 3482 848 3567; x_wconf 90' lang='lat' dir='ltr'>quid</span> <span class='ocrx_word' id='word_1_210' title='bbox 870 3481 969 3548; x_wconf 89' lang='lat' dir='ltr'>lateat</span> <span class='ocrx_word' id='word_1_211' title='bbox 991 3482 1063 3547; x_wconf 92' lang='lat' dir='ltr'>aliis</span> <span class='ocrx_word' id='word_1_212' title='bbox 1085 3482 1299 3567; x_wconf 86' lang='lat' dir='ltr'>quaerendum</span> <span class='ocrx_word' id='word_1_213' title='bbox 1318 3483 1473 3569; x_wconf 88' lang='lat' dir='ltr'>relinquo.</span> 
     </span>
     <span class='ocr_line' id='line_1_29' title="bbox 288 3586 1474 3674; baseline -0.005 -14"><span class='ocrx_word' id='word_1_214' title='bbox 288 3591 410 3660; x_wconf 75' lang='lat' dir='ltr'>eadem</span> <span class='ocrx_word' id='word_1_215' title='bbox 431 3589 497 3653; x_wconf 87' lang='lat' dir='ltr'>fere</span> <span class='ocrx_word' id='word_1_216' title='bbox 518 3590 675 3653; x_wconf 87' lang='lat' dir='ltr'>sententia</span> <span class='ocrx_word' id='word_1_217' title='bbox 696 3593 745 3653; x_wconf 89' lang='lat' dir='ltr'>est</span> <span class='ocrx_word' id='word_1_218' title='bbox 766 3591 800 3652; x_wconf 92' lang='lat' dir='ltr'>in</span> <span class='ocrx_word' id='word_1_219' title='bbox 819 3587 938 3674; x_wconf 89' lang='lat' dir='ltr'>pseudo</span> <span class='ocrx_word' id='word_1_220' title='bbox 962 3625 1005 3635; x_wconf 89' lang='lat'>—</span> <span class='ocrx_word' id='word_1_221' title='bbox 1027 3587 1237 3653; x_wconf 88' lang='lat' dir='ltr'>Democriteis</span> <span class='ocrx_word' id='word_1_222' title='bbox 1256 3586 1317 3665; x_wconf 90' lang='grc'>29,</span> <span class='ocrx_word' id='word_1_223' title='bbox 1341 3587 1396 3653; x_wconf 83' lang='grc'>88.</span> <span class='ocrx_word' id='word_1_224' title='bbox 1415 3596 1474 3664; x_wconf 75' lang='grc' dir='ltr'>τῆς</span> 
     </span>
     <span class='ocr_line' id='line_1_30' title="bbox 289 3688 1477 3777; baseline -0.003 -15"><span class='ocrx_word' id='word_1_225' title='bbox 289 3696 421 3777; x_wconf 78' lang='grc' dir='ltr'>ἡσυχίης</span> <span class='ocrx_word' id='word_1_226' title='bbox 452 3695 477 3759; x_wconf 82' lang='grc' dir='ltr'>οἱ</span> <span class='ocrx_word' id='word_1_227' title='bbox 508 3691 591 3758; x_wconf 77' lang='grc' dir='ltr'><strong><em>πίνοι</em></strong></span> <span class='ocrx_word' id='word_1_228' title='bbox 623 3692 733 3769; x_wconf 75' lang='grc' dir='ltr'>ἡδίονος</span> <span class='ocrx_word' id='word_1_229' title='bbox 760 3688 835 3757; x_wconf 75' lang='lat' dir='ltr'>droca</span> <span class='ocrx_word' id='word_1_230' title='bbox 857 3689 896 3757; x_wconf 79' lang='grc' dir='ltr'>ὧν</span> <span class='ocrx_word' id='word_1_231' title='bbox 920 3690 1029 3757; x_wconf 76' lang='grc' dir='ltr'><strong><em>εἵνεκεν</em></strong></span> <span class='ocrx_word' id='word_1_232' title='bbox 1052 3693 1188 3758; x_wconf 77' lang='grc' dir='ltr'><strong><em>πονέουσι</em></strong></span> <span class='ocrx_word' id='word_1_233' title='bbox 1210 3692 1415 3773; x_wconf 74' lang='grc' dir='ltr'><strong><em>τυγχάνωσι,</em></strong></span> <span class='ocrx_word' id='word_1_234' title='bbox 1439 3694 1477 3759; x_wconf 84' lang='lat' dir='ltr'>id</span> 
     </span>
     <span class='ocr_line' id='line_1_31' title="bbox 285 3802 634 3879; baseline -0.032 -5"><span class='ocrx_word' id='word_1_235' title='bbox 285 3813 333 3874; x_wconf 85' lang='lat' dir='ltr'>est</span> <span class='ocrx_word' id='word_1_236' title='bbox 354 3802 429 3871; x_wconf 74' lang='lat' dir='ltr'>drus</span> <span class='ocrx_word' id='word_1_237' title='bbox 452 3802 634 3879; x_wconf 81' lang='grc' dir='ltr'><strong><em>εὐτυχῶσιν.</em></strong></span> 
     </span>
    </p>
   </div>
   <div class='ocr_carea' id='block_1_5' title="bbox 285 4008 1474 4408">
    <p class='ocr_par' dir='ltr' id='par_1_7' title="bbox 285 4008 1474 4408">
     <span class='ocr_line' id='line_1_32' title="bbox 329 4008 1474 4095; baseline -0.008 -14"><span class='ocrx_word' id='word_1_238' title='bbox 329 4016 368 4081; x_wconf 88' lang='lat' dir='ltr'>In</span> <span class='ocrx_word' id='word_1_239' title='bbox 389 4011 499 4079; x_wconf 73' lang='lat' dir='ltr'>iioril.</span> <span class='ocrx_word' id='word_1_240' title='bbox 526 4008 585 4088; x_wconf 84' lang='lat'>33,</span> <span class='ocrx_word' id='word_1_241' title='bbox 612 4008 664 4072; x_wconf 82' lang='lat'>14.</span> <span class='ocrx_word' id='word_1_242' title='bbox 699 4008 858 4095; x_wconf 82' lang='lat' dir='ltr'>Diogenes</span> <span class='ocrx_word' id='word_1_243' title='bbox 881 4010 996 4090; x_wconf 77' lang='grc' dir='ltr'><strong><em>ἕοιςιιιῷ</em></strong></span> <span class='ocrx_word' id='word_1_244' title='bbox 1019 4032 1076 4073; x_wconf 80' lang='grc' dir='ltr'><strong><em>τινι</em></strong></span> <span class='ocrx_word' id='word_1_245' title='bbox 1099 4011 1145 4073; x_wconf 89' lang='lat' dir='ltr'>sic</span> <span class='ocrx_word' id='word_1_246' title='bbox 1163 4010 1304 4073; x_wconf 86' lang='lat' dir='ltr'>intonat:</span> <span class='ocrx_word' id='word_1_247' title='bbox 1329 4008 1474 4074; x_wconf 80' lang='grc' dir='ltr'><strong><em>ιιοινιίδοιι-</em></strong></span> 
     </span>
     <span class='ocr_line' id='line_1_33' title="bbox 285 4113 1473 4204; baseline -0.006 -20"><span class='ocrx_word' id='word_1_248' title='bbox 285 4148 363 4204; x_wconf 84' lang='grc' dir='ltr'>μον,</span> <span class='ocrx_word' id='word_1_249' title='bbox 392 4120 427 4183; x_wconf 79' lang='grc' dir='ltr'>σί</span> <span class='ocrx_word' id='word_1_250' title='bbox 456 4116 602 4195; x_wconf 74' lang='grc' dir='ltr'>βέλτιςον</span> <span class='ocrx_word' id='word_1_251' title='bbox 628 4121 686 4179; x_wconf 81' lang='grc' dir='ltr'>σῶν</span> <span class='ocrx_word' id='word_1_252' title='bbox 709 4115 740 4178; x_wconf 88' lang='grc' dir='ltr'>ἕν</span> <span class='ocrx_word' id='word_1_253' title='bbox 761 4116 804 4194; x_wconf 77' lang='grc' dir='ltr'>τῷ</span> <span class='ocrx_word' id='word_1_254' title='bbox 827 4114 886 4195; x_wconf 83' lang='grc' dir='ltr'>βίῳ</span> <span class='ocrx_word' id='word_1_255' title='bbox 910 4118 963 4178; x_wconf 81' lang='grc' dir='ltr'>σοῦ</span> <span class='ocrx_word' id='word_1_256' title='bbox 987 4113 1161 4196; x_wconf 78' lang='grc' dir='ltr'><strong><em>Φιλοσόφου</em></strong></span> <span class='ocrx_word' id='word_1_257' title='bbox 1184 4113 1406 4191; x_wconf 75' lang='grc' dir='ltr'><strong><em>λυμαινόμενος</em></strong></span> <span class='ocrx_word' id='word_1_258' title='bbox 1429 4116 1473 4194; x_wconf 77' lang='grc' dir='ltr'>τῷ</span> 
     </span>
     <span class='ocr_line' id='line_1_34' title="bbox 285 4218 1472 4306; baseline -0.003 -19"><span class='ocrx_word' id='word_1_259' title='bbox 285 4229 370 4306; x_wconf 65' lang='grc' dir='ltr'>λόγῳ</span> <span class='ocrx_word' id='word_1_260' title='bbox 400 4227 583 4306; x_wconf 72' lang='grc' dir='ltr'><strong><em>φιλοσοφεῖν</em></strong></span> <span class='ocrx_word' id='word_1_261' title='bbox 612 4220 695 4299; x_wconf 74' lang='grc' dir='ltr'>φὴςς</span> <span class='ocrx_word' id='word_1_262' title='bbox 726 4218 845 4285; x_wconf 87' lang='lat' dir='ltr'>melius</span> <span class='ocrx_word' id='word_1_263' title='bbox 876 4220 999 4286; x_wconf 90' lang='lat' dir='ltr'>dixerat</span> <span class='ocrx_word' id='word_1_264' title='bbox 1021 4240 1077 4305; x_wconf 90' lang='lat' dir='ltr'>per</span> <span class='ocrx_word' id='word_1_265' title='bbox 1099 4222 1346 4304; x_wconf 85' lang='lat' dir='ltr'>appositionem,</span> <span class='ocrx_word' id='word_1_266' title='bbox 1378 4227 1472 4284; x_wconf 86' lang='grc' dir='ltr'>ΤΟΝ</span> 
     </span>
     <span class='ocr_line' id='line_1_35' title="bbox 287 4321 1349 4408; baseline -0.005 -14"><span class='ocrx_word' id='word_1_267' title='bbox 287 4332 427 4408; x_wconf 59' lang='lat' dir='ltr'>sopora,</span> <span class='ocrx_word' id='word_1_268' title='bbox 452 4327 600 4408; x_wconf 85' lang='lat' dir='ltr'>quoniam</span> <span class='ocrx_word' id='word_1_269' title='bbox 624 4324 638 4385; x_wconf 83' lang='lat' dir='ltr'>d</span> <span class='ocrx_word' id='word_1_270' title='bbox 662 4321 755 4398; x_wconf 78' lang='grc' dir='ltr'><strong><em>λόγος</em></strong></span> <span class='ocrx_word' id='word_1_271' title='bbox 779 4330 827 4388; x_wconf 87' lang='lat' dir='ltr'>est</span> <span class='ocrx_word' id='word_1_272' title='bbox 849 4327 884 4389; x_wconf 80' lang='grc' dir='ltr'>νδ</span> <span class='ocrx_word' id='word_1_273' title='bbox 908 4324 1053 4401; x_wconf 73' lang='grc' dir='ltr'>βίλιιςον</span> <span class='ocrx_word' id='word_1_274' title='bbox 1077 4331 1134 4389; x_wconf 84' lang='grc' dir='ltr'>τῶν</span> <span class='ocrx_word' id='word_1_275' title='bbox 1159 4325 1189 4387; x_wconf 73' lang='grc' dir='ltr'>ἐν</span> <span class='ocrx_word' id='word_1_276' title='bbox 1211 4326 1254 4406; x_wconf 76' lang='grc' dir='ltr'>τῷ</span> <span class='ocrx_word' id='word_1_277' title='bbox 1278 4324 1349 4405; x_wconf 84' lang='grc' dir='ltr'><strong><em>βίῳ.</em></strong></span> 
     </span>
    </p>
   </div>
   <div class='ocr_carea' id='block_1_6' title="bbox 0 0 1653 5006">
    <p class='ocr_par' dir='ltr' id='par_1_8' title="bbox 0 0 1653 5006">
     <span class='ocr_line' id='line_1_36' title="bbox 0 0 1653 5006; baseline 0 0"><span class='ocrx_word' id='word_1_278' title='bbox 0 0 1653 5006; x_wconf 95' lang='lat' dir='ltr'> </span> 
     </span>
    </p>
   </div>
  </div>
 </body>
</html>
