3276 5006
284 323 350 388 102
653 333 697 380 sn
720 331 855 381 erosnsr
878 331 1103 383 ruoaunsruu.

285 518 350 581 σοῖο
376 507 736 577 ἘΠΙΤΑΤΤΟΤΟΙΝ,
769 496 825 566 οἶδ’
849 496 894 566 ότι
922 502 1053 583 Φνόσαισι
1085 498 1124 565 όον
1153 508 1216 572 τοῖο
1240 499 1409 578 δεομένοις·
1437 502 1472 564 τό

286 618 343 694 μὲν
367 612 430 692 νόορ
452 616 592 693 χρυσῶν,
617 609 652 673 πό
674 607 700 670 δ’
724 609 983 672 ἈΝΑΝΔΡΩΝ
1002 607 1160 687 οὶνόρόπσον
1179 604 1264 687 ἔργον
1281 606 1355 674 isia.
1389 606 1474 686 Quid

287 714 401 786 audio?
433 718 483 781 An
505 715 651 779 homines
674 719 847 794 crropcntea
868 718 901 777 et
923 713 1073 796 inportari
1094 716 1168 778 sunt
1190 708 1349 790 ἄνανδροιό
1382 709 1474 774 Vitae

286 845 363 890 usus
385 827 417 887 et
440 819 519 886 olim
542 823 574 885 et
592 838 676 883 nnnc
694 816 758 884 elia
777 816 877 885 docet.
912 816 982 883 lam
1001 817 1113 885 vidisti
1133 821 1351 885 ἈΝΑΙΔΩΝ
1370 834 1475 881 ernen-

287 932 355 996 dari
376 932 529 1012 oportere.

331 1138 369 1204 ln
398 1138 579 1224 fragmento
613 1133 728 1201 Dorico
758 1133 948 1211 Ἱπποδάμου
979 1130 1185 1212 Πυθαγορείου
1210 1128 1320 1199 Floril.
1345 1127 1407 1207 43,
1430 1126 1475 1194 92

287 1252 320 1310 et
343 1241 405 1320 93,
436 1247 474 1306 ut
503 1247 536 1306 et
565 1242 599 1304 in
630 1240 761 1305 caeteris
789 1238 1067 1326 Pythagoreorum
1090 1237 1278 1324 fragmentis
1300 1234 1385 1320 apud
1405 1233 1477 1300 Sto

288 1351 422 1423 basum,
454 1344 537 1413 nihil
567 1348 615 1411 est
644 1342 729 1428 quod
758 1342 871 1411 referat
901 1343 1049 1428 antiquae
1072 1341 1201 1421 Δωρίδος
1223 1342 1418 1427 gravitatem
1439 1360 1477 1405 ae

287 1456 436 1521 nitorem.
483 1449 600 1517 Omnia
628 1454 704 1515 sunt
730 1468 769 1514 ex
791 1450 908 1514 vitiosa
928 1446 1031 1533 plebis
1054 1449 1195 1530 σονιιόεόρι
1215 1446 1327 1512 fonnis
1348 1446 1477 1530 quibus

290 1559 366 1625 dam
399 1555 522 1623 Doricis
552 1560 585 1619 et
615 1553 794 1619 simulacris
825 1553 932 1619 fucata
963 1553 1070 1640 magis
1103 1572 1201 1637 quam
1223 1556 1342 1617 ornata.
1389 1552 1475 1628 Φαμὶ

289 1664 316 1730 δ’
340 1665 418 1742 roos
449 1661 479 1732 ἐς
507 1669 616 1741 μοῖραο
641 1666 721 1741 τρεῖς
745 1658 923 1725 δοεσποόσόοοι
946 1660 1005 1724 σόον
1028 1657 1201 1736 σύμπασαν
1224 1656 1394 1722 πολιποόαν.
1439 1654 1478 1723 Iu

293 1772 424 1854 araque
447 1764 581 1835 Graecia
604 1765 711 1833 ἑσόνοοι
735 1785 810 1828 cum
832 1765 1016 1849 compositis
1038 1761 1221 1840 σννεςόυαι,
1246 1760 1399 1835 trecasas.
1422 1785 1477 1827 να·

293 1874 435 1948 όεςοόναι,
458 1872 627 1951 praecerat
652 1875 711 1936 cet.
735 1869 867 1955 perfecti
880 1869 1000 1953 pascici
1017 1871 1088 1934 rice
1103 1868 1251 1955 fungitur
1267 1872 1299 1931 et
1317 1869 1479 1935 notionem

293 1982 415 2051 obtinet
444 1975 574 2063 perinde
597 1980 692 2060 atque
715 1978 832 2040 κεῖσθαι
855 1994 929 2039 curn
953 1975 1136 2059 compositis
1157 1972 1305 2041 omnibus
1326 1974 1361 2038 in
1381 1972 1480 2039 verbo

292 2085 418 2151 πιόέναι.
465 2084 611 2155 Τόόνσι
634 2084 685 2145 τὸν
710 2079 797 2158 νόμον
820 2081 834 2144 ό
859 2082 963 2145 Σόλοιν
986 2084 1019 2145 et
1042 2087 1180 2146 κεῖται
1204 2078 1218 2145 ό
1238 2078 1327 2155 νόμος
1347 2078 1406 2143 ὑπὸ
1424 2082 1478 2142 σοῦ

294 2188 429 2261 Σόλωνος
457 2189 504 2252 ita
532 2186 594 2251 eibi
616 2186 753 2249 interae
775 2185 963 2270 respondent
985 2190 1023 2249 ut
1045 2187 1059 2250 ό
1083 2185 1176 2262 δῆμος
1200 2186 1214 2249 ό
1238 2184 1405 2257 Ἀόιρνοοόυν
1426 2184 1479 2248 τόν

293 2294 422 2361 Σόλοννα
443 2294 584 2371 χαλκοῦν
608 2288 714 2365 όςνσεν
739 2293 771 2354 ot
786 2290 801 2357 ό
818 2290 921 2355 Σόλων
941 2294 1083 2369 χαλκοῦς
1107 2287 1214 2364 ἕςιικεν
1235 2290 1291 2355 ὑπό
1309 2294 1363 2355 σοῦ
1383 2289 1480 2368 δόμον

294 2405 347 2465 σοῦ
379 2397 554 2472 Ἀθηναίων.
608 2394 671 2460 Sed
705 2396 813 2460 omnia
841 2394 919 2461 haee
948 2392 1114 2460 Graeculis
1143 2398 1290 2484 ignorata
1318 2397 1481 2480 perierunt

295 2504 474 2587 diciturque
496 2502 510 2569 ό
532 2501 759 2578 καόεςαμένος.
792 2498 999 2578 μεόεςαμένοο
1011 2549 1020 2579 ,
1053 2499 1210 2569 trescasas
1234 2506 1267 2569 ei
1288 2503 1361 2571 sim.
1384 2521 1442 2586 pro
1463 2500 1480 2563 ό

295 2610 448 2687 καόεςός,
481 2609 506 2673 οἱ
534 2607 705 2679 amiserim
736 2604 839 2683 νόμοι,
871 2605 915 2671 rei
937 2607 1098 2675 καόεςῶποο
1121 2614 1211 2672 κινεῖν
1238 2612 1271 2672 et
1292 2609 1425 2685 μεόεςός
1448 2612 1482 2673 st

296 2714 445 2785 διεςοόναι.
501 2711 555 2779 Sic
588 2711 691 2798 igitur
722 2709 947 2796 Hippodamus
978 2714 1094 2779 vitiose
1128 2713 1210 2779 dixit
1243 2713 1409 2779 civitatem
1436 2713 1480 2785 εἰς

295 2827 405 2902 μοῖραο
436 2825 516 2898 τρεῖς
548 2816 725 2882 διεσπάσθαι
754 2816 927 2901 eodemque
948 2817 1043 2882 modo
1063 2819 1183 2903 passim
1205 2822 1238 2883 st
1259 2817 1416 2904 Polybius
1436 2816 1483 2883 lo-

296 2928 406 3012 quitur
435 2929 468 2991 et
497 2928 603 2991 totum
634 2924 816 3007 aequiorum
845 2942 971 3008 agmen.
1018 2920 1054 2987 Si
1084 2924 1155 3007 quis
1180 2925 1284 3010 igitur
1314 2926 1482 3008 antiquum

297 3030 423 3101 dicendi
443 3049 545 3117 genus
566 3029 690 3095 imitari
718 3029 838 3114 satagit
859 3027 927 3091 illis
949 3025 1076 3093 indiciis
1098 3030 1210 3095 statim
1233 3029 1319 3095 frans
1342 3036 1481 3115 apparat.

344 3132 408 3201 Ser
437 3133 501 3201 alia
529 3136 564 3197 in
594 3132 709 3197 iisdem
738 3132 926 3219 fragmentis
956 3132 1038 3197 vitia
1066 3138 1141 3197 sunt
1163 3152 1182 3201 a
1204 3135 1316 3200 scribis
1338 3136 1482 3211 invecta,

299 3258 379 3323 qnae
410 3237 567 3322 quomodo
597 3236 799 3303 Meinekium
831 3235 974 3322 fugerint
994 3256 1086 3321 saepe
1108 3239 1244 3303 miratus
1267 3259 1358 3317 sum,
1381 3240 1485 3307 veluti

299 3341 358 3421 43,
391 3340 444 3406 93.
468 3345 615 3407 πουπῖον
645 3339 676 3406 δὲ
707 3344 766 3404 σόον
796 3346 903 3421 μοιροῖν
928 3340 1029 3409 {aare
1052 3340 1149 3407 πόλιν
1171 3344 1202 3417 ἐς
1225 3346 1295 3424 πρόοι
1318 3344 1483 3413 τέτακται.

299 3446 385 3528 Quid
412 3447 472 3515 hoo
501 3448 593 3515 verbi
622 3452 671 3512 est
699 3443 833 3511 rovreio?
878 3444 1061 3513 Monstrum
1091 3453 1139 3512 est
1168 3452 1201 3513 et
1221 3454 1406 3534 portentum
1427 3471 1485 3536 pro

298 3555 423 3622 σοόπων.
470 3552 555 3634 Quid
582 3560 631 3619 est
661 3554 691 3624 ἑο
713 3553 783 3633 τρία
805 3548 980 3617 σότανταιό
1008 3550 1172 3618 Sententia
1194 3559 1242 3621 est
1263 3556 1417 3640 triprcrta'to
1438 3557 1485 3620 όν

299 3662 365 3727 cisa
388 3667 447 3737 est,
472 3663 579 3744 itaque
602 3661 633 3730 a
656 3658 726 3739 τρία
747 3657 923 3722 sermnem
951 3658 1176 3742 reponendum.
1221 3657 1432 3746 Inspiciamus
1452 3668 1486 3726 ct

299 3764 439 3850 reliqua:
464 3766 601 3846 πρόεδρον
625 3764 681 3842 μὲν
703 3762 738 3827 τὸ
762 3762 989 3844 προσυνεόρεῦον
1012 3763 1065 3828 καὶ
1092 3764 1183 3849 [Το]
1209 3766 1485 3846 προβουλευόμενον

300 3871 353 3943 καὶ
385 3869 608 3951 ε’πΑΝΑφόρον
639 3869 689 3935 ἐπὶ
721 3870 779 3935 σόον
810 3868 939 3945 βουλόν.
970 3870 1044 3952 quia
1072 3888 1136 3933 una
1158 3875 1206 3937 eat
1228 3877 1260 3939 st
1281 3872 1393 3939 eadem
1413 3892 1486 3957 pars

300 3976 572 4058 προσυνεόρεόουσα
602 3976 654 4041 καὶ
686 3974 949 4055 προβουλευομόνιρ
972 3994 1097 4040 neeesse
1119 3981 1167 4041 esi
1189 3982 1227 4043 ut
1249 3985 1308 4043 TO
1333 3976 1486 4044 dueatur.

301 4080 364 4145 Pro
386 4082 579 4163 ἕποινοφέρον
609 4084 643 4146 in
669 4085 790 4169 optimo
811 4080 894 4146 libro
916 4082 955 4145 Α.
979 4085 1028 4146 est
1049 4083 1139 4147 varia
1160 4081 1255 4148 lectio
1276 4083 1327 4148 ir'
1349 4087 1485 4149 ’λΜΦο-

300 4186 400 4266 σε’ρον.
426 4190 459 4251 in
483 4208 545 4272 qua
568 4190 650 4252 inest
666 4209 742 4253 vera
760 4189 917 4272 scriptura
936 4186 1182 4268 enumerasset
1199 4208 1261 4253 non
1279 4187 1373 4255 aliter
1389 4210 1485 4274 quam

300 4293 346 4354 sic
368 4291 468 4369 δωριςό
491 4293 616 4359 dicitur.

346 4393 423 4458 Post
453 4414 553 4477 pauca
584 4396 721 4481 legitur:
758 4401 798 4462 ποῖ·
832 4398 862 4461 δὲ
887 4396 1037 4476 casarea
1059 4398 1094 4462 πὸ
1117 4397 1174 4478 μέν
1198 4400 1242 4469 ε’ςι
1267 4398 1418 4480 ρεοιπόνον
1442 4435 1484 4447 -
