<?xml version="1.0" encoding="UTF-8"?>
<!DOCTYPE html PUBLIC "-//W3C//DTD XHTML 1.0 Transitional//EN"
    "http://www.w3.org/TR/xhtml1/DTD/xhtml1-transitional.dtd">
<html xmlns="http://www.w3.org/1999/xhtml" xml:lang="en" lang="en">
 <head>
  <title>
</title>
<meta http-equiv="Content-Type" content="text/html;charset=utf-8" />
  <meta name='ocr-system' content='tesseract 3.04.00' />
  <meta name='ocr-capabilities' content='ocr_page ocr_carea ocr_par ocr_line ocrx_word'/>
</head>
<body>
  <div class='ocr_page' id='page_1' title='image "./mnemosynebiblio00servgoog_0576.png"; bbox 0 0 3276 5006; ppageno 0'>
   <div class='ocr_carea' id='block_1_1' title="bbox 563 372 962 426">
    <p class='ocr_par' dir='ltr' id='par_1_1' title="bbox 563 372 962 426">
     <span class='ocr_line' id='line_1_1' title="bbox 563 372 962 426; baseline 0 -4"><span class='ocrx_word' id='word_1_1' title='bbox 563 376 607 422; x_wconf 83' lang='lat' dir='ltr'>AD</span> <span class='ocrx_word' id='word_1_2' title='bbox 631 372 787 424; x_wconf 68' lang='lat' dir='ltr'>eunome</span> <span class='ocrx_word' id='word_1_3' title='bbox 810 374 962 426; x_wconf 70' lang='lat' dir='ltr'>GORGIAM.</span> 
     </span>
    </p>
   </div>
   <div class='ocr_carea' id='block_1_2' title="bbox 165 543 1359 1588">
    <p class='ocr_par' dir='ltr' id='par_1_2' title="bbox 165 543 1359 1588">
     <span class='ocr_line' id='line_1_2' title="bbox 305 543 1109 630; baseline 0.002 -20"><span class='ocrx_word' id='word_1_4' title='bbox 305 548 322 622; x_wconf 73' lang='grc' dir='ltr'><em>ἢ</em></span> <span class='ocrx_word' id='word_1_5' title='bbox 348 549 392 626; x_wconf 68' lang='grc' dir='ltr'>μὴ</span> <span class='ocrx_word' id='word_1_6' title='bbox 413 553 533 625; x_wconf 73' lang='grc' dir='ltr'><strong><em>γαμεῖν</em></strong></span> <span class='ocrx_word' id='word_1_7' title='bbox 551 544 629 627; x_wconf 72' lang='grc' dir='ltr'><strong><em>γάρ,</em></strong></span> <span class='ocrx_word' id='word_1_8' title='bbox 647 544 692 613; x_wconf 70' lang='grc' dir='ltr'>’ῶν</span> <span class='ocrx_word' id='word_1_9' title='bbox 716 546 742 611; x_wconf 85' lang='grc' dir='ltr'>δ’</span> <span class='ocrx_word' id='word_1_10' title='bbox 765 543 856 623; x_wconf 72' lang='grc' dir='ltr'><strong><em>ἅπαξ</em></strong></span> <span class='ocrx_word' id='word_1_11' title='bbox 878 546 982 630; x_wconf 71' lang='grc' dir='ltr'><strong><em>λοίβρς</em></strong></span> <span class='ocrx_word' id='word_1_12' title='bbox 1003 546 1109 628; x_wconf 81' lang='grc' dir='ltr'><strong><em>φέρειν</em></strong></span> 
     </span>
     <span class='ocr_line' id='line_1_3' title="bbox 303 652 1047 732; baseline 0.003 -16"><span class='ocrx_word' id='word_1_13' title='bbox 303 652 453 729; x_wconf 92' lang='grc' dir='ltr'><strong><em>μύσαντα</em></strong></span> <span class='ocrx_word' id='word_1_14' title='bbox 477 654 595 727; x_wconf 75' lang='grc' dir='ltr'><strong><em>πολλὴν</em></strong></span> <span class='ocrx_word' id='word_1_15' title='bbox 618 662 730 732; x_wconf 77' lang='grc' dir='ltr'><strong><em>προῖκα</em></strong></span> <span class='ocrx_word' id='word_1_16' title='bbox 754 653 807 717; x_wconf 79' lang='grc' dir='ltr'>καί</span> <span class='ocrx_word' id='word_1_17' title='bbox 831 662 968 732; x_wconf 72' lang='grc' dir='ltr'><strong><em>γυναῖκα</em></strong></span> <span class='ocrx_word' id='word_1_18' title='bbox 992 654 1047 720; x_wconf 81' lang='grc' dir='ltr'><strong><em>δεῖ.</em></strong></span> 
     </span>
     <span class='ocr_line' id='line_1_4' title="bbox 166 756 1231 843; baseline 0.001 -21"><span class='ocrx_word' id='word_1_19' title='bbox 166 757 250 824; x_wconf 89' lang='lat' dir='ltr'>unda</span> <span class='ocrx_word' id='word_1_20' title='bbox 273 760 424 824; x_wconf 78' lang='lat' dir='ltr'>sumsisse</span> <span class='ocrx_word' id='word_1_21' title='bbox 446 763 559 843; x_wconf 87' lang='lat' dir='ltr'>putem</span> <span class='ocrx_word' id='word_1_22' title='bbox 579 756 748 825; x_wconf 82' lang='lat' dir='ltr'>Palladem</span> <span class='ocrx_word' id='word_1_23' title='bbox 771 761 805 823; x_wconf 91' lang='lat' dir='ltr'>in</span> <span class='ocrx_word' id='word_1_24' title='bbox 827 758 957 824; x_wconf 89' lang='lat' dir='ltr'>Anthol.</span> <span class='ocrx_word' id='word_1_25' title='bbox 981 759 1085 825; x_wconf 87' lang='lat' dir='ltr'>Pulat.</span> <span class='ocrx_word' id='word_1_26' title='bbox 1109 758 1151 822; x_wconf 89' lang='lat' dir='ltr'>X.</span> <span class='ocrx_word' id='word_1_27' title='bbox 1178 756 1231 823; x_wconf 81' lang='lat'>55.</span> 
     </span>
     <span class='ocr_line' id='line_1_5' title="bbox 636 864 1014 933; baseline 0 -5"><span class='ocrx_word' id='word_1_28' title='bbox 636 902 642 907; x_wconf 90' lang='lat'><em>·</em></span> <span class='ocrx_word' id='word_1_29' title='bbox 772 866 833 930; x_wconf 77' lang='grc' dir='ltr'><strong><em>οὐδ’</em></strong></span> <span class='ocrx_word' id='word_1_30' title='bbox 857 864 1014 933; x_wconf 67' lang='lat' dir='ltr'>amatore</span> 
     </span>
     <span class='ocr_line' id='line_1_6' title="bbox 325 970 1119 1051; baseline 0.003 -17"><span class='ocrx_word' id='word_1_31' title='bbox 325 970 415 1044; x_wconf 76' lang='grc' dir='ltr'><strong><em>οὔσης</em></strong></span> <span class='ocrx_word' id='word_1_32' title='bbox 438 993 489 1046; x_wconf 77' lang='grc' dir='ltr'>μοι</span> <span class='ocrx_word' id='word_1_33' title='bbox 513 979 659 1048; x_wconf 72' lang='grc' dir='ltr'><strong><em>γαμετῆς</em></strong></span> <span class='ocrx_word' id='word_1_34' title='bbox 682 971 744 1051; x_wconf 74' lang='grc' dir='ltr'><strong><em>χρή</em></strong></span> <span class='ocrx_word' id='word_1_35' title='bbox 767 994 811 1047; x_wconf 87' lang='grc' dir='ltr'><strong><em>με</em></strong></span> <span class='ocrx_word' id='word_1_36' title='bbox 832 970 981 1047; x_wconf 88' lang='grc' dir='ltr'><strong><em>μύσαντα</em></strong></span> <span class='ocrx_word' id='word_1_37' title='bbox 1005 971 1119 1051; x_wconf 82' lang='grc' dir='ltr'><strong><em>Φέρενν.</em></strong></span> 
     </span>
     <span class='ocr_line' id='line_1_7' title="bbox 213 1073 1060 1161; baseline 0.001 -19"><span class='ocrx_word' id='word_1_38' title='bbox 213 1073 334 1142; x_wconf 75' lang='lat' dir='ltr'>eodem</span> <span class='ocrx_word' id='word_1_39' title='bbox 355 1074 452 1141; x_wconf 93' lang='lat' dir='ltr'>modo</span> <span class='ocrx_word' id='word_1_40' title='bbox 474 1076 700 1161; x_wconf 78' lang='lat' dir='ltr'>Aristophanes</span> <span class='ocrx_word' id='word_1_41' title='bbox 723 1079 757 1141; x_wconf 92' lang='lat' dir='ltr'>in</span> <span class='ocrx_word' id='word_1_42' title='bbox 785 1075 887 1161; x_wconf 64' lang='lat' dir='ltr'>Vespa</span> <span class='ocrx_word' id='word_1_43' title='bbox 908 1098 956 1143; x_wconf 81' lang='grc' dir='ltr'>τε.</span> <span class='ocrx_word' id='word_1_44' title='bbox 981 1074 1060 1143; x_wconf 89' lang='grc'>988.</span> 
     </span>
     <span class='ocr_line' id='line_1_8' title="bbox 416 1178 1081 1267; baseline 0.002 -21"><span class='ocrx_word' id='word_1_45' title='bbox 416 1184 520 1259; x_wconf 81' lang='grc' dir='ltr'><strong><em>μύσας</em></strong></span> <span class='ocrx_word' id='word_1_46' title='bbox 544 1181 681 1267; x_wconf 76' lang='grc' dir='ltr'><strong><em>παρᾷξον</em></strong></span> <span class='ocrx_word' id='word_1_47' title='bbox 704 1181 902 1259; x_wconf 78' lang='grc' dir='ltr'><strong><em>κύπύλυσυν,</em></strong></span> <span class='ocrx_word' id='word_1_48' title='bbox 927 1178 948 1246; x_wconf 82' lang='grc' dir='ltr'><em>ὦ</em></span> <span class='ocrx_word' id='word_1_49' title='bbox 972 1182 1081 1262; x_wconf 80' lang='grc' dir='ltr'><strong><em>τοίπερ.</em></strong></span> 
     </span>
     <span class='ocr_line' id='line_1_9' title="bbox 167 1285 1357 1375; baseline -0.001 -22"><span class='ocrx_word' id='word_1_50' title='bbox 167 1292 199 1353; x_wconf 88' lang='lat' dir='ltr'>at</span> <span class='ocrx_word' id='word_1_51' title='bbox 220 1289 266 1352; x_wconf 85' lang='lat' dir='ltr'>sia</span> <span class='ocrx_word' id='word_1_52' title='bbox 288 1285 383 1352; x_wconf 79' lang='lat' dir='ltr'>Plato</span> <span class='ocrx_word' id='word_1_53' title='bbox 414 1308 538 1375; x_wconf 87' lang='lat' dir='ltr'>quoque</span> <span class='ocrx_word' id='word_1_54' title='bbox 569 1289 667 1353; x_wconf 77' lang='lat' dir='ltr'>dixit:</span> <span class='ocrx_word' id='word_1_55' title='bbox 701 1289 789 1353; x_wconf 77' lang='grc' dir='ltr'><strong><em>ύλλοὶ</em></strong></span> <span class='ocrx_word' id='word_1_56' title='bbox 824 1288 974 1369; x_wconf 75' lang='grc' dir='ltr'><strong><em>παρέχεον</em></strong></span> <span class='ocrx_word' id='word_1_57' title='bbox 1006 1289 1155 1367; x_wconf 82' lang='grc' dir='ltr'><strong><em>μύσαντα</em></strong></span> <span class='ocrx_word' id='word_1_58' title='bbox 1186 1285 1285 1368; x_wconf 75' lang='grc' dir='ltr'><strong><em>ὥσπερ</em></strong></span> <span class='ocrx_word' id='word_1_59' title='bbox 1308 1288 1357 1353; x_wconf 78' lang='grc' dir='ltr'>τέ·</span> 
     </span>
     <span class='ocr_line' id='line_1_10' title="bbox 166 1393 1358 1482; baseline 0.002 -25"><span class='ocrx_word' id='word_1_60' title='bbox 166 1416 253 1471; x_wconf 84' lang='grc' dir='ltr'><strong><em>μνενν</em></strong></span> <span class='ocrx_word' id='word_1_61' title='bbox 276 1393 328 1456; x_wconf 79' lang='grc' dir='ltr'>καί</span> <span class='ocrx_word' id='word_1_62' title='bbox 353 1393 439 1458; x_wconf 79' lang='grc' dir='ltr'><strong><em>κύειν</em></strong></span> <span class='ocrx_word' id='word_1_63' title='bbox 464 1396 568 1474; x_wconf 79' lang='grc' dir='ltr'><strong><em>ίατρῷ.</em></strong></span> <span class='ocrx_word' id='word_1_64' title='bbox 615 1393 725 1459; x_wconf 82' lang='grc' dir='ltr'><strong><em>Μύσαν</em></strong></span> <span class='ocrx_word' id='word_1_65' title='bbox 757 1396 791 1458; x_wconf 89' lang='lat' dir='ltr'>in</span> <span class='ocrx_word' id='word_1_66' title='bbox 814 1394 866 1459; x_wconf 85' lang='lat' dir='ltr'>his</span> <span class='ocrx_word' id='word_1_67' title='bbox 893 1395 1042 1460; x_wconf 83' lang='lat' dir='ltr'>omnibus</span> <span class='ocrx_word' id='word_1_68' title='bbox 1064 1399 1170 1460; x_wconf 78' lang='lat' dir='ltr'>servat</span> <span class='ocrx_word' id='word_1_69' title='bbox 1192 1395 1358 1482; x_wconf 79' lang='lat' dir='ltr'>antiquam</span> 
     </span>
     <span class='ocr_line' id='line_1_11' title="bbox 165 1500 1359 1588; baseline -0.001 -25"><span class='ocrx_word' id='word_1_70' title='bbox 165 1500 328 1565; x_wconf 86' lang='lat' dir='ltr'>notionem</span> <span class='ocrx_word' id='word_1_71' title='bbox 357 1500 456 1563; x_wconf 79' lang='lat' dir='ltr'>oeulos</span> <span class='ocrx_word' id='word_1_72' title='bbox 486 1501 663 1577; x_wconf 73' lang='lat' dir='ltr'>claudendi,</span> <span class='ocrx_word' id='word_1_73' title='bbox 696 1500 750 1565; x_wconf 88' lang='lat' dir='ltr'>sed</span> <span class='ocrx_word' id='word_1_74' title='bbox 780 1520 843 1584; x_wconf 90' lang='lat' dir='ltr'>quo</span> <span class='ocrx_word' id='word_1_75' title='bbox 872 1503 979 1588; x_wconf 89' lang='lat' dir='ltr'>magia</span> <span class='ocrx_word' id='word_1_76' title='bbox 1001 1501 1126 1565; x_wconf 85' lang='lat' dir='ltr'>fortiter</span> <span class='ocrx_word' id='word_1_77' title='bbox 1146 1519 1280 1586; x_wconf 77' lang='lat' dir='ltr'>peragas</span> <span class='ocrx_word' id='word_1_78' title='bbox 1302 1502 1359 1563; x_wconf 93' lang='lat' dir='ltr'>aut</span> 
     </span>
    </p>
   </div>
   <div class='ocr_carea' id='block_1_3' title="bbox 165 1603 1469 1691">
    <p class='ocr_par' dir='ltr' id='par_1_3' title="bbox 165 1603 1469 1691">
     <span class='ocr_line' id='line_1_12' title="bbox 165 1603 1469 1691; baseline 0 -23"><span class='ocrx_word' id='word_1_79' title='bbox 165 1604 247 1669; x_wconf 86' lang='lat' dir='ltr'>feras</span> <span class='ocrx_word' id='word_1_80' title='bbox 280 1603 420 1682; x_wconf 87' lang='lat' dir='ltr'>malum,</span> <span class='ocrx_word' id='word_1_81' title='bbox 456 1605 541 1690; x_wconf 87' lang='lat' dir='ltr'>quod</span> <span class='ocrx_word' id='word_1_82' title='bbox 571 1607 675 1671; x_wconf 86' lang='lat' dir='ltr'>vitare</span> <span class='ocrx_word' id='word_1_83' title='bbox 708 1625 771 1671; x_wconf 89' lang='lat' dir='ltr'>non</span> <span class='ocrx_word' id='word_1_84' title='bbox 805 1607 915 1691; x_wconf 86' lang='lat' dir='ltr'>possis.</span> <span class='ocrx_word' id='word_1_85' title='bbox 975 1606 1173 1691; x_wconf 79' lang='lat' dir='ltr'>Antiphanes</span> <span class='ocrx_word' id='word_1_86' title='bbox 1201 1604 1358 1670; x_wconf 86' lang='lat' dir='ltr'>Athenaei</span> <span class='ocrx_word' id='word_1_87' title='bbox 1464 1676 1469 1685; x_wconf 19' lang='lat' dir='ltr'>p</span> 
     </span>
    </p>
   </div>
   <div class='ocr_carea' id='block_1_4' title="bbox 164 1708 1356 2007">
    <p class='ocr_par' dir='ltr' id='par_1_4' title="bbox 164 1708 1356 2007">
     <span class='ocr_line' id='line_1_13' title="bbox 164 1708 392 1797; baseline 0.009 -24"><span class='ocrx_word' id='word_1_88' title='bbox 164 1729 238 1797; x_wconf 88' lang='lat' dir='ltr'>pag.</span> <span class='ocrx_word' id='word_1_89' title='bbox 263 1708 340 1775; x_wconf 86' lang='grc'>445.</span> <span class='ocrx_word' id='word_1_90' title='bbox 363 1729 392 1775; x_wconf 85' lang='lat' dir='ltr'>n.</span> 
     </span>
     <span class='ocr_line' id='line_1_14' title="bbox 201 1811 1094 1898; baseline 0.002 -19"><span class='ocrx_word' id='word_1_91' title='bbox 201 1830 203 1843; x_wconf 75' lang='lat'>¹</span> <span class='ocrx_word' id='word_1_92' title='bbox 368 1811 440 1889; x_wconf 79' lang='grc' dir='ltr'><strong><em>ύλνν</em></strong></span> <span class='ocrx_word' id='word_1_93' title='bbox 463 1815 568 1894; x_wconf 87' lang='grc' dir='ltr'><strong><em>μύσας</em></strong></span> <span class='ocrx_word' id='word_1_94' title='bbox 593 1814 705 1882; x_wconf 70' lang='grc' dir='ltr'><strong><em>ἔκπινε.</em></strong></span> <span class='ocrx_word' id='word_1_95' title='bbox 730 1827 765 1883; x_wconf 90' lang='grc' dir='ltr'>Β.</span> <span class='ocrx_word' id='word_1_96' title='bbox 791 1816 880 1894; x_wconf 76' lang='grc' dir='ltr'>μέγα</span> <span class='ocrx_word' id='word_1_97' title='bbox 903 1816 938 1881; x_wconf 84' lang='grc' dir='ltr'>τδ</span> <span class='ocrx_word' id='word_1_98' title='bbox 962 1819 1094 1898; x_wconf 83' lang='grc' dir='ltr'><strong><em>Φορτίυν.</em></strong></span> 
     </span>
     <span class='ocr_line' id='line_1_15' title="bbox 209 1915 1356 2007; baseline -0.003 -20"><span class='ocrx_word' id='word_1_99' title='bbox 209 1920 322 1987; x_wconf 78' lang='lat' dir='ltr'>Editor</span> <span class='ocrx_word' id='word_1_100' title='bbox 345 1916 378 1985; x_wconf 83' lang='grc' dir='ltr'><strong><em>εὖ</em></strong></span> <span class='ocrx_word' id='word_1_101' title='bbox 401 1921 547 2007; x_wconf 86' lang='lat' dir='ltr'>supplere</span> <span class='ocrx_word' id='word_1_102' title='bbox 576 1922 695 1989; x_wconf 87' lang='lat' dir='ltr'>maluit</span> <span class='ocrx_word' id='word_1_103' title='bbox 721 1928 760 1987; x_wconf 83' lang='lat' dir='ltr'>ut</span> <span class='ocrx_word' id='word_1_104' title='bbox 783 1927 864 1989; x_wconf 84' lang='lat' dir='ltr'>esset</span> <span class='ocrx_word' id='word_1_105' title='bbox 895 1923 1044 2004; x_wconf 73' lang='grc' dir='ltr'><strong><em>παρέχεον</em></strong></span> <span class='ocrx_word' id='word_1_106' title='bbox 1073 1921 1220 2001; x_wconf 89' lang='grc' dir='ltr'><strong><em>μύσαντα</em></strong></span> <span class='ocrx_word' id='word_1_107' title='bbox 1244 1915 1278 1986; x_wconf 88' lang='grc' dir='ltr'><strong><em>εύ</em></strong></span> <span class='ocrx_word' id='word_1_108' title='bbox 1302 1920 1356 1984; x_wconf 84' lang='grc' dir='ltr'>καί</span> 
     </span>
    </p>
   </div>
   <div class='ocr_carea' id='block_1_5' title="bbox 164 2026 1451 2114">
    <p class='ocr_par' dir='ltr' id='par_1_5' title="bbox 164 2026 1451 2114">
     <span class='ocr_line' id='line_1_16' title="bbox 164 2026 1451 2114; baseline -0.002 -23"><span class='ocrx_word' id='word_1_109' title='bbox 164 2026 303 2105; x_wconf 80' lang='grc' dir='ltr'><strong><em>ῶνδρείως</em></strong></span> <span class='ocrx_word' id='word_1_110' title='bbox 330 2031 362 2092; x_wconf 92' lang='lat' dir='ltr'>et</span> <span class='ocrx_word' id='word_1_111' title='bbox 391 2047 483 2112; x_wconf 88' lang='lat' dir='ltr'>saepe</span> <span class='ocrx_word' id='word_1_112' title='bbox 513 2029 558 2093; x_wconf 86' lang='lat' dir='ltr'>sio</span> <span class='ocrx_word' id='word_1_113' title='bbox 581 2033 614 2093; x_wconf 89' lang='lat' dir='ltr'>at</span> <span class='ocrx_word' id='word_1_114' title='bbox 636 2028 721 2113; x_wconf 89' lang='lat' dir='ltr'>apud</span> <span class='ocrx_word' id='word_1_115' title='bbox 744 2028 824 2094; x_wconf 88' lang='lat' dir='ltr'>alios</span> <span class='ocrx_word' id='word_1_116' title='bbox 846 2033 879 2093; x_wconf 88' lang='lat' dir='ltr'>et</span> <span class='ocrx_word' id='word_1_117' title='bbox 902 2029 987 2114; x_wconf 89' lang='lat' dir='ltr'>apud</span> <span class='ocrx_word' id='word_1_118' title='bbox 1009 2028 1255 2113; x_wconf 76' lang='lat' dir='ltr'>Aristophanem</span> <span class='ocrx_word' id='word_1_119' title='bbox 1276 2027 1357 2114; x_wconf 85' lang='lat' dir='ltr'>lagi·</span> <span class='ocrx_word' id='word_1_120' title='bbox 1449 2052 1451 2055; x_wconf 89' lang='lat'>·</span> 
     </span>
    </p>
   </div>
   <div class='ocr_carea' id='block_1_6' title="bbox 163 2129 1356 2643">
    <p class='ocr_par' dir='ltr' id='par_1_6' title="bbox 163 2129 1356 2643">
     <span class='ocr_line' id='line_1_17' title="bbox 164 2129 1356 2220; baseline 0.003 -23"><span class='ocrx_word' id='word_1_121' title='bbox 164 2138 219 2197; x_wconf 91' lang='lat' dir='ltr'>tur</span> <span class='ocrx_word' id='word_1_122' title='bbox 241 2130 274 2198; x_wconf 77' lang='grc' dir='ltr'><strong><em>εὖ</em></strong></span> <span class='ocrx_word' id='word_1_123' title='bbox 297 2132 472 2212; x_wconf 78' lang='grc' dir='ltr'><strong><em>κύνδρείως,</em></strong></span> <span class='ocrx_word' id='word_1_124' title='bbox 496 2135 551 2199; x_wconf 89' lang='lat' dir='ltr'>sed</span> <span class='ocrx_word' id='word_1_125' title='bbox 574 2136 601 2198; x_wconf 90' lang='lat' dir='ltr'>si</span> <span class='ocrx_word' id='word_1_126' title='bbox 623 2129 830 2211; x_wconf 72' lang='grc' dir='ltr'><strong><em>μύσανταεύ</em></strong></span> <span class='ocrx_word' id='word_1_127' title='bbox 849 2135 902 2199; x_wconf 80' lang='grc' dir='ltr'>καί</span> <span class='ocrx_word' id='word_1_128' title='bbox 927 2137 1066 2214; x_wconf 81' lang='grc' dir='ltr'><strong><em>ύνδρείως</em></strong></span> <span class='ocrx_word' id='word_1_129' title='bbox 1088 2137 1250 2220; x_wconf 75' lang='lat' dir='ltr'>scripseris</span> <span class='ocrx_word' id='word_1_130' title='bbox 1267 2154 1356 2220; x_wconf 83' lang='lat' dir='ltr'>prae·</span> 
     </span>
     <span class='ocr_line' id='line_1_18' title="bbox 164 2237 1236 2306; baseline -0.001 -2"><span class='ocrx_word' id='word_1_131' title='bbox 164 2244 214 2304; x_wconf 89' lang='lat' dir='ltr'>ter</span> <span class='ocrx_word' id='word_1_132' title='bbox 235 2237 379 2304; x_wconf 89' lang='lat' dir='ltr'>Platonis</span> <span class='ocrx_word' id='word_1_133' title='bbox 402 2240 664 2305; x_wconf 84' lang='lat' dir='ltr'>consuetudinem</span> <span class='ocrx_word' id='word_1_134' title='bbox 686 2243 754 2305; x_wconf 89' lang='lat' dir='ltr'>sine</span> <span class='ocrx_word' id='word_1_135' title='bbox 778 2242 899 2306; x_wconf 88' lang='lat' dir='ltr'>ratione</span> <span class='ocrx_word' id='word_1_136' title='bbox 922 2241 972 2306; x_wconf 89' lang='lat' dir='ltr'>his</span> <span class='ocrx_word' id='word_1_137' title='bbox 994 2241 1081 2306; x_wconf 87' lang='lat' dir='ltr'>idem</span> <span class='ocrx_word' id='word_1_138' title='bbox 1104 2241 1236 2306; x_wconf 85' lang='lat' dir='ltr'>dieetur.</span> 
     </span>
     <span class='ocr_line' id='line_1_19' title="bbox 208 2343 1353 2432; baseline 0 -23"><span class='ocrx_word' id='word_1_139' title='bbox 208 2343 410 2432; x_wconf 79' lang='lat' dir='ltr'>Pag.4801a</span> <span class='ocrx_word' id='word_1_140' title='bbox 436 2345 488 2409; x_wconf 69' lang='grc' dir='ltr'>ἐὰν</span> <span class='ocrx_word' id='word_1_141' title='bbox 505 2346 533 2410; x_wconf 90' lang='grc' dir='ltr'>δ’</span> <span class='ocrx_word' id='word_1_142' title='bbox 558 2343 654 2410; x_wconf 71' lang='grc' dir='ltr'><strong><em>ἄλλον</em></strong></span> <span class='ocrx_word' id='word_1_143' title='bbox 678 2345 768 2426; x_wconf 70' lang='grc' dir='ltr'><strong><em>οὶδνκῇ</em></strong></span> <span class='ocrx_word' id='word_1_144' title='bbox 786 2346 919 2427; x_wconf 57' lang='lat' dir='ltr'>iextra</span> <span class='ocrx_word' id='word_1_145' title='bbox 933 2382 977 2396; x_wconf 92' lang='lat'><em>-</em></span> <span class='ocrx_word' id='word_1_146' title='bbox 990 2344 1188 2425; x_wconf 71' lang='grc' dir='ltr'><strong><em>μηχανητέον</em></strong></span> <span class='ocrx_word' id='word_1_147' title='bbox 1211 2343 1291 2416; x_wconf 72' lang='grc' dir='ltr'><strong><em>ὅπως</em></strong></span> <span class='ocrx_word' id='word_1_148' title='bbox 1315 2343 1353 2410; x_wconf 82' lang='grc' dir='ltr'>δον</span> 
     </span>
     <span class='ocr_line' id='line_1_20' title="bbox 164 2449 1352 2539; baseline 0 -25"><span class='ocrx_word' id='word_1_149' title='bbox 164 2449 306 2532; x_wconf 64' lang='grc' dir='ltr'><strong><em>διαφύγῃ</em></strong></span> <span class='ocrx_word' id='word_1_150' title='bbox 329 2450 382 2514; x_wconf 86' lang='grc' dir='ltr'>καί</span> <span class='ocrx_word' id='word_1_151' title='bbox 406 2452 451 2526; x_wconf 72' lang='grc' dir='ltr'>μδ</span> <span class='ocrx_word' id='word_1_152' title='bbox 474 2450 513 2531; x_wconf 84' lang='grc' dir='ltr'><em>δῷ</em></span> <span class='ocrx_word' id='word_1_153' title='bbox 537 2452 621 2525; x_wconf 73' lang='grc' dir='ltr'><strong><em>δίκην</em></strong></span> <span class='ocrx_word' id='word_1_154' title='bbox 650 2451 677 2538; x_wconf 81' lang='grc' dir='ltr'>[ὃ</span> <span class='ocrx_word' id='word_1_155' title='bbox 697 2451 816 2539; x_wconf 79' lang='grc' dir='ltr'><strong><em>ἒχίρύς]</em></strong></span> <span class='ocrx_word' id='word_1_156' title='bbox 842 2452 906 2516; x_wconf 72' lang='lat' dir='ltr'>ari.</span> <span class='ocrx_word' id='word_1_157' title='bbox 953 2451 1107 2538; x_wconf 78' lang='lat' dir='ltr'>Spurium</span> <span class='ocrx_word' id='word_1_158' title='bbox 1136 2457 1184 2516; x_wconf 86' lang='lat' dir='ltr'>est</span> <span class='ocrx_word' id='word_1_159' title='bbox 1207 2452 1221 2515; x_wconf 88' lang='grc' dir='ltr'><strong><em>ύ</em></strong></span> <span class='ocrx_word' id='word_1_160' title='bbox 1246 2450 1352 2532; x_wconf 78' lang='grc' dir='ltr'><strong><em>ἔχίρύς</em></strong></span> 
     </span>
     <span class='ocr_line' id='line_1_21' title="bbox 163 2554 1255 2643; baseline -0.001 -22"><span class='ocrx_word' id='word_1_161' title='bbox 163 2559 270 2643; x_wconf 86' lang='lat' dir='ltr'>inepte</span> <span class='ocrx_word' id='word_1_162' title='bbox 292 2559 473 2641; x_wconf 87' lang='lat' dir='ltr'>repetitum.</span> <span class='ocrx_word' id='word_1_163' title='bbox 522 2554 640 2621; x_wconf 90' lang='lat' dir='ltr'>Omnia</span> <span class='ocrx_word' id='word_1_164' title='bbox 660 2557 738 2623; x_wconf 88' lang='lat' dir='ltr'>haee</span> <span class='ocrx_word' id='word_1_165' title='bbox 760 2559 799 2622; x_wconf 88' lang='lat' dir='ltr'>de</span> <span class='ocrx_word' id='word_1_166' title='bbox 819 2578 884 2622; x_wconf 92' lang='lat' dir='ltr'>uno</span> <span class='ocrx_word' id='word_1_167' title='bbox 907 2563 939 2622; x_wconf 92' lang='lat' dir='ltr'>et</span> <span class='ocrx_word' id='word_1_168' title='bbox 962 2557 1074 2623; x_wconf 90' lang='lat' dir='ltr'>eodem</span> <span class='ocrx_word' id='word_1_169' title='bbox 1096 2556 1255 2621; x_wconf 85' lang='lat' dir='ltr'>dicuntur.</span> 
     </span>
    </p>
   </div>
   <div class='ocr_carea' id='block_1_7' title="bbox 159 2766 1377 3913">
    <p class='ocr_par' dir='ltr' id='par_1_7' title="bbox 160 2766 1377 3480">
     <span class='ocr_line' id='line_1_22' title="bbox 208 2766 1352 2856; baseline 0.001 -25"><span class='ocrx_word' id='word_1_170' title='bbox 208 2766 287 2856; x_wconf 88' lang='lat' dir='ltr'>Peg.</span> <span class='ocrx_word' id='word_1_171' title='bbox 313 2767 389 2833; x_wconf 88' lang='grc'><strong>481.</strong></span> <span class='ocrx_word' id='word_1_172' title='bbox 414 2787 444 2834; x_wconf 82' lang='grc' dir='ltr'>Β.</span> <span class='ocrx_word' id='word_1_173' title='bbox 469 2769 535 2847; x_wconf 75' lang='grc' dir='ltr'>ἐμοὶ</span> <span class='ocrx_word' id='word_1_174' title='bbox 560 2769 617 2846; x_wconf 76' lang='grc' dir='ltr'>μὲν</span> <span class='ocrx_word' id='word_1_175' title='bbox 640 2768 781 2834; x_wconf 77' lang='grc' dir='ltr'><strong><em>δοκεῖ-</em></strong></span> <span class='ocrx_word' id='word_1_176' title='bbox 806 2769 964 2849; x_wconf 81' lang='grc' dir='ltr'><strong><em>ύπερφυῶο</em></strong></span> <span class='ocrx_word' id='word_1_177' title='bbox 989 2766 1197 2851; x_wconf 72' lang='grc' dir='ltr'><strong><em>σπουδάζειν]</em></strong></span> <span class='ocrx_word' id='word_1_178' title='bbox 1223 2767 1261 2832; x_wconf 86' lang='lat' dir='ltr'>de</span> <span class='ocrx_word' id='word_1_179' title='bbox 1280 2767 1352 2832; x_wconf 91' lang='lat' dir='ltr'>Pla·</span> 
     </span>
     <span class='ocr_line' id='line_1_23' title="bbox 163 2872 1350 2961; baseline -0.003 -22"><span class='ocrx_word' id='word_1_180' title='bbox 163 2875 247 2939; x_wconf 86' lang='lat' dir='ltr'>tonis</span> <span class='ocrx_word' id='word_1_181' title='bbox 269 2879 301 2939; x_wconf 91' lang='lat' dir='ltr'>et</span> <span class='ocrx_word' id='word_1_182' title='bbox 323 2877 469 2940; x_wconf 90' lang='lat' dir='ltr'>omnium</span> <span class='ocrx_word' id='word_1_183' title='bbox 500 2873 682 2960; x_wconf 84' lang='lat' dir='ltr'>aequalium</span> <span class='ocrx_word' id='word_1_184' title='bbox 712 2872 801 2940; x_wconf 80' lang='lat' dir='ltr'>more</span> <span class='ocrx_word' id='word_1_185' title='bbox 825 2873 949 2961; x_wconf 84' lang='lat' dir='ltr'>syllaba</span> <span class='ocrx_word' id='word_1_186' title='bbox 972 2877 1107 2960; x_wconf 83' lang='lat' dir='ltr'>repetita</span> <span class='ocrx_word' id='word_1_187' title='bbox 1129 2872 1350 2938; x_wconf 84' lang='lat' dir='ltr'>scribendum:</span> 
     </span>
     <span class='ocr_line' id='line_1_24' title="bbox 163 2978 1352 3066; baseline 0.001 -25"><span class='ocrx_word' id='word_1_188' title='bbox 163 2978 323 3060; x_wconf 76' lang='grc' dir='ltr'><strong><em>ὑπερφυῶς</em></strong></span> <span class='ocrx_word' id='word_1_189' title='bbox 346 2987 419 3046; x_wconf 73' lang='lat' dir='ltr'>‘nc</span> <span class='ocrx_word' id='word_1_190' title='bbox 442 2979 623 3061; x_wconf 75' lang='grc' dir='ltr'><strong><em>σπουδάζειν</em></strong></span> <span class='ocrx_word' id='word_1_191' title='bbox 668 2979 897 3064; x_wconf 77' lang='lat' dir='ltr'>Exemplorum</span> <span class='ocrx_word' id='word_1_192' title='bbox 917 2979 1011 3066; x_wconf 90' lang='lat' dir='ltr'>plena</span> <span class='ocrx_word' id='word_1_193' title='bbox 1033 2984 1107 3045; x_wconf 89' lang='lat' dir='ltr'>sunt</span> <span class='ocrx_word' id='word_1_194' title='bbox 1126 2980 1249 3044; x_wconf 89' lang='lat' dir='ltr'>omnia:</span> <span class='ocrx_word' id='word_1_195' title='bbox 1271 2978 1352 3043; x_wconf 87' lang='lat' dir='ltr'>dabo</span> 
     </span>
     <span class='ocr_line' id='line_1_25' title="bbox 162 3084 1352 3173; baseline 0 -24"><span class='ocrx_word' id='word_1_196' title='bbox 162 3104 200 3149; x_wconf 88' lang='lat' dir='ltr'>ea</span> <span class='ocrx_word' id='word_1_197' title='bbox 222 3105 302 3169; x_wconf 88' lang='lat' dir='ltr'>quaa</span> <span class='ocrx_word' id='word_1_198' title='bbox 323 3088 357 3150; x_wconf 90' lang='lat' dir='ltr'>in</span> <span class='ocrx_word' id='word_1_199' title='bbox 391 3087 504 3168; x_wconf 64' lang='lat' dir='ltr'>Gorgia</span> <span class='ocrx_word' id='word_1_200' title='bbox 533 3089 734 3172; x_wconf 85' lang='lat' dir='ltr'>reperiuntur</span> <span class='ocrx_word' id='word_1_201' title='bbox 762 3106 836 3173; x_wconf 88' lang='lat' dir='ltr'>pag.</span> <span class='ocrx_word' id='word_1_202' title='bbox 862 3084 938 3152; x_wconf 84' lang='lat'>471.</span> <span class='ocrx_word' id='word_1_203' title='bbox 962 3105 994 3151; x_wconf 74' lang='lat' dir='ltr'>a.</span> <span class='ocrx_word' id='word_1_204' title='bbox 1030 3090 1080 3151; x_wconf 86' lang='grc' dir='ltr'>νῦν</span> <span class='ocrx_word' id='word_1_205' title='bbox 1110 3087 1141 3151; x_wconf 76' lang='grc' dir='ltr'>δὲ</span> <span class='ocrx_word' id='word_1_206' title='bbox 1172 3086 1352 3162; x_wconf 70' lang='grc' dir='ltr'><strong><em>θαυμασίως</em></strong></span> 
     </span>
     <span class='ocr_line' id='line_1_26' title="bbox 161 3189 1377 3285; baseline 0.001 -31"><span class='ocrx_word' id='word_1_207' title='bbox 161 3191 234 3254; x_wconf 72' lang='grc' dir='ltr'>ὨΟ</span> <span class='ocrx_word' id='word_1_208' title='bbox 258 3190 360 3265; x_wconf 63' lang='lat' dir='ltr'>ollitas</span> <span class='ocrx_word' id='word_1_209' title='bbox 391 3191 529 3270; x_wconf 72' lang='grc' dir='ltr'><strong><em>γέγονεν.</em></strong></span> <span class='ocrx_word' id='word_1_210' title='bbox 554 3204 628 3280; x_wconf 83' lang='lat' dir='ltr'>pag&#39;.</span> <span class='ocrx_word' id='word_1_211' title='bbox 654 3190 720 3258; x_wconf 78' lang='grc'>477</span> <span class='ocrx_word' id='word_1_212' title='bbox 743 3210 774 3257; x_wconf 85' lang='lat' dir='ltr'>D.</span> <span class='ocrx_word' id='word_1_213' title='bbox 801 3193 953 3275; x_wconf 79' lang='grc' dir='ltr'><strong><em>ὑπερφυεῖ</em></strong></span> <span class='ocrx_word' id='word_1_214' title='bbox 973 3192 1030 3257; x_wconf 71' lang='grc' dir='ltr'><strong><em>τινί</em></strong></span> <span class='ocrx_word' id='word_1_215' title='bbox 1054 3190 1103 3272; x_wconf 77' lang='grc' dir='ltr'><strong><em>ἄρ’</em></strong></span> <span class='ocrx_word' id='word_1_216' title='bbox 1127 3195 1199 3256; x_wconf 72' lang='grc' dir='ltr'>ὨΟ</span> <span class='ocrx_word' id='word_1_217' title='bbox 1222 3189 1377 3285; x_wconf 60' lang='grc' dir='ltr'>ριεμούλρἱ</span> 
     </span>
     <span class='ocr_line' id='line_1_27' title="bbox 160 3295 1351 3386; baseline 0.003 -27"><span class='ocrx_word' id='word_1_218' title='bbox 160 3295 274 3377; x_wconf 77' lang='grc' dir='ltr'><strong><em>βλύβρ</em></strong></span> <span class='ocrx_word' id='word_1_219' title='bbox 298 3335 333 3346; x_wconf 79' lang='lat'>-·</span> <span class='ocrx_word' id='word_1_220' title='bbox 366 3296 620 3378; x_wconf 68' lang='grc' dir='ltr'><strong><em>ὑπερβάλλουσα.</em></strong></span> <span class='ocrx_word' id='word_1_221' title='bbox 652 3319 726 3386; x_wconf 88' lang='lat' dir='ltr'>pag.</span> <span class='ocrx_word' id='word_1_222' title='bbox 751 3296 816 3364; x_wconf 84' lang='grc'>496</span> <span class='ocrx_word' id='word_1_223' title='bbox 841 3316 868 3365; x_wconf 86' lang='grc' dir='ltr'>ο.</span> <span class='ocrx_word' id='word_1_224' title='bbox 893 3300 968 3363; x_wconf 71' lang='grc' dir='ltr'>ἀλλ’</span> <span class='ocrx_word' id='word_1_225' title='bbox 1001 3299 1161 3380; x_wconf 76' lang='grc' dir='ltr'><strong><em>ὑπερφυῶς</em></strong></span> <span class='ocrx_word' id='word_1_226' title='bbox 1186 3301 1258 3363; x_wconf 73' lang='grc' dir='ltr'>ὨΟ</span> <span class='ocrx_word' id='word_1_227' title='bbox 1282 3299 1351 3376; x_wconf 87' lang='grc' dir='ltr'><strong><em>ύμσ·</em></strong></span> 
     </span>
     <span class='ocr_line' id='line_1_28' title="bbox 161 3404 820 3480; baseline 0.003 -16"><span class='ocrx_word' id='word_1_228' title='bbox 161 3404 257 3480; x_wconf 74' lang='grc' dir='ltr'><strong><em>λομῶ.</em></strong></span> <span class='ocrx_word' id='word_1_229' title='bbox 814 3416 820 3431; x_wconf 77' lang='grc'><strong>“</strong></span> 
     </span>
    </p>

    <p class='ocr_par' dir='ltr' id='par_1_8' title="bbox 159 3505 1352 3913">
     <span class='ocr_line' id='line_1_29' title="bbox 205 3505 1352 3595; baseline 0.002 -23"><span class='ocrx_word' id='word_1_230' title='bbox 205 3505 339 3593; x_wconf 85' lang='lat' dir='ltr'>Saepius</span> <span class='ocrx_word' id='word_1_231' title='bbox 366 3509 435 3574; x_wconf 81' lang='lat' dir='ltr'>vidi</span> <span class='ocrx_word' id='word_1_232' title='bbox 456 3511 491 3573; x_wconf 88' lang='lat' dir='ltr'>in</span> <span class='ocrx_word' id='word_1_233' title='bbox 514 3510 573 3575; x_wconf 89' lang='lat' dir='ltr'>tali</span> <span class='ocrx_word' id='word_1_234' title='bbox 597 3531 631 3574; x_wconf 89' lang='lat' dir='ltr'>re</span> <span class='ocrx_word' id='word_1_235' title='bbox 653 3512 692 3581; x_wconf 87' lang='grc' dir='ltr'>ῶς</span> <span class='ocrx_word' id='word_1_236' title='bbox 716 3512 891 3575; x_wconf 86' lang='lat' dir='ltr'>scribarum</span> <span class='ocrx_word' id='word_1_237' title='bbox 915 3513 1039 3576; x_wconf 88' lang='lat' dir='ltr'>incuria</span> <span class='ocrx_word' id='word_1_238' title='bbox 1060 3511 1190 3595; x_wconf 87' lang='lat' dir='ltr'>periisse</span> <span class='ocrx_word' id='word_1_239' title='bbox 1212 3514 1245 3575; x_wconf 86' lang='lat' dir='ltr'>et</span> <span class='ocrx_word' id='word_1_240' title='bbox 1267 3510 1352 3593; x_wconf 87' lang='lat' dir='ltr'>apud</span> 
     </span>
     <span class='ocr_line' id='line_1_30' title="bbox 160 3611 1352 3704; baseline 0.002 -26"><span class='ocrx_word' id='word_1_241' title='bbox 160 3611 239 3678; x_wconf 87' lang='lat' dir='ltr'>alios</span> <span class='ocrx_word' id='word_1_242' title='bbox 262 3618 295 3679; x_wconf 89' lang='lat' dir='ltr'>et</span> <span class='ocrx_word' id='word_1_243' title='bbox 318 3614 402 3698; x_wconf 88' lang='lat' dir='ltr'>apud</span> <span class='ocrx_word' id='word_1_244' title='bbox 424 3614 602 3681; x_wconf 86' lang='lat' dir='ltr'>Platonem.</span> <span class='ocrx_word' id='word_1_245' title='bbox 639 3613 686 3681; x_wconf 81' lang='lat' dir='ltr'>Of.</span> <span class='ocrx_word' id='word_1_246' title='bbox 715 3616 785 3679; x_wconf 83' lang='lat' dir='ltr'>Ver.</span> <span class='ocrx_word' id='word_1_247' title='bbox 809 3616 899 3679; x_wconf 73' lang='grc' dir='ltr'>[ποῶ.</span> <span class='ocrx_word' id='word_1_248' title='bbox 918 3636 995 3704; x_wconf 91' lang='lat' dir='ltr'>pag.</span> <span class='ocrx_word' id='word_1_249' title='bbox 1008 3613 1091 3691; x_wconf 82' lang='lat'>540,</span> <span class='ocrx_word' id='word_1_250' title='bbox 1115 3616 1171 3678; x_wconf 89' lang='lat' dir='ltr'>uhi</span> <span class='ocrx_word' id='word_1_251' title='bbox 1190 3613 1352 3699; x_wconf 86' lang='lat' dir='ltr'>permulta</span> 
     </span>
     <span class='ocr_line' id='line_1_31' title="bbox 160 3719 1351 3807; baseline 0.001 -23"><span class='ocrx_word' id='word_1_252' title='bbox 160 3719 307 3805; x_wconf 81' lang='lat' dir='ltr'>exempla</span> <span class='ocrx_word' id='word_1_253' title='bbox 324 3726 356 3785; x_wconf 89' lang='lat' dir='ltr'>et</span> <span class='ocrx_word' id='word_1_254' title='bbox 372 3741 411 3785; x_wconf 82' lang='lat' dir='ltr'>ex</span> <span class='ocrx_word' id='word_1_255' title='bbox 427 3719 612 3786; x_wconf 85' lang='lat' dir='ltr'>Oratoribus</span> <span class='ocrx_word' id='word_1_256' title='bbox 635 3726 668 3786; x_wconf 88' lang='lat' dir='ltr'>et</span> <span class='ocrx_word' id='word_1_257' title='bbox 690 3743 727 3786; x_wconf 88' lang='lat' dir='ltr'>ex</span> <span class='ocrx_word' id='word_1_258' title='bbox 751 3720 886 3786; x_wconf 90' lang='lat' dir='ltr'>Platone</span> <span class='ocrx_word' id='word_1_259' title='bbox 909 3720 1113 3807; x_wconf 82' lang='lat' dir='ltr'>collegimus,</span> <span class='ocrx_word' id='word_1_260' title='bbox 1136 3720 1252 3804; x_wconf 87' lang='lat' dir='ltr'>quibus</span> <span class='ocrx_word' id='word_1_261' title='bbox 1272 3719 1351 3785; x_wconf 87' lang='lat' dir='ltr'>adde</span> 
     </span>
     <span class='ocr_line' id='line_1_32' title="bbox 159 3819 1349 3913; baseline 0 -24"><span class='ocrx_word' id='word_1_262' title='bbox 159 3820 374 3912; x_wconf 74' lang='grc' dir='ltr'><strong><em>Ιύνίίνρύσναυνα</em></strong></span> <span class='ocrx_word' id='word_1_263' title='bbox 396 3846 469 3913; x_wconf 83' lang='lat' dir='ltr'>pag.</span> <span class='ocrx_word' id='word_1_264' title='bbox 487 3823 564 3891; x_wconf 80' lang='grc'><strong>283.</strong></span> <span class='ocrx_word' id='word_1_265' title='bbox 579 3843 605 3891; x_wconf 85' lang='lat' dir='ltr'>c.</span> <span class='ocrx_word' id='word_1_266' title='bbox 630 3819 714 3889; x_wconf 80' lang='grc' dir='ltr'><strong><em>εἶπον</em></strong></span> <span class='ocrx_word' id='word_1_267' title='bbox 734 3822 779 3890; x_wconf 75' lang='grc' dir='ltr'>ὅτι</span> <span class='ocrx_word' id='word_1_268' title='bbox 804 3829 971 3903; x_wconf 74' lang='grc' dir='ltr'><strong><em>ύαυμασῶς</em></strong></span> <span class='ocrx_word' id='word_1_269' title='bbox 997 3826 1095 3909; x_wconf 67' lang='grc' dir='ltr'>(Ὧς)</span> <span class='ocrx_word' id='word_1_270' title='bbox 1117 3823 1349 3905; x_wconf 84' lang='grc' dir='ltr'><strong><em>σπουδύζονμεν.</em></strong></span> 
     </span>
    </p>
   </div>
   <div class='ocr_carea' id='block_1_8' title="bbox 159 4032 1351 4441">
    <p class='ocr_par' dir='ltr' id='par_1_9' title="bbox 159 4032 1351 4441">
     <span class='ocr_line' id='line_1_33' title="bbox 205 4032 1350 4125; baseline 0.003 -24"><span class='ocrx_word' id='word_1_271' title='bbox 205 4037 285 4125; x_wconf 86' lang='lat' dir='ltr'>Pag.</span> <span class='ocrx_word' id='word_1_272' title='bbox 311 4036 386 4102; x_wconf 85' lang='lat'>481.</span> <span class='ocrx_word' id='word_1_273' title='bbox 412 4054 439 4102; x_wconf 86' lang='grc' dir='ltr'>ο.</span> <span class='ocrx_word' id='word_1_274' title='bbox 465 4036 531 4102; x_wconf 76' lang='grc' dir='ltr'><strong><em>ἐίτί</em></strong></span> <span class='ocrx_word' id='word_1_275' title='bbox 563 4060 631 4113; x_wconf 82' lang='grc' dir='ltr'><strong><em>μον,</em></strong></span> <span class='ocrx_word' id='word_1_276' title='bbox 666 4035 686 4102; x_wconf 83' lang='grc' dir='ltr'><strong><em>ὦ</em></strong></span> <span class='ocrx_word' id='word_1_277' title='bbox 713 4032 893 4116; x_wconf 79' lang='grc' dir='ltr'><strong><em>Σώκρατες,</em></strong></span> <span class='ocrx_word' id='word_1_278' title='bbox 927 4034 1051 4116; x_wconf 85' lang='grc' dir='ltr'><strong><em>πύτερύν</em></strong></span> <span class='ocrx_word' id='word_1_279' title='bbox 1083 4060 1118 4101; x_wconf 89' lang='grc' dir='ltr'><strong><em>σε</em></strong></span> <span class='ocrx_word' id='word_1_280' title='bbox 1152 4040 1260 4116; x_wconf 82' lang='grc' dir='ltr'><strong><em>Φῶμεν</em></strong></span> <span class='ocrx_word' id='word_1_281' title='bbox 1291 4039 1350 4105; x_wconf 87' lang='grc' dir='ltr'><strong><em>νυνί</em></strong></span> 
     </span>
     <span class='ocr_line' id='line_1_34' title="bbox 160 4140 1351 4230; baseline 0.004 -24"><span class='ocrx_word' id='word_1_282' title='bbox 160 4140 374 4224; x_wconf 75' lang='grc' dir='ltr'><strong><em>σπουδάζοντα</em></strong></span> <span class='ocrx_word' id='word_1_283' title='bbox 406 4144 423 4218; x_wconf 79' lang='lat' dir='ltr'>l</span> <span class='ocrx_word' id='word_1_284' title='bbox 456 4143 607 4225; x_wconf 87' lang='grc' dir='ltr'><strong><em>παίζοντα</em></strong></span> <span class='ocrx_word' id='word_1_285' title='bbox 621 4144 646 4228; x_wconf 87' lang='grc'>;]</span> <span class='ocrx_word' id='word_1_286' title='bbox 694 4142 826 4209; x_wconf 81' lang='lat' dir='ltr'>Soloeaa</span> <span class='ocrx_word' id='word_1_287' title='bbox 858 4144 935 4208; x_wconf 90' lang='lat' dir='ltr'>haee</span> <span class='ocrx_word' id='word_1_288' title='bbox 969 4145 1071 4207; x_wconf 90' lang='lat' dir='ltr'>oratio</span> <span class='ocrx_word' id='word_1_289' title='bbox 1104 4148 1172 4221; x_wconf 87' lang='lat' dir='ltr'>est,</span> <span class='ocrx_word' id='word_1_290' title='bbox 1213 4164 1351 4230; x_wconf 90' lang='lat' dir='ltr'>namque</span> 
     </span>
     <span class='ocr_line' id='line_1_35' title="bbox 159 4246 1349 4334; baseline 0.003 -21"><span class='ocrx_word' id='word_1_291' title='bbox 159 4254 270 4328; x_wconf 83' lang='grc' dir='ltr'><strong><em>Φῶμεν</em></strong></span> <span class='ocrx_word' id='word_1_292' title='bbox 300 4246 498 4312; x_wconf 85' lang='lat' dir='ltr'>infinitivum</span> <span class='ocrx_word' id='word_1_293' title='bbox 528 4248 670 4334; x_wconf 84' lang='lat' dir='ltr'>postulat</span> <span class='ocrx_word' id='word_1_294' title='bbox 700 4247 911 4329; x_wconf 73' lang='grc' dir='ltr'><strong><em>στουδοίζθΙΝ</em></strong></span> <span class='ocrx_word' id='word_1_295' title='bbox 940 4248 957 4324; x_wconf 73' lang='grc' dir='ltr'>νδ</span> <span class='ocrx_word' id='word_1_296' title='bbox 983 4246 1145 4326; x_wconf 76' lang='grc' dir='ltr'>παίζΕΙΝ.</span> <span class='ocrx_word' id='word_1_297' title='bbox 1192 4246 1349 4316; x_wconf 85' lang='lat' dir='ltr'>Mandum</span> 
     </span>
     <span class='ocr_line' id='line_1_36' title="bbox 160 4354 1351 4441; baseline 0.002 -20"><span class='ocrx_word' id='word_1_298' title='bbox 160 4362 209 4421; x_wconf 88' lang='lat' dir='ltr'>est</span> <span class='ocrx_word' id='word_1_299' title='bbox 227 4357 262 4418; x_wconf 88' lang='lat' dir='ltr'>in</span> <span class='ocrx_word' id='word_1_300' title='bbox 281 4361 399 4431; x_wconf 82' lang='grc' dir='ltr'><strong><em>Φῶμεν.</em></strong></span> <span class='ocrx_word' id='word_1_301' title='bbox 433 4354 561 4441; x_wconf 89' lang='lat' dir='ltr'>Repone</span> <span class='ocrx_word' id='word_1_302' title='bbox 581 4360 690 4432; x_wconf 82' lang='grc' dir='ltr'><strong><em>Θῶμεν</em></strong></span> <span class='ocrx_word' id='word_1_303' title='bbox 711 4361 743 4420; x_wconf 85' lang='lat' dir='ltr'>et</span> <span class='ocrx_word' id='word_1_304' title='bbox 761 4358 882 4441; x_wconf 90' lang='lat' dir='ltr'>optime</span> <span class='ocrx_word' id='word_1_305' title='bbox 899 4355 1063 4420; x_wconf 86' lang='lat' dir='ltr'>habebunt</span> <span class='ocrx_word' id='word_1_306' title='bbox 1082 4358 1198 4421; x_wconf 90' lang='lat' dir='ltr'>omnia.</span> <span class='ocrx_word' id='word_1_307' title='bbox 1234 4356 1351 4424; x_wconf 89' lang='lat' dir='ltr'>Multis</span> 
     </span>
    </p>
   </div>
   <div class='ocr_carea' id='block_1_9' title="bbox 160 4459 1350 4617">
    <p class='ocr_par' dir='ltr' id='par_1_10' title="bbox 160 4459 1350 4617">
     <span class='ocr_line' id='line_1_37' title="bbox 160 4459 1350 4543; baseline 0.003 -18"><span class='ocrx_word' id='word_1_308' title='bbox 160 4459 233 4526; x_wconf 88' lang='lat' dir='ltr'>aliie</span> <span class='ocrx_word' id='word_1_309' title='bbox 254 4460 454 4527; x_wconf 87' lang='lat' dir='ltr'>loeiseodem</span> <span class='ocrx_word' id='word_1_310' title='bbox 477 4463 573 4527; x_wconf 89' lang='lat' dir='ltr'>modo</span> <span class='ocrx_word' id='word_1_311' title='bbox 597 4468 706 4538; x_wconf 81' lang='grc' dir='ltr'><strong><em>Θῶμεν</em></strong></span> <span class='ocrx_word' id='word_1_312' title='bbox 729 4469 762 4528; x_wconf 88' lang='lat' dir='ltr'>et</span> <span class='ocrx_word' id='word_1_313' title='bbox 785 4469 893 4540; x_wconf 83' lang='grc' dir='ltr'><strong><em>Φῶμεν</em></strong></span> <span class='ocrx_word' id='word_1_314' title='bbox 914 4463 997 4527; x_wconf 89' lang='lat' dir='ltr'>inter</span> <span class='ocrx_word' id='word_1_315' title='bbox 1020 4481 1053 4527; x_wconf 88' lang='lat' dir='ltr'>sa</span> <span class='ocrx_word' id='word_1_316' title='bbox 1077 4462 1206 4533; x_wconf 80' lang='lat' dir='ltr'>oonfirsa</span> <span class='ocrx_word' id='word_1_317' title='bbox 1228 4467 1350 4543; x_wconf 83' lang='lat' dir='ltr'>notavi,</span> 
     </span>
     <span class='ocr_line' id='line_1_38' title="bbox 1194 4571 1209 4617; baseline 0 0"><span class='ocrx_word' id='word_1_318' title='bbox 1194 4571 1209 4617; x_wconf 86' lang='lat' dir='ltr'>o</span> 
     </span>
    </p>
   </div>
   <div class='ocr_carea' id='block_1_10' title="bbox 0 0 1642 5006">
    <p class='ocr_par' dir='ltr' id='par_1_11' title="bbox 0 0 1642 5006">
     <span class='ocr_line' id='line_1_39' title="bbox 0 0 1642 5006; baseline 0 2"><span class='ocrx_word' id='word_1_319' title='bbox 0 0 1642 5006; x_wconf 95' lang='lat' dir='ltr'> </span> 
     </span>
    </p>
   </div>
  </div>
 </body>
</html>
