3254 5034
573 342 765 391 nntnonoctct
791 341 827 388 ιι
850 341 979 389 carrica.
1326 323 1371 387 ot

176 513 192 577 ὂ
221 514 416 595 Ἀχιλλεύς.
449 512 492 577 διδ
521 510 573 576 καί
604 513 635 576 έν
666 512 742 593 τρισί
771 513 953 592 συλλαβαῖς
976 508 1240 590 ἀναγινώσκεται.
1273 508 1370 577 etati

177 617 292 708 Odyss.
310 630 354 685 A.
376 622 461 684 tto,
484 616 702 699 τρισυλλάβως
722 619 757 684 πδ
777 622 925 702 Τροίην
944 619 983 692 ric
1000 618 1054 685 καί
1067 615 1253 701 Ἀρίςοορχίς
1265 622 1369 702 φησιν.

176 725 215 791 ln
248 724 299 790 his
322 723 534 791 Aristarchus
558 724 676 809 partim
703 743 815 791 rernm
842 723 941 802 vidit,
965 726 1084 811 partim
1108 724 1242 791 iaiiitrrr.
1290 722 1371 789 Rec-

178 830 304 896 tissime
325 830 405 895 vidit
427 850 488 895 non
510 829 549 895 dc
570 828 649 895 urbe
671 829 766 895 Troia
788 829 866 917 tinec
884 829 966 908 dici,
990 830 1045 896 sed
1064 829 1216 916 oppidum
1239 828 1369 917 aliquod

176 938 212 1001 in
245 955 322 1022 agno
356 935 494 1001 Troiano
517 934 566 999 his
592 932 697 1001 verbis
719 933 916 1023 significari,
947 935 1043 1022 idque
1064 934 1185 1023 liquido
1215 954 1370 1023 apparere

175 1041 263 1108 dixit
287 1061 324 1108 cn
349 1039 439 1109 ttiat.
462 1051 502 1107 Λ.
531 1044 612 1107 tot.

285 1150 318 1214 ori
340 1151 403 1227 μην
428 1147 474 1214 σοί
497 1170 572 1212 ποτε
596 1142 659 1212 ίσον
682 1144 746 1228 ἔχω
769 1147 864 1229 γέρας
887 1147 999 1213 ὁππότ’
1020 1148 1149 1230 Ἀχαιοί

284 1256 393 1335 Τρώων
417 1252 581 1335 ἐκπέρσαι*
605 1248 639 1320 οὗ
663 1251 817 1330 ναιόμενον
840 1254 1028 1335 ππολίείρον.

175 1358 220 1425 ati
245 1378 339 1445 quem
364 1357 470 1425 locunt
495 1357 721 1424 Aristarchus:
745 1359 897 1442 Φανερίν,
922 1359 1049 1446 inquit,
1073 1360 1108 1424 ἐκ
1130 1358 1239 1426 τούτου
1257 1362 1296 1433 ὣς
1316 1360 1368 1425 καί

175 1464 211 1528 έν
230 1472 294 1538 σοῖς
313 1464 416 1530 έποίνω
437 1464 508 1545 περί
525 1486 604 1537 τινος
623 1468 684 1530 πῶν
705 1465 878 1547 περιχώρων
897 1467 942 1535 tet
964 1465 1080 1531 πόλεων
1103 1464 1241 1546 ίλίηος.
1269 1469 1370 1533 Αοιοία

174 1569 261 1636 vidit
292 1579 324 1636 et
347 1569 515 1635 verissima
539 1567 617 1636 iraec
641 1578 728 1635 sunt.
775 1569 915 1637 Achilles
938 1569 977 1636 ad
1004 1574 1274 1656 Agamemnonem
1299 1569 1367 1658 pla·

174 1675 320 1742 candum
351 1695 414 1741 non
440 1676 485 1740 ita
508 1673 610 1740 dirtos
643 1675 814 1741 sarciemus
837 1676 895 1742 rior·
916 1675 1068 1741 damnum
1091 1676 1145 1742 obi
1172 1674 1296 1742 Troiam
1319 1696 1370 1743 cc·

169 1782 338 1868 perimor,
363 1780 417 1848 sed
439 1780 467 1845 σι’
487 1780 609 1866 quoodo
631 1780 777 1868 oppidum
797 1781 925 1869 aliquod
943 1782 978 1846 οἰι
1001 1779 1132 1848 Troiano
1150 1803 1227 1871 apro
1246 1792 1370 1871 coptam

174 1888 377 1973 diripicmm.
437 1886 613 1953 Confirmat
645 1886 728 1953 hanc
764 1888 958 1954 sententiam
991 1887 1183 1955 Graecitatis
1218 1890 1301 1955 ratio
1335 1896 1369 1954 ct

177 2014 263 2061 usos
291 2003 323 2060 et
348 1994 477 2080 linguae
502 1990 690 2059 Homericae
713 1992 921 2060 consuetudo.
968 1994 1081 2063 Latine
1104 1995 1225 2081 optime
1248 1992 1370 2059 dicitur

175 2100 258 2166 oric
279 2097 398 2173 Romo,
421 2096 497 2163 oric
525 2094 616 2164 Troia
639 2105 672 2164 et
692 2098 765 2166 sim.
787 2099 842 2166 sed
864 2119 968 2186 neque
987 2098 1371 2186 Homernsneqchrao·

176 2225 294 2273 corum
318 2205 491 2292 quisquam
517 2207 647 2273 urbium
672 2205 857 2273 nominibus
882 2225 939 2293 per
961 2206 1192 2292 appositionem
1211 2203 1300 2271 addit
1318 2205 1371 2271 πί·

176 2328 251 2392 λις,
288 2331 390 2399 neque
426 2310 516 2385 πόλις
548 2312 640 2396 Τροίη
672 2312 793 2379 dicitur
824 2313 879 2379 sed
911 2313 1060 2395 Τροίης
1091 2310 1169 2394 ίερδν
1199 2310 1372 2393 ππολίείρον

177 2417 324 2501 ἔπερσεν,
353 2426 385 2483 et
410 2417 494 2505 apud
519 2418 766 2505 Aristophanem
792 2419 824 2483 in
850 2416 953 2504 teptto
977 2415 1045 2483 loco
1067 2419 1183 2484 Acium
1214 2434 1260 2483 rs.
1288 2419 1372 2484 15615

384 2524 418 2590 πδ
441 2525 499 2602 μὲν
523 2524 665 2606 πόλισμα
687 2535 744 2602 σῆς
767 2516 1084 2609 Νεφελοκοκκυγίας

388 2632 458 2712 opatu
480 2633 543 2699 ποδί
567 2632 713 2716 ποίρεςιν,
738 2624 767 2696 οί
787 2630 1018 2711 πρεσβεύομεν,

176 2754 245 2801 non
276 2736 330 2812 την
358 2740 665 2821 Νεφελοκοκκυγίαν.
714 2736 779 2802 Hoc
808 2736 909 2820 igitur
933 2734 972 2800 ab
996 2734 1184 2801 Aristarcho
1205 2736 1291 2820 gnati
1314 2753 1368 2802 ac·

176 2842 337 2927 cipimus,
367 2842 422 2909 seri
455 2843 540 2930 quod
562 2845 672 2925 Τροίην
695 2841 826 2928 scripsit
850 2841 881 2905 ἕν
904 2842 981 2923 τρισί
1006 2842 1188 2921 συλλαβαῖς
1213 2841 1245 2905 in
1270 2860 1308 2907 ea
1332 2861 1368 2910 rc

176 2944 282 3013 levem
307 2967 449 3015 errorem
476 2951 650 3015 conrtnisit.
699 2947 746 3013 Ex
768 2955 888 3013 Tt’ssc
913 2950 1058 3013 nascitur
1080 2955 1246 3013 TPtttoc
1270 2955 1302 3013 et
1326 2945 1369 3014 ie·

177 3055 342 3120 mininnrn
375 3062 514 3121 ΤΡΩΙΗ
547 3055 596 3144 (nt
625 3075 663 3120 ex
695 3060 826 3118 aMnc
852 3053 886 3119 fit
909 3054 1072 3139 ΔΜΩΙΗ)
1098 3060 1130 3118 et
1150 3060 1315 3119 TPntAc
1339 3061 1371 3120 et

174 3168 383 3226 Tnntttoc.
414 3161 548 3242 Τρωϊκός
573 3161 692 3246 tegitur·
716 3158 750 3224 ΙΙ.
778 3169 814 3225 Κ.
843 3166 878 3224 ll
907 3159 1009 3226 πεδίον
1032 3160 1067 3223 πὸ
1091 3157 1246 3239 Τρωϊκόν,
1271 3169 1304 3223 et
1328 3168 1369 3223 Ψ.

177 3269 245 3332 tot
277 3268 410 3347 Τρωϊκὸν
438 3267 487 3346 οόμ
518 3268 637 3343 πεδίον,
671 3278 703 3332 et
732 3276 772 3331 Π.
803 3269 868 3331 569
892 3273 983 3331 λεῖπε
1003 3266 1033 3330 δδ
1057 3263 1134 3329 λαδν
1159 3260 1313 3344 Τρωϊκόν,
1338 3272 1371 3329 et

176 3384 213 3439 Ρ.
249 3375 313 3438 nrt
344 3382 376 3439 ct
409 3383 445 3438 Φ.
477 3377 553 3439 196.
584 3381 808 3438 ΤΡΩΙΑΔΕΟ
850 3373 965 3438 Poetae
995 3368 1129 3435 arbitrio
1160 3378 1217 3436 aut
1245 3385 1369 3453 σρισυλ·

175 3478 290 3559 λοίβως
316 3489 352 3544 ut
376 3480 408 3544 in
435 3478 502 3545 his:
529 3479 565 3544 ΙΙ.
591 3489 628 3547 Ζ.
656 3484 721 3546 442
743 3486 776 3544 et
800 3489 838 3544 x.
867 3482 940 3543 105.

316 3584 458 3663 αἰδέομαι
482 3592 590 3667 Τρῶας
614 3585 667 3651 καί
691 3582 841 3667 Τρῳοίδας
866 3581 1127 3655 ἑλκεσιπέπλους.

177 3698 212 3758 et
241 3700 279 3756 Η.
306 3693 383 3757 297.

317 3802 426 3877 Τρῶας
450 3797 608 3881 ἐϋφρανέω
631 3797 684 3862 καί
707 3796 858 3880 Τρῳιίδας
883 3794 1142 3867 ἑλκεσιπέπλους.

179 3910 213 3968 et
236 3911 283 3968 Ω.
311 3905 385 3968 tot.
1022 3942 1027 3951 ·

319 4006 429 4089 ίψεσίε
449 4011 551 4090 Τρῶες
574 4008 627 4075 καί
652 4006 793 4093 Τρῳοίδες
814 4009 936 4089 Ἕκτορ’
959 4006 1072 4080 ίίνπες.

179 4114 446 4198 πεπρασυλλοίβως
470 4123 582 4181 contra
605 4113 641 4179 ΙΙ.
666 4124 694 4179 1.
723 4119 784 4181 139
809 4123 841 4180 et
866 4118 943 4180 281.

319 4221 480 4304 Τρωϊάδας
502 4221 533 4287 δέ
555 4228 709 4301 γυναῖκας
733 4221 858 4288 ἐείκοσιν
881 4220 976 4294 αὐσδς
998 4217 1124 4286 ἕλέσίω.

182 4339 214 4395 ct
237 4338 277 4395 Σ.
307 4330 381 4393 122.

319 4435 375 4503 καί
396 4457 467 4501 πινα
490 4433 652 4516 spctatam
673 4433 726 4502 καί
751 4433 946 4515 Δαρδανίδων
968 4432 1192 4511 βαθυκόλπων.
