3296 5022
258 286 301 355 40
685 303 727 348 m
751 303 1016 351 ranormnsruu.

257 466 398 539 fideliter¹
419 475 586 539 servantia.
634 474 744 561 Itaque
775 475 981 539 manifestum
1006 479 1054 539 est
1076 470 1331 559 Theophrastum
1356 479 1451 563 scrip·

257 582 334 645 sisse
354 578 499 659 νιιχράναι
518 618 560 630 -
573 581 902 657 'auerruncandae
927 600 1003 646 nam
1017 582 1209 666 praepositio
1233 582 1300 648 ἘΝ
1322 584 1452 670 perinde

258 688 434 751 necessaria
455 692 503 751 est
525 692 620 772 etque
643 691 736 754 'essL
785 685 902 752 Omnia
922 687 1020 752 verba
1043 685 1181 766 Graeca,
1205 689 1322 773 quibus
1345 688 1374 754 a
1393 714 1451 756 τινι

259 790 313 857 vel
336 789 366 855 ἓν
390 814 447 856 τινι
470 790 554 872 τόπῳ
587 792 661 858 addi
689 799 810 881 potest,
840 792 960 857 habent
989 792 1126 875 formam
1154 814 1193 858 ex
1222 798 1453 881 praepositione

262 897 291 961 ἓν
315 899 533 983 compositam.
580 898 673 964 Nihil
703 920 782 985 opus
812 904 859 964 est
885 894 1016 964 Graecis
1039 899 1073 961 in
1095 918 1132 963 ea
1154 919 1188 964 re
1211 882 1399 967 auctoritate
1421 910 1453 967 et

259 1003 430 1090 exemplis:
463 1004 581 1070 sufficit
611 1005 758 1093 analogia
788 1012 820 1070 et
843 1006 976 1090 quisque
1005 1024 1063 1089 pro
1092 1024 1126 1068 re
1155 1011 1231 1073 nete
1252 1007 1350 1072 verba
1371 1028 1454 1074 nova

258 1112 305 1175 ita
328 1113 499 1196 componit.
546 1111 673 1176 Dicitur
693 1135 725 1178 v.
752 1134 777 1177 c.
802 1109 965 1191 μάχεσῖαι
990 1109 1019 1173 ἐν
1043 1111 1084 1190 τῷ
1110 1109 1202 1192 πεδίῳ
1225 1113 1334 1197 itaque
1354 1111 1454 1179 Hero·

260 1216 353 1283 dotus
374 1234 418 1281 11.
445 1213 475 1281 7.
500 1220 644 1304 scripsit:
671 1217 915 1290 ἐπιτμδεάταπάν
940 1216 985 1285 ε’ςι
1009 1216 1301 1297 ἘΜΜαχέσασῖαι
1324 1219 1359 1282 τὸ
1384 1228 1454 1298 Θρι-

259 1322 346 1389 ἀσιον
370 1321 489 1397 πεδίον,
522 1326 616 1388 utin
637 1323 782 1389 Romano
806 1320 921 1389 Codice
943 1326 1027 1388 recte
1049 1321 1180 1409 legitur.
1227 1321 1320 1403 Quod
1342 1324 1454 1412 wilpa

260 1434 314 1495 tur
336 1428 542 1510 μαχέσασθαι
565 1430 598 1495 h.
622 1429 645 1495 l.
669 1430 844 1496 absurdum
872 1435 929 1496 eet.
978 1424 1118 1514 Campus
1144 1428 1208 1512 ν’ροε
1228 1450 1291 1495 non
1313 1436 1453 1519 pugnat,

260 1534 315 1602 sed
337 1536 371 1599 νἰι
394 1558 427 1601 eo
446 1542 627 1625 pugnatur:
652 1556 728 1624 ergo
749 1536 882 1602 idoneus
905 1541 953 1601 est
975 1534 1197 1628 ἐμμάχεσθαι,
1221 1556 1284 1601 non
1306 1536 1452 1617 μαχέσα·

261 1642 341 1708 σθαι.
389 1640 548 1709 Similiter
576 1643 664 1709 idem
693 1660 748 1707 vn.
776 1640 830 1707 59.
862 1642 1007 1707 dederat:
1040 1638 1123 1717 ἔδοξε
1154 1637 1191 1706 ὦν
1216 1642 1229 1706 ὃ
1253 1648 1349 1723 χοῖρος
1378 1639 1454 1710 εἶναι

261 1748 417 1824 ἐπιτήδεος
454 1747 672 1825 ἘΝδιατάξαι
707 1773 743 1813 τε
777 1747 829 1812 καὶ
866 1747 1101 1826 ἘΝαριάμῆται
1136 1747 1188 1811 τὸν
1222 1748 1357 1828 ερατόν,
1392 1770 1455 1815 non

260 1855 507 1934 ’βΞαριῖμῆσαι,
538 1860 576 1920 ut
605 1876 689 1919 nunc
717 1853 881 1941 uolgatur.
929 1850 1059 1916 Similia
1087 1853 1138 1917 his
1165 1856 1285 1939 passim
1306 1859 1454 1940 reperias.

262 1959 466 2046 Thucydides
488 1958 529 2024 II.
555 1956 608 2025 74.
632 1962 687 2035 τὴν
711 1969 771 2037 γῆν
796 1959 967 2039 παρέτχετ·
991 1961 1103 2034 εὐμενῆ
1128 1958 1372 2040 ἐναχυνῖζεσάαι.
1398 1959 1453 2026 Ill.

265 2065 339 2131 104.
372 2068 454 2143 μήτε
486 2065 716 2141 ἐναποθνήσκειν
740 2102 783 2112 -
807 2066 888 2143 μήτε
920 2064 1087 2129 irrisuro:
1108 2063 1149 2129 Π.
1176 2064 1228 2131 42.
1253 2061 1296 2138 οἷς
1321 2067 1455 2132 ἐνευδαι-
1509 2100 1515 2105 ·

261 2170 396 2253 μονάσαί
418 2194 453 2236 τε
478 2170 585 2247 ὁμοίως
605 2171 618 2234 ὁ
638 2172 706 2249 βίος
729 2171 781 2235 καῖ
802 2171 1018 2243 ἑντελευτῆοαι
1039 2168 1252 2251 ξυνεμετράἀη.
1276 2172 1456 2241 Andocides

260 2298 335 2366 pag.
360 2274 422 2353 26,
447 2274 579 2350 41.“τῖρν
602 2278 706 2357 χώραν
730 2278 764 2340 οὐ
785 2277 971 2357 παρέχουσιν
990 2277 1190 2354 ἐμπολεμεῖν.
1227 2277 1457 2344 Demosthenes

262 2404 336 2471 pag.
369 2379 453 2459 294,
492 2378 543 2445 13.
580 2376 638 2462 ὅτῳ
670 2383 712 2447 πά
743 2386 801 2446 τῶν
833 2378 987 2457 Ἑλλήνων
1018 2383 1221 2464 ἀτυχήματα
1254 2382 1456 2463 ἐνευδοκιμεῖν

262 2490 417 2555 ἀπέκειτο.
464 2488 636 2553 Aeschines
663 2508 737 2576 pag.
763 2485 824 2567 75,
859 2488 1137 2565 1.τῖρνἈάιρνάν,
1171 2479 1204 2562 ἣν
1229 2488 1352 2563 Φειδίας
1377 2491 1455 2572 ἕνερ·

264 2597 418 2675 χολαβεῖν
448 2592 618 2676 εῖρχάσατο
649 2594 702 2660 καὶ
735 2596 913 2677 ἐνεπιορκεῖν
944 2598 985 2675 τῷ
1016 2593 1211 2672 Δημοσθένει.
1258 2597 1345 2661 Audi
1373 2617 1456 2661 nunc

262 2699 417 2768 Comicos.
464 2701 692 2787 Aristophanes
715 2702 837 2767 Αοῖάυυ.
865 2700 918 2767 38.

466 2807 517 2871 καῖ
543 2809 946 2884 accinctumaccensum
969 2808 1135 2887 χρήματα.

262 2921 295 2981 et
316 2917 351 2979 in
373 2914 448 2979 Pac.
479 2910 576 2978 1227.

468 3019 760 3101 evanescentem
784 3021 829 3089 ἐπ’
853 3020 1021 3095 ἐπιτήδειος
1045 3017 1137 3084 πάνυ.

307 3125 477 3211 Polyzelus
501 3125 585 3211 apud
606 3124 774 3191 Pollucem
796 3143 829 3190 x.
853 3123 905 3191 76.

399 3229 498 3310 ὥσπερ
522 3233 651 3313 λεκανῖιρ
674 3231 750 3310 τῷδε
774 3232 837 3312 χάρ
862 3236 977 3311 πρῶτον
1000 3232 1057 3310 μὲν
1080 3231 1276 3312 ἒναπυνῖψει,

398 3333 568 3414 ἒνεξεμεῖρ,
594 3336 806 3409 ἕνεκπλυνεῖο,
830 3334 956 3402 κᾶπειτ’
981 3337 1221 3411 ἕναποπατάοει.

261 3442 301 3510 cf.
327 3442 404 3521 Noc.
428 3441 522 3507 decit.
553 3463 626 3530 pag.
654 3440 728 3506 145.
776 3440 812 3506 81
841 3444 912 3528 quie
943 3463 982 3509 ex
1003 3444 1056 3509 his
1077 3443 1156 3511 locis
1179 3444 1209 3508 ἐν
1233 3443 1386 3510 demserit
1410 3448 1459 3511 vi·

260 3554 377 3617 tiosam
408 3571 453 3615 ac
467 3548 623 3615 soloecam
654 3549 830 3614 orationem
860 3547 1042 3615 reddiderit.
1091 3549 1187 3633 Apud
1212 3548 1386 3616 Stobaeum
1410 3557 1459 3616 est

262 3657 371 3722 moria
399 3652 436 3732 7,
462 3654 492 3721 2.
517 3652 647 3743 Tragici
671 3653 776 3719 locus:

489 3759 534 3829 ἔςι
558 3759 611 3823 καὶ
636 3758 806 3824 πταῖσαυτ’
830 3761 944 3841 ἀρετάυ

488 3862 711 3940 ἀποδείξασθαι
735 3866 864 3947 ἀοινάτιρ.

261 3975 319 4040 ubi
341 3967 634 4045 ἘΝαποδείξαοῖαι
665 3971 806 4057 postulat
836 3971 1029 4039 Graecitatis
1059 3993 1135 4037 mus
1158 3978 1191 4039 et
1213 3978 1355 4040 metrum
1387 3996 1459 4041 con-

261 4079 377 4145 firmat.
402 4076 501 4162 Saepe
525 4076 593 4142 vidi
615 4077 645 4140 ἐν
668 4079 702 4141 in
721 4076 840 4143 talibus
862 4080 1003 4165 periisse.
1028 4077 1066 4143 cf.
1088 4079 1165 4143 Noc.
1187 4080 1280 4145 lectt.
1301 4102 1375 4169 pag.
1391 4079 1458 4147 476

261 4190 294 4251 et
318 4183 393 4250 487.
416 4182 510 4268 plura
532 4180 572 4245 ad
594 4181 767 4248 libanium
789 4185 956 4271 proferam.
1003 4183 1077 4249 Jam
1103 4206 1205 4263 nunc,
1239 4188 1349 4265 credo,
1373 4188 1460 4253 mihi

261 4291 351 4355 dabis
373 4287 627 4373 Theophrastum
653 4311 716 4356 non
740 4289 833 4355 aliter
856 4311 953 4377 quam
977 4290 1029 4354 καῖ
1054 4295 1142 4355 τοῦτο
1166 4295 1283 4372 περιιὼν
1308 4292 1458 4373 κιχράναι

261 4396 310 4467 ἀεὶ
336 4432 377 4440 -
401 4400 464 4465 τοῖς
488 4395 657 4475 ἀρμονικοῖς
682 4398 995 4461 ’ΘΝΕΠΙδεῖιινυοθαι
1020 4398 1156 4463 scribere
1178 4402 1328 4484 potuisse.
