3330 5012
718 375 747 420 ιιι
771 374 888 421 ιιιιιιιιι.
1328 357 1394 420 309

208 544 327 605 κακιεῖν
356 533 399 612 οἷς
423 535 552 620 ἔπραξε,
583 538 635 605 τόν
656 539 683 604 δ’
707 539 922 606 ἐπαινέσεσθαι
951 538 1036 619 prro
1059 541 1153 606 ταῦτ’
1177 537 1394 621 ἀνασχόμενον

208 643 262 708 καί
285 642 474 726 κατασχόνθ’
497 642 606 708 ἑαυτὸν
627 641 776 723 ἔμελλον,
799 643 852 711 καί
875 646 968 710 ταῦτ’
992 645 1035 718 είς
1052 644 1314 711 οἷκίανόλόόινὲπί
1334 645 1393 713 δεῖ·

208 770 299 827 πνον,
331 742 362 813 ol
379 748 424 827 μη
445 747 586 830 βαδίζειν
609 747 679 827 ἐξῆν
702 749 803 829 αὐτῷ·
832 748 940 838 (vulgo
964 747 1048 815 male
1072 750 1204 836 punitur
1226 749 1395 816 distinctio

209 852 324 941 maior)
357 854 432 937 ἐγὼ
463 852 490 917 δ’
518 853 572 919 ὑπ’
598 854 705 934 ἐχθροῦ
735 857 899 936 νήφοντος,
922 851 1009 920 loten
1032 851 1150 936 ὕβρει
1175 854 1227 920 καί
1252 857 1305 921 οὐκ
1329 854 1394 938 clep

207 960 299 1052 τοῦτο
328 962 498 1032 ποιοῦντος,
533 958 667 1024 ἐναντίον
689 964 811 1024 πολλῶν
831 957 884 1023 καί
910 956 1000 1036 ξόνυν
1023 959 1077 1026 καί
1101 966 1232 1027 πολιτῶν
1259 957 1395 1048 [ὑβριζό-

209 1060 304 1149 μην],
336 1061 390 1127 καί
419 1065 511 1128 ταῦτ’
542 1063 574 1127 ἐν
602 1064 668 1144 ίερῷ
700 1063 753 1129 καί
785 1060 815 1130 οἷ
843 1064 945 1139 πολλή
975 1087 1027 1142 ροοι
1050 1060 1085 1139 ἦν
1106 1063 1231 1144 οίνοίγιιη
1254 1063 1395 1147 βαδίζειν

209 1170 403 1248 χορηγοῦντι.
445 1164 492 1233 ld
527 1167 590 1245 epo
622 1167 649 1232 δ’
684 1187 702 1233 e
737 1168 936 1253 praegressis
966 1179 1073 1235 moute
1104 1167 1313 1256 repetendum
1345 1176 1396 1235 est

211 1270 370 1350 ἐπλήγην,
404 1270 488 1358 quod
511 1272 568 1357 qui
594 1290 655 1336 uon
682 1270 838 1338 intellexit
861 1271 1000 1339 absurde
1023 1273 1184 1360 supplerit
1207 1271 1394 1355 ὑβριζόμην,

210 1394 274 1440 nou
306 1383 432 1442 tantum
463 1374 546 1442 male
571 1395 650 1442 usus
671 1375 881 1462 lmperleeto,
905 1375 960 1442 ubi
982 1386 1199 1463 praecesserat
1224 1379 1393 1457 doristus,

211 1478 267 1547 sed
290 1481 389 1546 etiam
413 1479 510 1546 verbo
533 1481 752 1566 ineptissimo,
777 1482 870 1567 quasi
895 1501 968 1548 rero
987 1479 1083 1547 aliter
1101 1500 1199 1568 quem
1220 1479 1306 1563 ὕβρει
1323 1502 1396 1569 poe·

211 1585 255 1650 sit
273 1583 392 1672 aliquis
411 1583 552 1667 triplicare.
584 1585 705 1651 bluteta
726 1585 848 1671 igitur,
874 1593 911 1651 ut
932 1584 1092 1665 iudicavi,
1118 1586 1396 1674 interpunctione,

212 1687 281 1756 dele
305 1690 528 1776 importunum
549 1687 723 1755 emblema:
747 1698 779 1755 et
802 1697 891 1756 totus
914 1689 1003 1757 loeus
1026 1691 1156 1776 egregie
1178 1689 1343 1777 procedet.

255 1792 1396 1881 Mutatainterpunctioneadiuvandusquuqueloousvaldecontroeer·

210 1918 266 1965 sus
289 1901 307 1984 §
331 1902 394 1965 86:
417 1898 568 1983 Φυλόξαι
590 1900 647 1975 rire
669 1899 855 1966 τελευταίαν
878 1898 994 1981 ἡμέραν
1015 1906 1073 1966 τῶν
1090 1891 1394 1974 decernis-eieci&

209 2003 267 2083 μὲν
290 2001 363 2081 ἦλόε
384 2010 443 2069 τῶν
467 2003 645 2081 διαιτητῶν,
668 2005 683 2069 ό
706 2004 733 2071 δ’
757 2006 811 2070 οὐκ
834 2000 924 2081 ἦλόε,
957 2004 1070 2078 πείσας
1092 2006 1145 2070 τόν
1167 2005 1396 2087 πρυτανεύοντα

210 2110 310 2175 δοῦναι
345 2110 400 2184 rire
421 2114 529 2192 ψῆφον
548 2109 637 2190 παρὰ
657 2108 781 2182 πάντας
799 2111 870 2182 τοὺς
887 2106 995 2188 νόμους
1018 2119 1158 2192 κλητῆρα
1181 2110 1244 2178 οὐδ’
1265 2110 1395 2178 όντινοῦν

209 2206 477 2296 ἐπιγραφόμενος,
490 2218 705 2295 κατηγορῶν
716 2211 859 2296 ἔρημον,
878 2214 991 2289 οὐδενὸς
1004 2213 1162 2297 παρόντος,
1176 2213 1328 2294 όκβοόλλει
1341 2214 1394 2281 καί

208 2320 321 2399 οξτιροοῖ
340 2318 393 2384 τίν
416 2317 587 2395 διαιτητήν.
624 2321 698 2385 Post
721 2320 864 2385 virorum
889 2318 1057 2387 doctorum
1081 2318 1120 2385 de
1143 2318 1203 2386 boc
1226 2319 1294 2385 loco
1317 2317 1396 2385 dus·

211 2425 394 2512 putatioues
411 2443 542 2491 mouere
563 2422 704 2489 sufficiat
726 2444 829 2510 neque
853 2425 1058 2491 Reielriauam
1081 2423 1301 2491 coniecturam
1325 2447 1396 2489 συν-

211 2529 345 2611 ηγόρων,
370 2547 433 2615 qua
458 2529 508 2594 bis
532 2527 616 2596 idem
641 2527 792 2606 dicatur,
817 2528 894 2595 lerri
929 2549 1021 2616 posse
1045 2547 1147 2615 neque
1170 2529 1272 2595 multo
1295 2528 1396 2595 leniu-

211 2654 281 2700 rem
304 2633 343 2700 Η.
368 2632 480 2700 Wollii
504 2633 700 2716 κατηγόρων,
723 2653 787 2721 qua
812 2634 976 2701 tribuatur
1002 2633 1154 2700 vocabulo
1178 2632 1285 2715 ἔρημος
1309 2634 1397 2700 notio

211 2757 310 2825 quam
340 2758 516 2825 numquam
553 2737 721 2816 babuerit,
756 2737 916 2823 siquidem
941 2758 1035 2805 nemo
1059 2738 1188 2805 dicatur
1210 2738 1318 2818 ίρηροοι
1342 2757 1397 2805 ea-

211 2863 285 2909 rum
318 2862 450 2922 rerum,
482 2841 600 2929 quibus
631 2848 741 2908 eareat
772 2841 930 2921 libenter,
960 2840 1038 2908 lerri
1073 2840 1136 2908 ullo
1167 2841 1260 2909 modo
1284 2861 1395 2929 posse,

212 2947 268 3015 sed
292 2946 440 3014 codicum
463 2948 608 3013 omnium
632 2948 829 3034 scripturam
853 2953 1029 3029 κατηγορῶν
1054 2945 1171 3014 babere
1194 2949 1397 3028 rectissime,

212 3052 308 3119 modu
330 3051 437 3119 locum
460 3052 508 3118 sio
531 3053 820 3139 iuterpuugamus:
847 3052 959 3127 πείσας
976 3051 1028 3117 τόν
1045 3051 1277 3134 πρυτανεύοντα
1297 3054 1398 3120 δοῦναι

212 3160 268 3235 etp
290 3162 397 3239 ψῆφον
420 3156 508 3237 παρόν
531 3155 655 3231 πόντοιο
681 3159 752 3233 τοὺς
776 3154 901 3238 νόμους,
924 3158 1157 3240 κλητῆρα.οόδ’
1180 3158 1309 3224 ὁντινοῦν
1331 3159 1401 3225 lert·

211 3262 416 3343 γραφόμενοι
439 3268 633 3343 κατηγορῶν,
657 3261 765 3345 ἔρημον
786 3262 903 3337 οὐδενός
921 3262 1069 3346 παρόντος
1088 3261 1241 3343 όνβοόλλει
1260 3262 1312 3329 καί
1334 3266 1401 3331 ότι·

211 3373 269 3445 μοί
287 3366 340 3432 τὸν
362 3366 531 3444 διαιτητήν.
568 3366 620 3432 lta
640 3367 793 3434 vocabulo
813 3376 990 3451 κατηγορῶν
1007 3367 1153 3435 absolute
1173 3368 1276 3455 posito
1296 3369 1402 3436 verbis

212 3476 599 3553 κλητῆρα-κατηγορῶν
622 3470 707 3539 idem
729 3472 853 3540 dietum
874 3474 956 3550 erit,
981 3473 1067 3560 quod
1093 3472 1192 3540 scribi
1215 3476 1263 3539 etc
1287 3473 1401 3560 possit:

215 3577 299 3653 δίκην
321 3578 419 3643 είσιὲνν
440 3577 653 3660 ἀπρόσκλητον
677 3576 732 3664 (cl.
758 3584 775 3663 §
800 3578 877 3665 92),
901 3588 933 3645 et
952 3576 1079 3661 ἔρημον,
1105 3576 1304 3663 iungendum
1325 3596 1401 3645 cum

212 3680 310 3749 verbo
342 3682 512 3761 ἐκβάλλειν
541 3691 574 3748 et
603 3680 805 3749 substantivo
836 3682 1017 3760 διαιτητήν,
1041 3684 1261 3748 necessarium
1285 3700 1402 3769 epexe-

211 3805 308 3872 gema
326 3785 455 3854 babebit
477 3785 629 3853 voeabula
648 3787 763 3860 οὐδενός
783 3788 950 3870 παρόντος,
976 3806 1058 3874 quae
1079 3786 1198 3852 iniuria
1218 3785 1402 3854 sollicitavit

214 3890 382 3979 Taylurus.
418 3890 521 3972 Quod
532 3899 641 3959 autern
664 3891 829 3959 contendit
852 3890 1060 3978 Spaldingius
1081 3889 1203 3958 diserte
1221 3909 1402 3960 memorau-

214 3994 292 4062 dum
324 3994 425 4062 luisse
455 3997 600 4075 crimen,
633 3997 728 4063 cuius
759 4016 851 4062 reum
885 3995 1068 4061 Stratonem
1104 3997 1209 4080 capite
1240 3997 1406 4064 minueret

213 4099 348 4179 blidias,
379 4121 492 4168 verum
524 4121 587 4167 nun
616 4110 685 4179 est,
709 4100 986 4188 nequecrimiuis
1010 4100 1170 4166 rationem
1195 4098 1402 4194 Spaldingius

214 4203 385 4272 intellexit.
424 4206 587 4275 intellexit
617 4208 856 4285 Buttmaunus,
887 4225 983 4293 quem
1018 4204 1091 4272 virle
1135 4205 1270 4273 texens.
1306 4207 1401 4287 Xlil,

214 4334 246 4401 p.
273 4314 350 4379 160.

260 4414 413 4494 Quamvis
444 4436 506 4484 non
542 4437 643 4505 aeque
674 4416 777 4495 loelli,
810 4416 872 4485 leui
908 4425 1013 4487 tanuen
1050 4418 1174 4485 ratione
1200 4416 1286 4486 salus
1311 4417 1402 4487 reddi
