3330 5012
645 370 674 413 in
704 371 902 417 nreiooonuu.
1303 359 1367 421 345

178 532 343 622 carpenel
370 536 551 603 inconsulto
573 536 729 624 ahjeotam
752 557 825 603 esso
849 538 897 603 vel
922 556 1089 624 perperam
1113 558 1183 604 esse
1209 538 1365 606 additam.

175 639 271 707 Nunc
304 641 384 708 satis
418 649 467 707 est
503 639 647 709 iudicare
682 661 784 707 unum
819 644 853 707 iu
890 642 1061 709 Heliodoro
1096 641 1202 709 locum
1235 643 1366 711 obvium

176 765 208 832 ρ.
220 748 300 815 305.
326 751 379 813 io.
425 745 543 812 llarrat
567 745 610 812 ihi
635 746 801 813 Nausiolos
825 746 984 832 quomodo
1006 746 1205 814 Charicleaor
1230 746 1367 815 inrede-

177 850 239 924 rit'.
262 849 357 917 ouius
385 868 523 936 ,prorsus
556 851 754 936 singularem
787 850 1059 938 pulchritudinem
1094 851 1238 931 extollit,
1268 852 1368 920 simul

176 954 343 1022 affirmans
372 957 511 1022 amicam
546 954 707 1041 quondam
739 975 831 1023 suam
866 955 1005 1022 Thisben
1039 976 1101 1022 non
1132 956 1265 1042 dignam
1295 977 1368 1025 osse

176 1079 260 1146 quur
283 1079 359 1127 eum
384 1059 551 1128 chariclea
574 1071 800 1147 comparetur,
832 1070 958 1127 tantum
984 1063 1069 1128 eninr
1094 1081 1164 1129 esse
1186 1060 1365 1131 discrimen

177 1166 245 1232 ίεου
265 1164 307 1231 άν
333 1186 364 1232 τι
393 1168 510 1246 γίνοιτο
540 1167 607 1232 θεοῦ
637 1168 710 1248 πρὸς
742 1164 903 1249 άιίροιπον.
952 1164 1087 1238 Ούτοος
1118 1168 1183 1233 ούκ
1211 1163 1288 1233 είυαι
1311 1172 1367 1234 τοῦ

177 1268 313 1343 κάλλους
336 1270 520 1352 ὑπερβολήν.
567 1270 656 1351 Quae
678 1274 721 1346 είς
746 1271 919 1352 ὑπερβολὴν
944 1268 1078 1357 pulchra
1102 1279 1151 1338 ost
1171 1279 1204 1337 et
1222 1272 1368 1351 οὐδεμίαι

129 1364 132 1370 ’
177 1376 349 1456 ύπερβολίιι
380 1373 514 1455 κάλλους
550 1375 759 1451 καταλείπει,
795 1376 865 1461 ipsa
899 1384 949 1440 ost
979 1374 1115 1449 κάλλους
1147 1377 1304 1458 ὑπερβολὴ
1335 1388 1369 1445 et

179 1486 267 1546 rocta
289 1479 410 1555 llraeoe
429 1481 477 1546 sio
498 1481 530 1546 ni
553 1479 646 1547 lallor
669 1478 806 1546 dicetur.
854 1477 1021 1546 Chariclea
1042 1481 1110 1566 ipsa
1133 1477 1219 1562 είχεο
1239 1482 1369 1565 ὑπερβο-

178 1588 236 1662 nlo
258 1585 393 1658 κάλλους
424 1586 533 1673 itaque
565 1603 679 1672 parum
712 1592 762 1651 est
793 1603 894 1670 quum
926 1582 1094 1651 Nausiclcs
1116 1584 1196 1652 dicit
1218 1589 1271 1652 ούκ
1291 1583 1368 1654 εἶναι

178 1689 391 1764 reinduatur
424 1692 617 1773 ὑπερβολήν,
652 1708 726 1756 nam
751 1687 837 1755 illam
863 1690 964 1775 ipsam
990 1689 1163 1770 ὑπερβολὴν
1187 1690 1313 1757 viderat
1335 1700 1370 1759 et
1425 1688 1427 1697 “

178 1793 266 1861 dorni
289 1814 367 1862 suae
389 1794 530 1863 tenebat.
578 1794 663 1876 Quid
685 1794 786 1880 igitur
809 1793 941 1880 scripsit
962 1792 1173 1861 Heliodorusl
1206 1795 1368 1862 Nimirum

179 1900 243 1966 uio:
263 1904 417 1973 Ὄυτυς
438 1897 517 1967 eluar
540 1904 594 1968 τοῦ
618 1898 753 1973 κάλλους
779 1899 972 1980 ὑπερβολήν,
1005 1917 1080 1967 nam
1103 1897 1194 1974 ίυτυς
1218 1908 1251 1967 et
1275 1898 1369 1974 ούτιις

178 2004 293 2072 crabro
312 2004 561 2092 permiscentur.
597 2007 703 2091 Atque
718 2003 777 2070 hoc
797 2003 926 2089 quidem
945 2023 1042 2070 sensu
1064 2005 1219 2087 ὑπερβολὴ
1235 2005 1370 2073 tortasse

179 2128 260 2176 nore
287 2110 413 2177 dietum
444 2118 511 2177 est:
547 2109 676 2195 saepius
706 2108 742 2173 τὸ
772 2108 869 2190 πίρας
892 2108 940 2174 sio
964 2107 1096 2176 dieitur.
1144 2110 1224 2177 Vide
1246 2110 1286 2177 de
1309 2110 1370 2178 hoe

180 2215 335 2282 vocabulo
366 2223 553 2282 accuratam
578 2214 830 2301 disputationem
852 2212 960 2280 Coheti
992 2215 1024 2278 in
1049 2214 1274 2304 Mnemosynen
1297 2214 1369 2282 Vol.

180 2319 237 2389 lv.
263 2341 293 2409 p.
319 2326 396 2389 uto.
443 2318 534 2400 Quod
559 2319 762 2385 Damoxenus
786 2318 870 2384 dixit
891 2317 978 2404 apud
1001 2318 1202 2387 Athenaeum
1227 2321 1254 2388 l.
1282 2326 1343 2387 15:

402 2423 498 2507 πέρας
522 2424 568 2495 ἐς)
591 2423 745 2498 κάλλους,
769 2422 894 2504 ἄνδρες,
917 2423 981 2489 οὔτ’
1004 2425 1125 2500 άκιίκοα

402 2529 569 2610 torporem
590 2529 652 2596 τύδ’
677 2530 789 2610 ἓίρακα
812 2529 956 2603 τοιαύτην
977 2527 1102 2611 zaim..

181 2633 266 2703 idom
283 2633 351 2702 lore
365 2632 446 2701 dicit
462 2634 628 2701 Nausicles
647 2654 794 2719 quoque,
808 2633 863 2700 sed
877 2632 1076 2699 Charicleam
1098 2633 1269 2713 ὑπερβολὴν
1292 2633 1373 2700 κάλ-

180 2756 252 2814 λους
279 2748 391 2816 ruout,
416 2758 478 2806 uon
507 2740 615 2821 πέρας.
661 2737 780 2805 Eodem
814 2737 908 2803 modo
930 2737 967 2803 τά
987 2744 1103 2818 πρῶτον
1125 2736 1248 2803 dicitur
1271 2744 1303 2802 el
1326 2739 1372 2803 τά

180 2849 288 2926 πρῶτα
309 2853 343 2911 ul
360 2842 446 2931 apud
468 2843 714 2930 Aristophanem
734 2844 823 2913 κάςίυ
843 2843 886 2908 τά
905 2849 1012 2924 πρῶτα
1030 2851 1086 2918 τῆς
1108 2845 1174 2908 ἐκεῖ
1187 2842 1370 2922 μοχθηρίας.

181 2948 295 3035 ltaque
318 2947 493 3016 Callirrhoe
515 2968 577 3014 non
605 2946 666 3015 luit
688 2947 840 3019 κάλλος
864 2950 899 3015 τί
923 2952 1058 3028 πρῶτον,
1086 2947 1183 3014 sicuti
1209 2946 1301 3013 hodie
1324 2947 1381 3031 leq

181 3054 271 3141 gitur
293 3053 379 3140 opud
403 3050 610 3121 Charitonoor
636 3072 667 3139 p.
693 3058 769 3120 107.
799 3057 841 3119 tu
860 3052 915 3120 scd
940 3052 1076 3125 κάλλους
1095 3053 1130 3119 τί
1151 3058 1277 3134 πρῶτον.
1308 3052 1371 3118 Εε-

181 3167 292 3226 ntum
323 3178 451 3246 quoquo
481 3166 532 3225 est
561 3156 646 3244 apud
679 3159 918 3225 Aristaenetum
950 3178 979 3244 p.
1007 3163 1069 3224 155
1102 3157 1196 3239 πέρας
1227 3149 1257 3223 ἓν
1280 3157 1373 3237 plion

182 3264 250 3342 ίμοί
273 3265 422 3330 τούτου
445 3262 546 3339 δοκεῖ,
572 3282 646 3328 nam
669 3268 784 3332 τοῦτο
805 3265 996 3350 requiritur.
1033 3263 1167 3330 Gravior
1186 3282 1278 3331 error
1292 3262 1371 3330 latet

181 3368 217 3434 in
239 3368 406 3455 Euripidis
430 3368 559 3435 lleracl.
584 3373 730 3435 vs.853:

478 3473 581 3540 κλύειο
604 3475 639 3549 δίς
662 3475 821 3552 ίαύρατος
849 3475 998 3557 πάρεςί
1021 3497 1091 3540 τοι.

183 3577 288 3646 Nimis
318 3578 473 3665 languent
501 3579 564 3645 ista
598 3588 632 3646 et
667 3580 840 3667 pristinum
872 3570 1015 3647 nitorem
1051 3579 1291 3666 recuperabunt
1324 3579 1375 3647 sie

185 3685 319 3771 scripta:
671 3702 674 3707 ·

455 3787 559 3855 κλύειν
581 3788 617 3864 tn
641 3790 801 3868 θαύματος
822 3789 946 3870 πέρας
969 3790 1077 3856 τάδε.

189 3940 192 3949 ο
227 3893 334 3960 Ninus
357 3900 444 3961 ruste
463 3893 621 3960 scribitur
639 3914 672 3979 p.
686 3900 764 3962 304.
786 3902 825 3961 15
850 3896 948 3969 τυοείς
966 3895 1094 3967 ἐκείνους
1113 3890 1190 3961 εἶναι
1210 3892 1375 3967 τούτους

183 4000 250 4081 περί
271 3997 313 4065 <io
344 3999 492 4065 διείλεκτο
515 4001 530 4065 i
560 3998 749 4080 πρεσβύτης.
796 3997 1009 4065 Sorihendum
1034 3998 1094 4065 hoc
1123 3997 1237 4065 luisset
1260 3999 1378 4084 utique

183 4105 273 4177 τοὺς
297 4104 363 4185 περί
387 4100 445 4183 ὧν,
469 4102 610 4170 sednon
634 4101 862 4171 affirmaverim
888 4102 1059 4170 Heliodoro
1080 4123 1152 4170 eam
1177 4103 1374 4169 locutionem

183 4211 345 4295 cognitam
378 4208 478 4276 luisse
509 4218 541 4275 et
575 4216 718 4296 praestat
749 4208 886 4275 sortasse
916 4207 1080 4294 vulgatam
1114 4209 1283 4277 lectionem
1307 4227 1375 4274 non

184 4333 324 4382 movere.
371 4314 499 4382 Curtius
531 4322 581 4380 est
612 4314 690 4381 lerri
723 4335 786 4381 non
817 4314 931 4380 dehere
964 4315 995 4379 in
1025 4314 1239 4401 descriptione
1260 4311 1375 4380 annuli

185 4424 305 4504 pituli.
323 4423 363 4486 19
386 4419 516 4501 polycles
539 4420 596 4500 μὲν
618 4417 685 4489 ὅπου
709 4420 801 4501 lupen
819 4419 995 4505 παρίειικὸυ
1013 4419 1220 4504 περιγράφει·
1243 4438 1379 4507 prorsus·
